{"neow_bonuses_skipped_log":["RANDOM_COLORLESS","RANDOM_COMMON_RELIC","BOSS_RELIC"],"potions_obtained_entropic_brew":[[],[],[],[],[],[],[],[],[],[],[],[],[],[],[],[],[],[],[],[],[],[],[],[],[],[],[],[],[],[],[],[],[],[],[],[],[],[],[],[],[],[],[],[],[],[],[],[],[],[],[],[],[],[],[],[],[]],"neow_costs_skipped_log":["NONE","NONE","NONE"],"gold_per_floor":[16,31,48,48,48,73,73,44,44,44,63,97,97,123,123,200,200,210,210,210,210,226,258,275,308,334,364,364,383,403,433,433,509,509,523,540,540,219,219,251,269,296,322,322,349,349,374,385,385,385,385,385,385,112,141,141],"floor_reached":57,"playtime":4495,"items_purged":["Strike_G+1","Strike_G+1"],"score":3782,"play_id":"2bfc3078-d211-4823-812f-46f8b15e709b","local_time":"20230105172236","falling_options_log":["Terror+1","Tools of the Trade+1"],"score_breakdown":["Floors Climbed (57): 285","Enemies Slain (13): 26","Exordium Elites Killed (3): 30","City Elites Killed (4): 80","Beyond Elites Killed (4): 120","Bosses Slain (5): 750","Librarian: 25","Well Fed: 25","Champion (9): 225","Beyond Perfect: 200","C-c-c-combo: 25","Ascension (20): 1741","Heartbreaker: 250"],"is_ascension_mode":true,"potions_obtained_alchemize":[[],[],[],[],[],[],[],[],[],[],[],[],[],[],[],[],[],[],[],[],[],[],[],[],[],[],[],[],[],[],[],[],[],[],[],[],[],[],[],[],[],[],[],[],[],[],[],[],[],[],[],[],[],[],[],[],[]],"campfire_choices":[{"data":"Poisoned Stab","floor":7,"key":"SMITH"},{"data":"Underhanded Strike","floor":10,"key":"SMITH"},{"data":"Doppelganger","floor":13,"key":"SMITH"},{"data":"Dagger Throw","floor":15,"key":"SMITH"},{"floor":28,"key":"REST"},{"floor":32,"key":"REST"},{"floor":49,"key":"RECALL"},{"floor":53,"key":"REST"}],"lesson_learned_per_floor":[[],[],[],[],[],[],[],[],[],[],[],[],[],[],[],[],[],[],[],[],[],[],[],[],[],[],[],[],[],[],[],[],[],[],[],[],[],[],[],[],[],[],[],[],[],[],[],[],[],[],[],[],[],[],[],[],[]],"neow_cost":"NO_GOLD","improvable_cards":{},"seed_source_timestamp":589531382226694982,"shop_contents":[{"floor":8,"relics":["Akabeko","Toxic Egg 2","DollysMirror"],"cards":["Sucker Punch","Night Terror","Crippling Poison","Well Laid Plans","Finesse","Metamorphosis"],"potions":["CultistPotion","Weak Potion","ColorlessPotion"]},{"floor":38,"relics":["Ninja Scroll","Bottled Tornado"],"cards":["Bane","Poisoned Stab","Deadly Poison","Cloak And Dagger","Noxious Fumes","Bandage Up","Master of Strategy"],"potions":["SteroidPotion","Strength Potion"]},{"floor":54,"relics":["Sundial","White Beast Statue","Medical Kit"],"cards":["Backstab","Heel Hook","Deadly Poison","Terror","Discovery","HandOfGreed"],"potions":["DuplicationPotion","Poison Potion","DuplicationPotion"]}],"circlet_count":0,"master_deck":["AscendersBane","Defend_G+1","Defend_G+1","Defend_G+1","Defend_G+1","Survivor+1","Neutralize+1","Terror+1","Underhanded Strike+1","Poisoned Stab+1","Backflip+1","Dagger Throw+1","Doppelganger+1","Tools of the Trade+1","Calculated Gamble+1","Necronomicurse","Acrobatics+1","Blur+1","Tactician+1","Backflip+1","Backflip+1","Predator+1","Outmaneuver+1","Acrobatics+1","Prepared+1","Underhanded Strike+1","Wraith Form v2+1","Sucker Punch+1","Catalyst+1","Footwork+1","Deflect+1","Reflex","PiercingWail","PiercingWail+1","Wraith Form v2","Acrobatics+1"],"potion_use_per_floor":[[],[],[],[],[],["BlessingOfTheForge"],[],[],[],[],[],["Regen Potion"],[],[],[],["DuplicationPotion"],[],[],[],[],[],[],["Fire Potion"],[],[],[],[],[],["Block Potion"],[],[],[],["PowerPotion"],[],[],[],[],[],[],[],[],[],[],[],[],[],[],[],[],[],[],[],[],[],[],["Ancient Potion","GamblersBrew","DuplicationPotion"],[]],"relics":["Ring of the Snake","Oddly Smooth Stone","Mercury Hourglass","Incense Burner","Gremlin Horn","Fusion Hammer","Necronomicon","Pen Nib","Blue Candle","PreservedInsect","StrikeDummy","Nunchaku","SlaversCollar","Mark of the Bloom","Chemical X","Darkstone Periapt","Pear","Potion Belt","Anchor","Du-Vu Doll"],"potions_floor_usage":[6,12,16,23,29,33,56,56,56],"damage_taken":[{"damage":4,"enemies":"Small Slimes","floor":1,"turns":4},{"damage":2,"enemies":"Jaw Worm","floor":2,"turns":7},{"damage":0,"enemies":"2 Louse","floor":3,"turns":3},{"damage":20,"enemies":"3 Sentries","floor":6,"turns":9},{"damage":0,"enemies":"Large Slime","floor":11,"turns":3},{"damage":7,"enemies":"Lagavulin","floor":12,"turns":6},{"damage":0,"enemies":"Gremlin Nob","floor":14,"turns":3},{"damage":15,"enemies":"Hexaghost","floor":16,"turns":7},{"damage":0,"enemies":"3 Byrds","floor":18,"turns":6},{"damage":0,"enemies":"Chosen","floor":22,"turns":4},{"damage":0,"enemies":"Gremlin Leader","floor":23,"turns":7},{"damage":15,"enemies":"Snake Plant","floor":24,"turns":3},{"damage":0,"enemies":"Book of Stabbing","floor":25,"turns":4},{"damage":0,"enemies":"Gremlin Leader","floor":27,"turns":7},{"damage":0,"enemies":"3 Cultists","floor":29,"turns":5},{"damage":0,"enemies":"Chosen and Byrds","floor":30,"turns":5},{"damage":0,"enemies":"Slavers","floor":31,"turns":2},{"damage":0,"enemies":"Champ","floor":33,"turns":6},{"damage":0,"enemies":"Orb Walker","floor":35,"turns":5},{"damage":0,"enemies":"3 Shapes","floor":36,"turns":1},{"damage":0,"enemies":"Reptomancer","floor":40,"turns":6},{"damage":0,"enemies":"Writhing Mass","floor":41,"turns":5},{"damage":0,"enemies":"Nemesis","floor":42,"turns":1},{"damage":0,"enemies":"Giant Head","floor":45,"turns":5},{"damage":0,"enemies":"Nemesis","floor":47,"turns":7},{"damage":0,"enemies":"Maw","floor":48,"turns":5},{"damage":0,"enemies":"Time Eater","floor":50,"turns":12},{"damage":0,"enemies":"Awakened One","floor":51,"turns":6},{"damage":6,"enemies":"Shield and Spear","floor":55,"turns":6},{"damage":3,"enemies":"The Heart","floor":56,"turns":6}],"green_key_taken_log":14,"seed_played":"5103023852986219944","neow_bonus_log":{"cardsObtained":[],"cardsUpgraded":[],"cardsRemoved":[],"cardsTransformed":[],"relicsObtained":[],"maxHpGained":12,"goldGained":0,"damageTaken":0,"goldLost":99,"maxHpLost":0},"potions_obtained":[{"floor":1,"key":"BlessingOfTheForge"},{"floor":6,"key":"DuplicationPotion"},{"floor":11,"key":"Regen Potion"},{"floor":12,"key":"Fire Potion"},{"floor":22,"key":"PowerPotion"},{"floor":24,"key":"Block Potion"},{"floor":30,"key":"SpeedPotion"},{"floor":31,"key":"GhostInAJar"},{"floor":33,"key":"FairyPotion"},{"floor":45,"key":"SkillPotion"},{"floor":46,"key":"Ancient Potion"},{"floor":48,"key":"DuplicationPotion"}],"is_trial":false,"path_per_floor":["M","M","M","?","?","E","R","$","T","R","M","E","R","E","R","B",null,"M","?","?","?","M","E","M","E","T","E","R","M","M","E","R","B",null,"M","M","?","$","?","E","M","E","T","?","E","?","E","M","R","B","B",null,"R","$","E","B",null],"character_chosen":"THE_SILENT","items_purchased":["Dagger Throw","Chemical X","GamblersBrew","Wraith Form v2"],"campfire_rested":3,"item_purchase_floors":[8,38,38,54],"current_hp_per_floor":[67,65,65,58,58,38,38,38,38,38,38,46,46,46,46,31,66,66,45,45,45,45,45,30,30,30,30,53,53,53,53,76,76,78,78,78,78,78,78,78,78,78,78,78,78,78,78,78,78,78,78,78,78,78,72,69],"gold":141,"neow_bonus":"TWENTY_PERCENT_HP_BONUS","is_prod":false,"is_daily":false,"rewards_skipped":[{"floor":27,"relics":[],"potions":["Energy Potion"]},{"floor":35,"relics":[],"potions":["Fire Potion"]},{"floor":42,"relics":[],"potions":["BlessingOfTheForge"]},{"floor":46,"relics":[],"potions":["Fire Potion"]}],"chose_seed":false,"campfire_upgraded":4,"win_rate":0,"floor_exit_playtime":[74,126,165,173,209,292,336,347,350,364,409,481,488,557,564,661,704,801,813,866,871,929,1084,1132,1234,1242,1426,1431,1514,1605,1701,1720,2068,2097,2201,2272,2299,2385,2428,2591,2766,2810,2813,2819,2919,2923,3112,3233,3242,3558,3813,3825,3828,3945,4175,4495],"timestamp":1672957356,"blue_key_relic_skipped_log":{"floor":43,"relicID":"Dream Catcher"},"path_taken":["M","M","M","?","?","E","R","$","T","R","M","E","R","E","R","BOSS","M","?","?","?","M","E","M","E","T","E","R","M","M","E","R","BOSS","M","M","?","$","?","E","M","E","T","?","E","?","E","M","R","BOSS","BOSS","R","$","E","BOSS"],"build_version":"2022-12-18","purchased_purges":2,"victory":true,"max_hp_per_floor":[78,78,78,78,78,78,78,78,78,78,78,78,78,78,78,78,78,78,78,78,78,78,78,78,78,78,78,78,78,78,78,78,78,78,78,78,78,78,78,78,78,88,88,88,88,88,88,88,88,88,88,88,88,88,88,88],"relic_stats":{"Darkstone Periapt":0,"Mark of the Bloom":44,"Gremlin Horn":[31,31],"counters":[30,151],"Blue Candle":[0],"Pen Nib":[29],"PreservedInsect":458,"Mercury Hourglass":[472],"Nunchaku":[23],"Necronomicon":[61],"Chemical X":[10],"obtain_stats":[{"Darkstone Periapt":40,"Potion Belt":45,"Mark of the Bloom":37,"Pear":42,"Gremlin Horn":14,"Blue Candle":25,"Oddly Smooth Stone":6,"Pen Nib":23,"PreservedInsect":26,"Incense Burner":12,"Mercury Hourglass":9,"Du-Vu Doll":55,"SlaversCollar":34,"Nunchaku":31,"Anchor":47,"Fusion Hammer":17,"Necronomicon":19,"Chemical X":38,"StrikeDummy":27,"Ring of the Snake":0},{"Darkstone Periapt":21,"Potion Belt":24,"Mark of the Bloom":20,"Pear":23,"Gremlin Horn":7,"Blue Candle":13,"Oddly Smooth Stone":4,"Pen Nib":11,"PreservedInsect":13,"Incense Burner":6,"Mercury Hourglass":4,"Du-Vu Doll":29,"SlaversCollar":18,"Nunchaku":17,"Anchor":25,"Fusion Hammer":8,"Necronomicon":9,"Chemical X":20,"StrikeDummy":14,"Ring of the Snake":0},{"Darkstone Periapt":98,"Potion Belt":109,"Mark of the Bloom":92,"Pear":104,"Gremlin Horn":35,"Blue Candle":63,"Oddly Smooth Stone":23,"Pen Nib":58,"PreservedInsect":63,"Incense Burner":32,"Mercury Hourglass":23,"Du-Vu Doll":145,"SlaversCollar":86,"Nunchaku":80,"Anchor":116,"Fusion Hammer":42,"Necronomicon":47,"Chemical X":92,"StrikeDummy":69,"Ring of the Snake":0}],"Ring of the Snake":[60]},"card_choices":[{"not_picked":["Bane","Dagger Throw"],"picked":"Terror","floor":1},{"not_picked":["Outmaneuver","Bouncing Flask"],"picked":"Underhanded Strike","floor":2},{"not_picked":["Choke","Deflect"],"picked":"Poisoned Stab","floor":3},{"not_picked":["Outmaneuver","Dodge and Roll"],"picked":"Backflip","floor":6},{"not_picked":["Escape Plan","Dagger Spray"],"picked":"Doppelganger","floor":11},{"not_picked":["Quick Slash","Outmaneuver","Underhanded Strike"],"picked":"SKIP","floor":12},{"not_picked":["Bouncing Flask","Bane","Dagger Throw"],"picked":"SKIP","floor":14},{"not_picked":["Corpse Explosion","Night Terror"],"picked":"Tools of the Trade","floor":16},{"not_picked":["Poisoned Stab","Prepared"],"picked":"Calculated Gamble","floor":18},{"not_picked":["Bouncing Flask","Escape Plan"],"picked":"Tactician","floor":22},{"not_picked":["Deadly Poison","Masterful Stab"],"picked":"Backflip","floor":23},{"not_picked":["Poisoned Stab","Flying Knee"],"picked":"Backflip","floor":24},{"not_picked":["Deflect","Unload"],"picked":"Predator","floor":25},{"not_picked":["Dagger Throw","Bullet Time"],"picked":"Outmaneuver","floor":27},{"not_picked":["Sucker Punch","Skewer"],"picked":"Acrobatics","floor":29},{"not_picked":["Infinite Blades","Dagger Throw"],"picked":"Prepared+1","floor":30},{"not_picked":["Backflip","Poisoned Stab"],"picked":"Underhanded Strike","floor":31},{"not_picked":["Night Terror","Tools of the Trade"],"picked":"Wraith Form v2","floor":33},{"not_picked":["Crippling Poison","Blade Dance"],"picked":"Sucker Punch+1","floor":35},{"not_picked":["Dagger Throw","Concentrate"],"picked":"Catalyst+1","floor":36},{"not_picked":["Impatience","Deep Breath","Trip"],"picked":"SKIP","floor":39},{"not_picked":["Masterful Stab","Outmaneuver"],"picked":"Footwork+1","floor":40},{"not_picked":["Masterful Stab+1","Catalyst"],"picked":"Deflect+1","floor":41},{"not_picked":["Infinite Blades","Quick Slash","Poisoned Stab"],"picked":"SKIP","floor":42},{"not_picked":["Flechettes","Blur"],"picked":"Reflex","floor":45},{"not_picked":["Deadly Poison","Escape Plan+1"],"picked":"PiercingWail","floor":47},{"not_picked":["Dash","Distraction"],"picked":"PiercingWail+1","floor":48},{"not_picked":["Deflect","Venomology"],"picked":"Acrobatics+1","floor":55}],"player_experience":4929220,"relics_obtained":[{"floor":6,"key":"Oddly Smooth Stone"},{"floor":9,"key":"Mercury Hourglass"},{"floor":12,"key":"Incense Burner"},{"floor":14,"key":"Gremlin Horn"},{"floor":19,"key":"Necronomicon"},{"floor":23,"key":"Pen Nib"},{"floor":25,"key":"Blue Candle"},{"floor":26,"key":"PreservedInsect"},{"floor":27,"key":"StrikeDummy"},{"floor":31,"key":"Nunchaku"},{"floor":40,"key":"Darkstone Periapt"},{"floor":42,"key":"Pear"},{"floor":45,"key":"Potion Belt"},{"floor":47,"key":"Anchor"},{"floor":55,"key":"Du-Vu Doll"}],"event_choices":[{"cards_removed":["Defend_G"],"damage_healed":0,"gold_gain":0,"player_choice":"Card Removal","damage_taken":7,"max_hp_gain":0,"max_hp_loss":0,"event_name":"Golden Wing","floor":4,"gold_loss":0},{"damage_healed":0,"gold_gain":0,"player_choice":"Grow","damage_taken":0,"max_hp_gain":0,"max_hp_loss":0,"event_name":"Living Wall","floor":5,"gold_loss":0,"cards_upgraded":["Terror"]},{"damage_healed":0,"gold_gain":0,"player_choice":"Obtained Book","damage_taken":21,"max_hp_gain":0,"max_hp_loss":0,"event_name":"Cursed Tome","floor":19,"gold_loss":0},{"damage_healed":0,"gold_gain":0,"cards_transformed":["Strike_G","Strike_G"],"player_choice":"Became Test Subject","damage_taken":0,"max_hp_gain":0,"max_hp_loss":0,"event_name":"Drug Dealer","floor":20,"gold_loss":0,"cards_obtained":["Acrobatics","Blur"]},{"damage_healed":0,"gold_gain":0,"player_choice":"Ignored","damage_taken":0,"max_hp_gain":0,"max_hp_loss":0,"event_name":"Vampires","floor":21,"gold_loss":0},{"damage_healed":0,"gold_gain":0,"player_choice":"Upgrade","damage_taken":0,"relics_obtained":["Mark of the Bloom"],"max_hp_gain":0,"max_hp_loss":0,"event_name":"MindBloom","floor":37,"gold_loss":0,"cards_upgraded":["Strike_G","Strike_G","Strike_G","Defend_G","Defend_G","Defend_G","Defend_G","Survivor","Neutralize","Backflip","Tools of the Trade","Calculated Gamble","Acrobatics","Blur","Tactician","Backflip","Backflip","Predator","Outmaneuver","Acrobatics","Underhanded Strike","Wraith Form v2"]},{"damage_healed":0,"gold_gain":0,"player_choice":"Memory 1","damage_taken":0,"max_hp_gain":0,"max_hp_loss":0,"event_name":"SensoryStone","floor":39,"gold_loss":0},{"cards_removed":["Strike_G"],"damage_healed":0,"gold_gain":0,"player_choice":"Removed Attack","damage_taken":0,"max_hp_gain":0,"max_hp_loss":0,"event_name":"Falling","floor":44,"gold_loss":0},{"damage_healed":0,"gold_gain":0,"player_choice":"Got Potions","damage_taken":0,"max_hp_gain":0,"max_hp_loss":0,"event_name":"Lab","floor":46,"gold_loss":0}],"is_beta":false,"boss_relics":[{"not_picked":["Empty Cage","Runic Dome"],"picked":"Fusion Hammer"},{"not_picked":["Busted Crown","Philosopher\u0027s Stone"],"picked":"SlaversCollar"}],"items_purged_floors":[38,54],"is_endless":false,"potions_floor_spawned":[1,6,11,12,22,24,27,30,31,33,35,42,45,48],"ascension_level":20,"potion_discard_per_floor":[[],[],[],[],[],[],[],[],[],[],[],[],[],[],[],[],[],[],[],[],[],[],[],[],[],[],[],[],[],[],["SpeedPotion"],[],[],[],[],[],[],["FairyPotion"],[],[],[],[],[],[],[],[],[],["SkillPotion"],[],[],[],[],[],[],[],["GhostInAJar"],[]]}