{"neow_bonuses_skipped_log":["THREE_CARDS","HUNDRED_GOLD","BOSS_RELIC"],"potions_obtained_entropic_brew":[[],[],[],[],[],[],[],[],[],[],[],[],[],[],[],[],[],[],[],[],[],[],[],[],[],[],[],[],[],[],[],[],[],[],[],[],[],[],[],[],[],[],[],[],[],[],[],[],[],[],[],[],[],[],[],[],[]],"neow_costs_skipped_log":["NONE","NONE","NONE"],"gold_per_floor":[16,16,37,55,69,100,120,151,151,190,190,8,41,41,41,134,134,150,164,183,216,234,269,269,309,309,334,334,377,377,112,112,208,208,227,241,262,595,595,595,630,642,642,667,567,583,614,279,279,279,279,279,279,11,45,45],"floor_reached":57,"playtime":6516,"items_purged":["Dagger Spray","Strike_G+1"],"score":2960,"play_id":"41ff262b-16ee-42f5-a4d0-151a00824795","local_time":"20230105191717","score_breakdown":["Floors Climbed (57): 285","Enemies Slain (15): 30","Exordium Elites Killed (4): 40","City Elites Killed (3): 60","Beyond Elites Killed (3): 90","Bosses Slain (5): 750","Money Money (1195): 25","Librarian: 25","Champion (3): 75","Ascension (20): 1330","Heartbreaker: 250"],"is_ascension_mode":true,"potions_obtained_alchemize":[[],[],[],[],[],[],[],[],[],[],[],[],[],[],[],[],[],[],[],[],[],[],[],[],[],[],[],[],[],[],[],[],[],[],[],[],[],[],[],[],[],[],[],[],[],[],[],[],[],[],[],[],[],[],[],[],[]],"campfire_choices":[{"data":"Wraith Form v2","floor":11,"key":"SMITH"},{"data":"Bullet Time","floor":15,"key":"SMITH"},{"data":"Well Laid Plans","floor":24,"key":"SMITH"},{"data":"Calculated Gamble","floor":30,"key":"SMITH"},{"data":"Leg Sweep","floor":32,"key":"SMITH"},{"floor":40,"key":"RECALL"}],"lesson_learned_per_floor":[[],[],[],[],[],[],[],[],[],[],[],[],[],[],[],[],[],[],[],[],[],[],[],[],[],[],[],[],[],[],[],[],[],[],[],[],[],[],[],[],[],[],[],[],[],[],[],[],[],[],[],[],[],[],[],[],[]],"neow_cost":"NO_GOLD","improvable_cards":{},"seed_source_timestamp":5715516081643902828,"shop_contents":[{"floor":12,"relics":["Letter Opener","Pantograph","PrismaticShard"],"cards":["Flying Knee","Slice","PiercingWail","Mind Blast","Magnetism"],"potions":["SneckoOil","FearPotion"]},{"floor":31,"relics":["Art of War","Matryoshka"],"cards":["Die Die Die","Sucker Punch","Catalyst","Noxious Fumes","Panacea","Metamorphosis"],"potions":["Block Potion","Energy Potion","BlessingOfTheForge"]},{"floor":45,"relics":["Orichalcum","Omamori","HandDrill"],"cards":["Bane","Flying Knee","Prepared","Blade Dance","Envenom","Forethought","Thinking Ahead"],"potions":["AttackPotion","Dexterity Potion","Ancient Potion"]},{"floor":48,"relics":["Mercury Hourglass"],"cards":["Flying Knee","Slice","Crippling Poison","Deflect","Footwork","Swift Strike","HandOfGreed"],"potions":["Explosive Potion","SteroidPotion","SteroidPotion"]},{"floor":54,"relics":["Turnip","Orrery"],"cards":["Flying Knee","Riddle With Holes","Blade Dance","Deadly Poison","Infinite Blades","Bandage Up","Violence"],"potions":["Dexterity Potion","Energy Potion","SmokeBomb"]}],"circlet_count":0,"master_deck":["AscendersBane","Strike_G+1","Strike_G+1","Strike_G+1","Strike_G+1","Defend_G+1","Defend_G+1","Defend_G+1","Defend_G+1","Defend_G+1","Survivor","Neutralize","Dagger Spray","Sucker Punch","Backflip","Wraith Form v2+1","Bullet Time+1","Terror","Well Laid Plans+1","PiercingWail","Die Die Die","PiercingWail","Calculated Gamble+1","Expertise+1","Backstab","Blade Dance","PiercingWail","Grand Finale","Leg Sweep+1","Backflip","Backflip","Burst","Blade Dance","Well Laid Plans","Acrobatics+1","Blade Dance","Prepared+1","Escape Plan"],"potion_use_per_floor":[[],[],[],[],[],["DistilledChaos"],[],["ColorlessPotion"],[],["Strength Potion"],[],[],["Explosive Potion"],[],[],[],[],[],[],[],[],[],[],[],["SteroidPotion"],[],[],[],[],[],[],[],[],[],[],[],[],[],[],[],[],[],[],[],[],[],[],[],[],[],[],[],[],[],[],["Dexterity Potion"],[]],"relics":["Ring of the Snake","Singing Bowl","StrikeDummy","Meat on the Bone","HornCleat","Coffee Dripper","Red Mask","Lantern","Shuriken","Kunai","FossilizedHelix","TwistedFunnel","Fusion Hammer","Vajra","Torii","Strawberry","CaptainsWheel","OrangePellets","Centennial Puzzle","Bottled Tornado","Bronze Scales"],"potions_floor_usage":[6,8,10,13,25,56],"damage_taken":[{"damage":0,"enemies":"2 Louse","floor":1,"turns":4},{"damage":1,"enemies":"Small Slimes","floor":3,"turns":5},{"damage":6,"enemies":"Jaw Worm","floor":4,"turns":5},{"damage":0,"enemies":"2 Fungi Beasts","floor":5,"turns":3},{"damage":7,"enemies":"3 Sentries","floor":6,"turns":6},{"damage":13,"enemies":"Blue Slaver","floor":7,"turns":4},{"damage":7,"enemies":"Gremlin Nob","floor":8,"turns":4},{"damage":16,"enemies":"Lagavulin","floor":10,"turns":7},{"damage":16,"enemies":"3 Sentries","floor":13,"turns":8},{"damage":17,"enemies":"The Guardian","floor":16,"turns":15},{"damage":3,"enemies":"Shell Parasite","floor":18,"turns":6},{"damage":19,"enemies":"Spheric Guardian","floor":19,"turns":7},{"damage":25,"enemies":"Cultist and Chosen","floor":20,"turns":7},{"damage":12,"enemies":"Masked Bandits","floor":21,"turns":6},{"damage":10,"enemies":"Sentry and Sphere","floor":22,"turns":5},{"damage":8,"enemies":"Book of Stabbing","floor":23,"turns":8},{"damage":7,"enemies":"Slavers","floor":25,"turns":7},{"damage":0,"enemies":"Shelled Parasite and Fungi","floor":27,"turns":5},{"damage":2,"enemies":"Gremlin Leader","floor":29,"turns":5},{"damage":2,"enemies":"Champ","floor":33,"turns":21},{"damage":0,"enemies":"3 Darklings","floor":35,"turns":6},{"damage":0,"enemies":"3 Shapes","floor":36,"turns":2},{"damage":0,"enemies":"Jaw Worm Horde","floor":37,"turns":5},{"damage":0,"enemies":"Nemesis","floor":41,"turns":5},{"damage":0,"enemies":"3 Darklings","floor":42,"turns":4},{"damage":20,"enemies":"Reptomancer","floor":44,"turns":7},{"damage":0,"enemies":"Transient","floor":46,"turns":6},{"damage":0,"enemies":"Nemesis","floor":47,"turns":5},{"damage":1,"enemies":"Time Eater","floor":50,"turns":14},{"damage":1,"enemies":"Awakened One","floor":51,"turns":15},{"damage":0,"enemies":"Shield and Spear","floor":55,"turns":11},{"damage":19,"enemies":"The Heart","floor":56,"turns":10}],"green_key_taken_log":13,"seed_played":"2964902534565579379","neow_bonus_log":{"cardsObtained":[],"cardsUpgraded":[],"cardsRemoved":[],"cardsTransformed":[],"relicsObtained":[],"maxHpGained":12,"goldGained":0,"damageTaken":0,"goldLost":99,"maxHpLost":0},"potions_obtained":[{"floor":3,"key":"Strength Potion"},{"floor":5,"key":"DistilledChaos"},{"floor":6,"key":"ColorlessPotion"},{"floor":16,"key":"DistilledChaos"},{"floor":18,"key":"SteroidPotion"},{"floor":29,"key":"Strength Potion"},{"floor":33,"key":"Dexterity Potion"},{"floor":47,"key":"DistilledChaos"}],"is_trial":false,"path_per_floor":["M","?","M","M","M","E","M","E","T","E","R","$","E","?","R","B",null,"M","M","M","?","M","E","R","E","T","M","?","E","R","$","R","B",null,"M","M","M","?","?","R","E","M","T","E","$","M","E","$","R","B","B",null,"R","$","E","B",null],"character_chosen":"THE_SILENT","items_purchased":["Terror","Explosive Potion","Well Laid Plans","TwistedFunnel","Backflip","OrangePellets","Centennial Puzzle","Bottled Tornado"],"campfire_rested":0,"item_purchase_floors":[12,12,12,31,31,48,48,54],"current_hp_per_floor":[71,71,70,64,64,57,46,39,39,23,23,23,19,19,19,14,58,55,48,35,35,37,41,41,46,46,46,46,44,44,44,44,42,65,65,65,65,65,65,65,67,69,69,56,56,56,56,56,56,55,54,74,74,74,76,57],"gold":45,"neow_bonus":"TWENTY_PERCENT_HP_BONUS","is_prod":false,"is_daily":false,"rewards_skipped":[{"floor":7,"relics":[],"potions":["LiquidBronze"]},{"floor":20,"relics":[],"potions":["AttackPotion"]},{"floor":35,"relics":[],"potions":["Fire Potion"]},{"floor":36,"relics":[],"potions":["SneckoOil"]},{"floor":46,"relics":[],"potions":["Strength Potion"]},{"floor":55,"relics":[],"potions":["AttackPotion"]}],"chose_seed":false,"campfire_upgraded":5,"win_rate":0,"floor_exit_playtime":[187,194,236,290,347,451,503,560,570,661,674,690,819,823,892,1274,1315,1438,1625,1798,2004,2142,2390,2400,2608,2611,2732,2736,2805,2812,2940,2973,3569,3644,3789,3902,3998,4002,4012,4027,4139,4247,4250,4458,4500,4577,4687,4841,4846,5350,5747,5773,5775,5836,6195,6516],"timestamp":1672964237,"blue_key_relic_skipped_log":{"floor":9,"relicID":"Bottled Lightning"},"path_taken":["M","?","M","M","M","E","M","E","T","E","R","$","E","?","R","BOSS","M","M","M","?","M","E","R","E","T","M","?","E","R","$","R","BOSS","M","M","M","?","?","R","E","M","T","E","$","?","E","$","R","BOSS","BOSS","R","$","E","BOSS"],"build_version":"2022-12-18","purchased_purges":2,"victory":true,"max_hp_per_floor":[78,71,71,71,71,71,73,73,73,73,73,73,73,73,73,73,73,73,73,73,73,73,73,73,73,73,73,73,73,73,73,73,73,73,73,73,73,73,69,69,71,73,73,80,80,80,80,80,80,80,80,80,80,80,82,82],"relic_stats":{"Singing Bowl":8,"Torii":12,"counters":[32,228],"Bottled Tornado":"Well Laid Plans","OrangePellets":[7],"Centennial Puzzle":[9],"Shuriken":[85],"Bronze Scales":[144],"Kunai":[85],"obtain_stats":[{"TwistedFunnel":31,"Lantern":23,"Singing Bowl":6,"Torii":43,"Golden Idol":2,"Vajra":41,"Bottled Tornado":54,"OrangePellets":48,"CaptainsWheel":47,"Centennial Puzzle":48,"HornCleat":13,"Shuriken":25,"Strawberry":44,"Bronze Scales":55,"Fusion Hammer":34,"Coffee Dripper":17,"Red Mask":21,"Kunai":26,"StrikeDummy":8,"FossilizedHelix":29,"Ring of the Snake":0,"Meat on the Bone":10},{"TwistedFunnel":19,"Lantern":16,"Singing Bowl":5,"Torii":25,"Golden Idol":1,"Vajra":24,"Bottled Tornado":30,"OrangePellets":28,"CaptainsWheel":28,"Centennial Puzzle":28,"HornCleat":9,"Shuriken":17,"Strawberry":26,"Bronze Scales":31,"Fusion Hammer":20,"Coffee Dripper":10,"Red Mask":14,"Kunai":17,"StrikeDummy":7,"FossilizedHelix":19,"Ring of the Snake":0,"Meat on the Bone":8},{"TwistedFunnel":117,"Lantern":100,"Singing Bowl":23,"Torii":160,"Golden Idol":4,"Vajra":156,"Bottled Tornado":207,"OrangePellets":178,"CaptainsWheel":178,"Centennial Puzzle":178,"HornCleat":46,"Shuriken":107,"Strawberry":167,"Bronze Scales":218,"Fusion Hammer":138,"Coffee Dripper":61,"Red Mask":87,"Kunai":107,"StrikeDummy":31,"FossilizedHelix":117,"Ring of the Snake":0,"Meat on the Bone":38}],"FossilizedHelix":[138],"Ring of the Snake":[64],"Meat on the Bone":96},"card_choices":[{"not_picked":["Deflect","Bane","Accuracy"],"picked":"SKIP","floor":1},{"not_picked":["Underhanded Strike","Well Laid Plans"],"picked":"Dagger Spray","floor":3},{"not_picked":["Outmaneuver","Prepared"],"picked":"Dagger Spray","floor":4},{"not_picked":["Slice","Caltrops"],"picked":"Sucker Punch","floor":5},{"not_picked":["Accuracy","Caltrops"],"picked":"Backflip","floor":6},{"not_picked":["Deadly Poison","Quick Slash","Sucker Punch"],"picked":"Singing Bowl","floor":7},{"not_picked":["Backstab","Eviscerate"],"picked":"Wraith Form v2","floor":8},{"not_picked":["Burst","Deadly Poison"],"picked":"Bullet Time","floor":10},{"not_picked":["Dagger Throw","Well Laid Plans"],"picked":"PiercingWail","floor":13},{"not_picked":["Malaise","A Thousand Cuts"],"picked":"Die Die Die","floor":16},{"not_picked":["Skewer","Deadly Poison"],"picked":"PiercingWail","floor":18},{"not_picked":["Tactician","Terror+1"],"picked":"Calculated Gamble","floor":19},{"not_picked":["Outmaneuver","Flying Knee"],"picked":"Expertise+1","floor":20},{"not_picked":["Poisoned Stab","Catalyst"],"picked":"Backstab","floor":21},{"not_picked":["Flying Knee","Quick Slash"],"picked":"Blade Dance","floor":22},{"not_picked":["Sucker Punch","Reflex"],"picked":"PiercingWail","floor":23},{"not_picked":["Underhanded Strike","Flying Knee+1"],"picked":"Grand Finale","floor":25},{"not_picked":["Predator","Quick Slash"],"picked":"Leg Sweep","floor":27},{"not_picked":["Flying Knee","PiercingWail"],"picked":"Backflip","floor":29},{"not_picked":["Storm of Steel","Bullet Time"],"picked":"Burst","floor":33},{"not_picked":["Predator","Deadly Poison"],"picked":"Blade Dance","floor":35},{"not_picked":["Bane","Crippling Poison"],"picked":"Well Laid Plans","floor":36},{"not_picked":["PiercingWail+1","Outmaneuver+1"],"picked":"Acrobatics+1","floor":37},{"not_picked":["Sucker Punch","Underhanded Strike","Glass Knife"],"picked":"Singing Bowl","floor":41},{"not_picked":["Reflex","Underhanded Strike","Prepared"],"picked":"Singing Bowl","floor":42},{"not_picked":["Dagger Throw+1","Outmaneuver"],"picked":"Blade Dance","floor":44},{"not_picked":["Dash","Poisoned Stab+1"],"picked":"Prepared+1","floor":46},{"not_picked":["Dagger Throw","Noxious Fumes"],"picked":"Escape Plan","floor":47},{"not_picked":["Dagger Throw","Blade Dance","Deadly Poison"],"picked":"Singing Bowl","floor":55}],"player_experience":4933715,"relics_obtained":[{"floor":6,"key":"Singing Bowl"},{"floor":8,"key":"StrikeDummy"},{"floor":10,"key":"Meat on the Bone"},{"floor":13,"key":"HornCleat"},{"floor":21,"key":"Red Mask"},{"floor":23,"key":"Lantern"},{"floor":25,"key":"Shuriken"},{"floor":26,"key":"Kunai"},{"floor":29,"key":"FossilizedHelix"},{"floor":41,"key":"Vajra"},{"floor":43,"key":"Torii"},{"floor":44,"key":"Strawberry"},{"floor":47,"key":"CaptainsWheel"},{"floor":55,"key":"Bronze Scales"}],"event_choices":[{"damage_healed":0,"gold_gain":0,"player_choice":"Lose Max HP","damage_taken":0,"relics_obtained":["Golden Idol"],"max_hp_gain":0,"max_hp_loss":7,"event_name":"Golden Idol","floor":2,"gold_loss":0},{"damage_healed":0,"gold_gain":0,"player_choice":"Ignored","damage_taken":0,"max_hp_gain":0,"max_hp_loss":0,"event_name":"Liars Game","floor":14,"gold_loss":0},{"damage_healed":0,"gold_gain":0,"player_choice":"Fought Bandits","damage_taken":0,"max_hp_gain":0,"max_hp_loss":0,"event_name":"Masked Bandits","floor":21,"gold_loss":0},{"damage_healed":0,"gold_gain":0,"player_choice":"Simplicity","damage_taken":0,"max_hp_gain":0,"max_hp_loss":0,"event_name":"Back to Basics","floor":28,"gold_loss":0,"cards_upgraded":["Strike_G","Strike_G","Strike_G","Strike_G","Strike_G","Defend_G","Defend_G","Defend_G","Defend_G","Defend_G"]},{"damage_healed":0,"gold_gain":333,"player_choice":"Gave Idol","damage_taken":0,"max_hp_gain":0,"max_hp_loss":0,"event_name":"The Moai Head","floor":38,"relics_lost":["Golden Idol"],"gold_loss":0},{"damage_healed":0,"gold_gain":0,"player_choice":"Max HP","damage_taken":0,"max_hp_gain":0,"max_hp_loss":4,"event_name":"Winding Halls","floor":39,"gold_loss":0}],"is_beta":false,"boss_relics":[{"not_picked":["Busted Crown","SlaversCollar"],"picked":"Coffee Dripper"},{"not_picked":["Velvet Choker","Sozu"],"picked":"Fusion Hammer"}],"items_purged_floors":[31,45],"is_endless":false,"potions_floor_spawned":[3,5,6,7,16,18,20,29,33,35,36,46,47,55],"ascension_level":20,"potion_discard_per_floor":[[],[],[],[],[],[],[],[],[],[],[],[],[],[],[],[],[],[],[],[],[],[],[],[],[],[],[],[],[],[],[],[],["Strength Potion"],[],[],[],[],[],[],[],[],[],[],[],[],[],["DistilledChaos"],[],[],[],[],[],[],[],[],[],[]]}