{"neow_bonuses_skipped_log":["TRANSFORM_CARD","THREE_ENEMY_KILL","BOSS_RELIC"],"neow_costs_skipped_log":["NONE","NONE","NONE"],"potions_obtained_entropic_brew":[[],[],[],[],[],[],[],[],[],[],[],[],[],[],[],[],[],[],[],[],[],[],[]],"gold_per_floor":[13,27,38,56,10,10,10,10,10,10,37,52,81,61,61,133,133,148,167,187,203,217,217],"floor_reached":23,"playtime":2515,"items_purged":[],"score":414,"play_id":"0bc31f48-c7fc-442e-9729-a2b24f9450d1","local_time":"20230108142326","score_breakdown":["Floors Climbed (23): 115","Enemies Slain (11): 22","Exordium Elites Killed (2): 20","City Elites Killed (0): 0","Bosses Slain (1): 50","Ascension (20): 207"],"is_ascension_mode":true,"potions_obtained_alchemize":[[],[],[],[],[],[],[],[],[],[],[],[],[],[],[],[],[],[],[],[],[],[],[]],"campfire_choices":[{"data":"Dagger Spray","floor":6,"key":"SMITH"},{"data":"Poisoned Stab","floor":8,"key":"SMITH"},{"floor":10,"key":"REST"},{"data":"All Out Attack","floor":15,"key":"SMITH"}],"lesson_learned_per_floor":[[],[],[],[],[],[],[],[],[],[],[],[],[],[],[],[],[],[],[],[],[],[],[]],"neow_cost":"NO_GOLD","improvable_cards":{},"seed_source_timestamp":6672937062880007225,"shop_contents":[],"circlet_count":0,"master_deck":["AscendersBane","Strike_G","Strike_G","Strike_G","Strike_G","Strike_G","Defend_G","Defend_G","Defend_G","Defend_G","Survivor","Neutralize","Poisoned Stab+1","PiercingWail","Dagger Spray+1","Backstab","Burst","All Out Attack+1","Backflip","Corpse Explosion","Tools of the Trade","Footwork","Acrobatics","Endless Agony","Acrobatics"],"potion_use_per_floor":[[],[],[],["CunningPotion"],[],[],[],[],[],[],["SteroidPotion"],[],["Weak Potion"],[],[],["Strength Potion","SneckoOil"],[],["Weak Potion"],[],[],[],["PowerPotion"],["Explosive Potion"]],"relics":["Ring of the Snake","Eternal Feather","Pantograph","The Courier","Philosopher\u0027s Stone"],"potions_floor_usage":[4,11,13,16,16,18,22,23],"damage_taken":[{"damage":0,"enemies":"2 Louse","floor":1,"turns":4},{"damage":2,"enemies":"Jaw Worm","floor":2,"turns":4},{"damage":0,"enemies":"Cultist","floor":3,"turns":5},{"damage":18,"enemies":"Gremlin Gang","floor":4,"turns":6},{"damage":14,"enemies":"Exordium Thugs","floor":5,"turns":5},{"damage":28,"enemies":"Lagavulin","floor":11,"turns":8},{"damage":0,"enemies":"Exordium Wildlife","floor":12,"turns":2},{"damage":19,"enemies":"Gremlin Nob","floor":13,"turns":4},{"damage":34,"enemies":"Slime Boss","floor":16,"turns":10},{"damage":10,"enemies":"Shell Parasite","floor":18,"turns":8},{"damage":8,"enemies":"Spheric Guardian","floor":19,"turns":5},{"damage":2,"enemies":"3 Cultists","floor":20,"turns":3},{"damage":30,"enemies":"Shelled Parasite and Fungi","floor":21,"turns":6},{"damage":5,"enemies":"Cultist and Chosen","floor":22,"turns":4},{"damage":11,"enemies":"Gremlin Leader","floor":23,"turns":1}],"seed_played":"3452398288350529479","neow_bonus_log":{"cardsObtained":[],"cardsUpgraded":[],"cardsRemoved":[],"cardsTransformed":[],"relicsObtained":[],"maxHpGained":12,"goldGained":0,"damageTaken":0,"goldLost":99,"maxHpLost":0},"potions_obtained":[{"floor":1,"key":"CunningPotion"},{"floor":5,"key":"SteroidPotion"},{"floor":11,"key":"Weak Potion"},{"floor":13,"key":"Strength Potion"},{"floor":14,"key":"SneckoOil"},{"floor":16,"key":"Weak Potion"},{"floor":21,"key":"PowerPotion"},{"floor":22,"key":"Explosive Potion"}],"is_trial":false,"path_per_floor":["M","M","M","M","M","R","?","R","T","R","E","M","E","?","R","B",null,"M","M","M","M","M","E"],"character_chosen":"THE_SILENT","items_purchased":[],"campfire_rested":1,"item_purchase_floors":[],"current_hp_per_floor":[71,69,69,51,37,37,30,30,30,62,34,34,15,15,27,18,63,53,45,43,13,8,0],"gold":217,"neow_bonus":"TWENTY_PERCENT_HP_BONUS","is_prod":false,"is_daily":false,"rewards_skipped":[],"chose_seed":false,"campfire_upgraded":3,"win_rate":0,"floor_exit_playtime":[166,223,281,421,546,552,559,565,568,628,741,785,838,852,936,1151,1295,1460,1535,1631,2068,2463],"timestamp":1673205806,"path_taken":["M","M","M","M","M","R","?","R","T","R","E","M","E","?","R","BOSS","M","?","M","M","?","E"],"build_version":"2022-12-18","purchased_purges":0,"victory":false,"max_hp_per_floor":[78,78,78,78,78,78,78,78,78,78,78,78,78,78,78,78,78,78,78,78,78,78,78],"relic_stats":{"counters":[15,75],"Pantograph":25,"Eternal Feather":21,"The Courier":0,"obtain_stats":[{"Pantograph":11,"Eternal Feather":9,"Philosopher\u0027s Stone":17,"The Courier":13,"Ring of the Snake":0},{"Pantograph":6,"Eternal Feather":5,"Philosopher\u0027s Stone":9,"The Courier":8,"Ring of the Snake":0},{"Pantograph":32,"Eternal Feather":24,"Philosopher\u0027s Stone":48,"The Courier":38,"Ring of the Snake":0}],"Ring of the Snake":[31]},"card_choices":[{"not_picked":["Expertise","Setup"],"picked":"Poisoned Stab","floor":1},{"not_picked":["Cloak And Dagger","Slice"],"picked":"PiercingWail","floor":2},{"not_picked":["Cloak And Dagger","Underhanded Strike"],"picked":"Dagger Spray","floor":3},{"not_picked":["Dagger Throw","Acrobatics"],"picked":"Backstab","floor":4},{"not_picked":["Deadly Poison","PiercingWail"],"picked":"Burst","floor":5},{"not_picked":["Setup","Flying Knee"],"picked":"All Out Attack","floor":11},{"not_picked":["Endless Agony","Cloak And Dagger"],"picked":"Backflip","floor":12},{"not_picked":["Choke","Sucker Punch"],"picked":"Corpse Explosion","floor":13},{"not_picked":["Corpse Explosion","Glass Knife"],"picked":"Tools of the Trade","floor":16},{"not_picked":["Slice","Predator"],"picked":"Footwork","floor":18},{"not_picked":["Concentrate","Flechettes"],"picked":"Acrobatics","floor":19},{"not_picked":["Prepared","Sucker Punch"],"picked":"Endless Agony","floor":20},{"not_picked":["All Out Attack","Finisher","Cloak And Dagger"],"picked":"SKIP","floor":21},{"not_picked":["Prepared","Bane"],"picked":"Acrobatics","floor":22}],"player_experience":4961595,"relics_obtained":[{"floor":9,"key":"Eternal Feather"},{"floor":11,"key":"Pantograph"},{"floor":13,"key":"The Courier"}],"event_choices":[{"cards_removed":["Defend_G"],"damage_healed":0,"gold_gain":0,"player_choice":"Card Removal","damage_taken":7,"max_hp_gain":0,"max_hp_loss":0,"event_name":"Golden Wing","floor":7,"gold_loss":0},{"damage_healed":0,"gold_gain":0,"player_choice":"Bought 1 Potion","damage_taken":0,"max_hp_gain":0,"max_hp_loss":0,"event_name":"The Woman in Blue","floor":14,"gold_loss":0}],"is_beta":false,"boss_relics":[{"not_picked":["Black Star","Ring of the Serpent"],"picked":"Philosopher\u0027s Stone"}],"items_purged_floors":[],"is_endless":false,"potions_floor_spawned":[1,5,11,13,16,21,22],"killed_by":"Gremlin Leader","ascension_level":20,"potion_discard_per_floor":[[],[],[],[],[],[],[],[],[],[],[],[],[],[],[],[],[],[],[],[],[],[],[]]}