{"neow_bonuses_skipped_log":["REMOVE_CARD","THREE_SMALL_POTIONS","BOSS_RELIC"],"potions_obtained_entropic_brew":[[],[],[],[],[],[],[],[],[],[],[],[],[],[],[],[],[],[],[],[],[],[],[],[],[],[],[],[],[],[],[],[],[],[],[],[],[],[],[],[],[],[],[],[],[],[],[],[],[],[],[],[],[],[],[],[],[]],"neow_costs_skipped_log":["NONE","NONE","NONE"],"gold_per_floor":[19,19,42,42,56,56,71,107,131,131,144,159,159,202,202,296,296,319,319,343,19,39,83,83,108,156,187,187,226,240,126,126,224,224,239,308,583,268,281,312,328,369,419,44,44,0,0,23,23,23,23,23,23,23,54,54],"floor_reached":57,"playtime":8648,"items_purged":["Strike_G+1","Regret"],"score":2960,"play_id":"5df4562b-8a54-48ff-9bc5-023cfacd3f22","local_time":"20230106211422","score_breakdown":["Floors Climbed (57): 285","Enemies Slain (15): 30","Exordium Elites Killed (2): 20","City Elites Killed (3): 60","Beyond Elites Killed (2): 60","Bosses Slain (5): 750","Money Money (1266): 25","Librarian: 25","Champion (3): 75","Perfect (1): 50","Ascension (20): 1330","Heartbreaker: 250"],"is_ascension_mode":true,"potions_obtained_alchemize":[[],[],[],[],[],[],[],[],[],[],[],[],[],[],[],[],[],[],[],[],[],[],[],[],[],[],[],[],[],[],[],[],[],[],[],[],[],[],[],[],[],[],[],[],[],[],[],[],[],[],[],[],[],[],[],[],[]],"campfire_choices":[{"data":"Predator","floor":6,"key":"SMITH"},{"data":"Dagger Spray","floor":13,"key":"SMITH"},{"data":"Leg Sweep","floor":15,"key":"SMITH"},{"floor":24,"key":"REST"},{"data":"Well Laid Plans","floor":32,"key":"SMITH"},{"floor":49,"key":"RECALL"},{"floor":53,"key":"REST"}],"lesson_learned_per_floor":[[],[],[],[],[],[],[],[],[],[],[],[],[],[],[],[],[],[],[],[],[],[],[],[],[],[],[],[],[],[],[],[],[],[],[],[],[],[],[],[],[],[],[],[],[],[],[],[],[],[],[],[],[],[],[],[],[]],"neow_cost":"NO_GOLD","improvable_cards":{},"seed_source_timestamp":1057294829188705901,"shop_contents":[{"floor":21,"relics":["Mummified Hand"],"cards":["Dagger Throw","Bane","Prepared","Deflect","Noxious Fumes","Good Instincts","Magnetism"],"potions":["SpeedPotion","LiquidBronze","Swift Potion"]},{"floor":31,"relics":["Turnip","Orichalcum","HandDrill"],"cards":["Endless Agony","Unload","Bouncing Flask","Well Laid Plans","Blind","Metamorphosis"],"potions":["SmokeBomb","CultistPotion","CultistPotion"]},{"floor":38,"relics":["Blood Vial","Chemical X"],"cards":["Endless Agony","Dagger Spray","Catalyst","Footwork","Dramatic Entrance","The Bomb"],"potions":["LiquidBronze","Ancient Potion","SmokeBomb"]},{"floor":44,"relics":["PreservedInsect"],"cards":["Unload","Slice","Blade Dance","Noxious Fumes","Discovery","The Bomb"],"potions":["Strength Potion","Ancient Potion","AttackPotion"]},{"floor":54,"relics":["Bottled Tornado","Blue Candle","PrismaticShard"],"cards":["Underhanded Strike","Eviscerate","Storm of Steel","Dodge and Roll","Accuracy","Deep Breath","HandOfGreed"],"potions":["Fire Potion","Block Potion","Strength Potion"]}],"circlet_count":0,"master_deck":["AscendersBane","Strike_G+1","Strike_G+1","Strike_G+1","Strike_G+1","Defend_G+1","Defend_G+1","Defend_G+1","Defend_G+1","Defend_G+1","Survivor","Neutralize","Dagger Spray+1","Predator+1","Slice","All Out Attack","Leg Sweep+1","Eviscerate","Dash","Blade Dance","Backflip","Footwork","Backflip","Deflect+1","Well Laid Plans+1","Calculated Gamble","Wraith Form v2","Calculated Gamble","Acrobatics","Bouncing Flask+1","Acrobatics","Reflex","PanicButton","Apotheosis","Finisher","PiercingWail"],"potion_use_per_floor":[[],[],[],[],[],[],[],[],[],[],[],["LiquidMemories"],[],["FearPotion"],[],["EssenceOfSteel"],[],[],[],[],[],[],["LiquidBronze","SkillPotion"],[],[],[],[],[],[],[],[],[],["PowerPotion"],[],[],[],[],[],[],[],[],[],[],[],[],[],[],[],[],[],[],[],[],[],[],["SteroidPotion","LiquidMemories"],[]],"relics":["Ring of the Snake","Golden Idol","Nunchaku","Vajra","Happy Flower","Bottled Flame","Runic Dome","MutagenicStrength","OrangePellets","Lantern","Oddly Smooth Stone","Snake Skull","Bottled Lightning","Ninja Scroll","Fusion Hammer","Tough Bandages","Bag of Marbles","Akabeko","Ginger","Frozen Eye","Bronze Scales","Red Mask","Toy Ornithopter"],"potions_floor_usage":[12,14,16,23,23,33,56,56],"damage_taken":[{"damage":4,"enemies":"2 Louse","floor":1,"turns":5},{"damage":11,"enemies":"Jaw Worm","floor":3,"turns":7},{"damage":0,"enemies":"Cultist","floor":5,"turns":3},{"damage":1,"enemies":"2 Fungi Beasts","floor":7,"turns":3},{"damage":15,"enemies":"3 Sentries","floor":8,"turns":5},{"damage":0,"enemies":"Looter","floor":11,"turns":3},{"damage":0,"enemies":"Exordium Wildlife","floor":12,"turns":2},{"damage":7,"enemies":"Lagavulin","floor":14,"turns":5},{"damage":0,"enemies":"The Guardian","floor":16,"turns":16},{"damage":5,"enemies":"Shell Parasite","floor":18,"turns":3},{"damage":6,"enemies":"Spheric Guardian","floor":20,"turns":3},{"damage":18,"enemies":"Shelled Parasite and Fungi","floor":22,"turns":3},{"damage":10,"enemies":"Book of Stabbing","floor":23,"turns":4},{"damage":0,"enemies":"Snecko","floor":25,"turns":5},{"damage":0,"enemies":"Gremlin Leader","floor":27,"turns":5},{"damage":0,"enemies":"Book of Stabbing","floor":29,"turns":4},{"damage":0,"enemies":"Chosen and Byrds","floor":30,"turns":3},{"damage":16,"enemies":"Collector","floor":33,"turns":12},{"damage":0,"enemies":"3 Darklings","floor":35,"turns":3},{"damage":0,"enemies":"2 Orb Walkers","floor":36,"turns":3},{"damage":0,"enemies":"Orb Walker","floor":39,"turns":3},{"damage":1,"enemies":"Nemesis","floor":40,"turns":5},{"damage":0,"enemies":"Spire Growth","floor":41,"turns":4},{"damage":5,"enemies":"Giant Head","floor":42,"turns":7},{"damage":0,"enemies":"Jaw Worm Horde","floor":48,"turns":1},{"damage":3,"enemies":"Donu and Deca","floor":50,"turns":7},{"damage":7,"enemies":"Time Eater","floor":51,"turns":12},{"damage":0,"enemies":"Shield and Spear","floor":55,"turns":6},{"damage":66,"enemies":"The Heart","floor":56,"turns":10}],"green_key_taken_log":23,"seed_played":"-2755757740401084924","neow_bonus_log":{"cardsObtained":[],"cardsUpgraded":[],"cardsRemoved":[],"cardsTransformed":[],"relicsObtained":[],"maxHpGained":12,"goldGained":0,"damageTaken":0,"goldLost":99,"maxHpLost":0},"potions_obtained":[{"floor":5,"key":"LiquidMemories"},{"floor":7,"key":"FearPotion"},{"floor":12,"key":"EssenceOfSteel"},{"floor":16,"key":"SkillPotion"},{"floor":22,"key":"LiquidBronze"},{"floor":23,"key":"Ancient Potion"},{"floor":25,"key":"SteroidPotion"},{"floor":27,"key":"PowerPotion"},{"floor":39,"key":"LiquidMemories"}],"is_trial":false,"path_per_floor":["M","?","M","?","M","R","M","E","T","?","M","M","R","E","R","B",null,"M","?","M","$","M","E","R","M","T","E","?","E","M","$","R","B",null,"M","?","?","$","M","E","M","E","T","$","?","?","?","M","R","B","B",null,"R","$","E","B",null],"character_chosen":"THE_SILENT","items_purchased":["OrangePellets","Lantern","Calculated Gamble","Acrobatics","Bag of Marbles","Frozen Eye","Bronze Scales","Reflex"],"campfire_rested":2,"item_purchase_floors":[21,21,31,38,38,44,44,44],"current_hp_per_floor":[67,67,56,35,35,35,34,19,19,19,19,19,19,12,12,12,56,51,51,45,45,27,17,38,38,38,38,38,38,38,38,38,22,59,59,59,59,59,59,58,58,53,53,53,43,43,43,43,43,40,33,62,71,71,71,12],"gold":54,"neow_bonus":"TWENTY_PERCENT_HP_BONUS","is_prod":false,"is_daily":false,"rewards_skipped":[{"floor":29,"relics":[],"potions":["Explosive Potion"]},{"floor":40,"relics":[],"potions":["Ancient Potion"]},{"floor":41,"relics":[],"potions":["CultistPotion"]}],"chose_seed":false,"campfire_upgraded":4,"win_rate":0,"floor_exit_playtime":[183,190,266,282,346,363,577,795,798,911,965,1060,1114,1235,1286,1691,1760,1844,1877,1923,1962,2069,2477,2482,2643,2793,3441,3452,3649,3787,3934,3944,4710,4898,4979,5140,5155,5266,5425,5560,5642,5984,6001,6099,6203,6206,6281,6339,6343,6687,7217,7228,7232,7245,7633,8648],"timestamp":1673057662,"blue_key_relic_skipped_log":{"floor":43,"relicID":"Potion Belt"},"path_taken":["M","?","M","?","M","R","M","E","T","?","?","M","R","E","R","BOSS","M","?","M","$","M","E","R","M","T","E","?","E","M","?","R","BOSS","M","?","?","$","?","E","M","E","T","$","?","?","?","M","R","BOSS","BOSS","R","$","E","BOSS"],"build_version":"2022-12-18","purchased_purges":2,"victory":true,"max_hp_per_floor":[78,71,71,71,71,71,71,71,71,71,71,71,71,71,71,71,71,71,71,71,71,71,71,71,71,71,71,71,71,71,71,71,71,71,71,71,71,71,71,71,71,71,71,71,71,71,71,71,71,71,71,71,71,71,71,71],"relic_stats":{"Happy Flower":[43],"counters":[29,152],"Golden Idol":220,"Snake Skull":[24],"Ginger":[4],"OrangePellets":[29],"Frozen Eye":399.624,"Nunchaku":[37],"Bottled Flame":"Dagger Spray","Tough Bandages":[330],"Bronze Scales":[238],"Bottled Lightning":"Backflip","obtain_stats":[{"Lantern":21,"Happy Flower":10,"Golden Idol":2,"Vajra":9,"Oddly Smooth Stone":23,"Snake Skull":26,"Ginger":42,"Akabeko":40,"Runic Dome":17,"OrangePellets":21,"Frozen Eye":44,"Nunchaku":8,"Bottled Flame":14,"Tough Bandages":36,"Ninja Scroll":29,"MutagenicStrength":19,"Bronze Scales":44,"Fusion Hammer":34,"Bag of Marbles":38,"Red Mask":46,"Bottled Lightning":27,"Toy Ornithopter":55,"Ring of the Snake":0},{"Lantern":11,"Happy Flower":5,"Golden Idol":1,"Vajra":5,"Oddly Smooth Stone":13,"Snake Skull":14,"Ginger":24,"Akabeko":22,"Runic Dome":9,"OrangePellets":11,"Frozen Eye":24,"Nunchaku":5,"Bottled Flame":8,"Tough Bandages":20,"Ninja Scroll":16,"MutagenicStrength":10,"Bronze Scales":24,"Fusion Hammer":18,"Bag of Marbles":20,"Red Mask":24,"Bottled Lightning":15,"Toy Ornithopter":28,"Ring of the Snake":0},{"Lantern":55,"Happy Flower":23,"Golden Idol":5,"Vajra":23,"Oddly Smooth Stone":62,"Snake Skull":67,"Ginger":116,"Akabeko":105,"Runic Dome":49,"OrangePellets":55,"Frozen Eye":116,"Nunchaku":23,"Bottled Flame":33,"Tough Bandages":97,"Ninja Scroll":76,"MutagenicStrength":52,"Bronze Scales":116,"Fusion Hammer":91,"Bag of Marbles":97,"Red Mask":116,"Bottled Lightning":72,"Toy Ornithopter":142,"Ring of the Snake":0}],"Toy Ornithopter":7,"Ring of the Snake":[58]},"card_choices":[{"not_picked":["Cloak And Dagger","Dodge and Roll"],"picked":"Dagger Spray","floor":1},{"not_picked":["Dagger Spray","Backflip"],"picked":"Predator","floor":3},{"not_picked":["Escape Plan","Flying Knee"],"picked":"Slice","floor":5},{"not_picked":["Crippling Poison","Dagger Throw"],"picked":"All Out Attack","floor":7},{"not_picked":["Sucker Punch","Quick Slash"],"picked":"Leg Sweep","floor":8},{"not_picked":["Outmaneuver","Tactician"],"picked":"Eviscerate","floor":11},{"not_picked":["Accuracy","Sucker Punch"],"picked":"Dash","floor":12},{"not_picked":["Reflex","Blur","Bane"],"picked":"SKIP","floor":14},{"not_picked":["Dagger Throw","Leg Sweep"],"picked":"Blade Dance","floor":18},{"not_picked":["Tactician","Outmaneuver"],"picked":"Backflip","floor":20},{"not_picked":["Bane","Reflex","Dash"],"picked":"SKIP","floor":22},{"not_picked":["Tactician","PiercingWail"],"picked":"Footwork","floor":23},{"not_picked":["Masterful Stab+1","Deadly Poison+1"],"picked":"Backflip","floor":25},{"not_picked":["Quick Slash+1","Accuracy"],"picked":"Deflect+1","floor":27},{"not_picked":["Caltrops","Phantasmal Killer"],"picked":"Well Laid Plans","floor":29},{"not_picked":["Prepared","Dodge and Roll","Flechettes"],"picked":"SKIP","floor":30},{"not_picked":["Prepared","Dodge and Roll","Flechettes"],"picked":"SKIP","floor":30},{"not_picked":["Prepared","Dodge and Roll","Flechettes"],"picked":"SKIP","floor":30},{"not_picked":["Envenom","Night Terror"],"picked":"Wraith Form v2","floor":33},{"not_picked":["Poisoned Stab","Expertise","Prepared"],"picked":"SKIP","floor":35},{"not_picked":["Backflip+1","Dodge and Roll"],"picked":"Calculated Gamble","floor":36},{"not_picked":["Footwork","Endless Agony"],"picked":"Bouncing Flask+1","floor":39},{"not_picked":["Dagger Spray","Dodge and Roll"],"picked":"Acrobatics","floor":40},{"not_picked":["Accuracy","Dagger Spray","Flying Knee"],"picked":"SKIP","floor":41},{"not_picked":["Accuracy","Dagger Spray","Flying Knee"],"picked":"SKIP","floor":41},{"not_picked":["Slice","Accuracy+1","All Out Attack+1"],"picked":"SKIP","floor":42},{"not_picked":["Slice","Accuracy+1","All Out Attack+1"],"picked":"SKIP","floor":42},{"not_picked":["Forethought","Metamorphosis"],"picked":"PanicButton","floor":45},{"not_picked":["Blind","Dark Shackles"],"picked":"Apotheosis","floor":45},{"not_picked":["Discovery","Purity","Impatience"],"picked":"SKIP","floor":45},{"not_picked":["Dagger Throw","Prepared"],"picked":"Finisher","floor":48},{"not_picked":["Expertise","Catalyst"],"picked":"PiercingWail","floor":55}],"player_experience":4940231,"relics_obtained":[{"floor":8,"key":"Nunchaku"},{"floor":9,"key":"Vajra"},{"floor":10,"key":"Happy Flower"},{"floor":14,"key":"Bottled Flame"},{"floor":23,"key":"Oddly Smooth Stone"},{"floor":26,"key":"Snake Skull"},{"floor":27,"key":"Bottled Lightning"},{"floor":29,"key":"Ninja Scroll"},{"floor":36,"key":"Tough Bandages"},{"floor":40,"key":"Akabeko"},{"floor":42,"key":"Ginger"},{"floor":55,"key":"Toy Ornithopter"}],"event_choices":[{"damage_healed":0,"gold_gain":0,"player_choice":"Lose Max HP","damage_taken":0,"relics_obtained":["Golden Idol"],"max_hp_gain":0,"max_hp_loss":7,"event_name":"Golden Idol","floor":2,"gold_loss":0},{"damage_healed":0,"gold_gain":0,"player_choice":"Entered Light","damage_taken":21,"max_hp_gain":0,"max_hp_loss":0,"event_name":"Shining Light","floor":4,"gold_loss":0,"cards_upgraded":["Strike_G","Strike_G"]},{"damage_healed":0,"gold_gain":0,"player_choice":"Relic","damage_taken":0,"max_hp_gain":0,"max_hp_loss":0,"event_name":"Wheel of Change","floor":10,"gold_loss":0},{"damage_healed":0,"gold_gain":0,"player_choice":"Inject Mutagens","damage_taken":0,"relics_obtained":["MutagenicStrength"],"max_hp_gain":0,"max_hp_loss":0,"event_name":"Drug Dealer","floor":19,"gold_loss":0},{"damage_healed":0,"gold_gain":0,"player_choice":"Simplicity","damage_taken":0,"max_hp_gain":0,"max_hp_loss":0,"event_name":"Back to Basics","floor":28,"gold_loss":0,"cards_upgraded":["Strike_G","Strike_G","Strike_G","Defend_G","Defend_G","Defend_G","Defend_G","Defend_G"]},{"damage_healed":0,"gold_gain":0,"player_choice":"Fight","damage_taken":0,"max_hp_gain":0,"max_hp_loss":0,"event_name":"Mysterious Sphere","floor":36,"gold_loss":0},{"damage_healed":0,"gold_gain":275,"player_choice":"Desecrate","damage_taken":0,"max_hp_gain":0,"max_hp_loss":0,"event_name":"Golden Shrine","floor":37,"gold_loss":0,"cards_obtained":["Regret"]},{"damage_healed":0,"gold_gain":0,"player_choice":"Memory 3","damage_taken":10,"max_hp_gain":0,"max_hp_loss":0,"event_name":"SensoryStone","floor":45,"gold_loss":0},{"damage_healed":0,"gold_gain":0,"player_choice":"Paid","damage_taken":0,"relics_obtained":["Red Mask"],"max_hp_gain":0,"max_hp_loss":0,"event_name":"Tomb of Lord Red Mask","floor":46,"gold_loss":44},{"damage_healed":0,"gold_gain":0,"player_choice":"Ignored","damage_taken":0,"max_hp_gain":0,"max_hp_loss":0,"event_name":"WeMeetAgain","floor":47,"gold_loss":0}],"is_beta":false,"boss_relics":[{"not_picked":["Tiny House","SacredBark"],"picked":"Runic Dome"},{"not_picked":["Empty Cage","Snecko Eye"],"picked":"Fusion Hammer"}],"items_purged_floors":[31,38],"is_endless":false,"potions_floor_spawned":[5,7,12,16,22,23,25,27,29,39,40,41],"ascension_level":20,"potion_discard_per_floor":[[],[],[],[],[],[],[],[],[],[],[],[],[],[],[],[],[],[],[],[],[],[],[],[],[],[],["Ancient Potion"],[],[],[],[],[],[],[],[],[],[],[],[],[],[],[],[],[],[],[],[],[],[],[],[],[],[],[],[],[],[]]}