{"neow_bonuses_skipped_log":["ONE_RANDOM_RARE_CARD","TEN_PERCENT_HP_BONUS","BOSS_RELIC"],"neow_costs_skipped_log":["NONE","NONE","NONE"],"potions_obtained_entropic_brew":[[],[],[],[],[],[],[],[],[],[],[],[],[],[],[],[],[],[],[],[],[],[],[],[],[],[],[],[],[],[],[],[],[],[],[],[],[],[],[],[],[],[],[],[],[],[],[],[],[],[],[],[],[],[],[],[],[]],"gold_per_floor":[18,35,50,50,63,63,92,110,110,139,158,168,181,19,19,96,96,110,35,55,55,69,69,103,103,103,103,115,145,145,145,145,221,221,232,232,257,273,5,39,68,100,125,125,139,173,193,203,203,203,203,203,203,16,46,46],"floor_reached":57,"playtime":12953,"items_purged":["All Out Attack+1"],"score":2998,"play_id":"9a5f46f9-305c-4cdd-94cc-d3da4d48f3cc","local_time":"20230110225119","score_breakdown":["Floors Climbed (57): 285","Enemies Slain (17): 34","Exordium Elites Killed (2): 20","City Elites Killed (2): 40","Beyond Elites Killed (4): 120","Bosses Slain (5): 750","Collector (1): 25","Librarian: 25","Champion (1): 25","Perfect (1): 50","C-c-c-combo: 25","Ascension (20): 1349","Heartbreaker: 250"],"is_ascension_mode":true,"potions_obtained_alchemize":[[],[],[],[],[],[],[],[],[],[],[],[],[],[],[],[],[],["Block Potion"],[],["SneckoOil"],[],["AttackPotion"],[],["Regen Potion"],[],[],[],["GamblersBrew","SpeedPotion"],["DuplicationPotion"],[],[],[],["Swift Potion","Energy Potion"],[],["Poison Potion","GamblersBrew"],[],["LiquidMemories","SpeedPotion"],["GhostInAJar"],[],["Explosive Potion","Block Potion"],["GamblersBrew"],["GhostInAJar"],[],[],[],[],["BlessingOfTheForge"],[],[],[],["SpeedPotion","Ancient Potion"],[],[],[],[],["Explosive Potion","Fire Potion"],[]],"campfire_choices":[{"data":"All Out Attack","floor":6.0,"key":"SMITH"},{"data":"Crippling Poison","floor":15.0,"key":"SMITH"},{"data":"Venomology","floor":23,"key":"SMITH"},{"data":"Prepared","floor":25,"key":"SMITH"},{"data":"Setup","floor":30,"key":"SMITH"},{"data":"Catalyst","floor":32,"key":"SMITH"},{"data":"Well Laid Plans","floor":44,"key":"SMITH"},{"floor":49,"key":"RECALL"},{"floor":53,"key":"REST"}],"lesson_learned_per_floor":[[],[],[],[],[],[],[],[],[],[],[],[],[],[],[],[],[],[],[],[],[],[],[],[],[],[],[],[],[],[],[],[],[],[],[],[],[],[],[],[],[],[],[],[],[],[],[],[],[],[],[],[],[],[],[],[],[]],"neow_cost":"NO_GOLD","improvable_cards":{},"seed_source_timestamp":0,"shop_contents":[{"floor":14,"relics":["The Specimen","Strange Spoon"],"cards":["Riddle With Holes","Dagger Throw","Corpse Explosion","Setup","Accuracy","Forethought","Violence"],"potions":["Energy Potion","Explosive Potion","DistilledChaos"]},{"floor":39,"relics":["HornCleat","CeramicFish","TheAbacus"],"cards":["Dagger Throw","Quick Slash","Acrobatics","Deadly Poison","Finesse"],"potions":["SteroidPotion","ColorlessPotion","Block Potion"]},{"floor":54,"relics":["Whetstone","Gremlin Horn","Chemical X"],"cards":["Masterful Stab","Glass Knife","Accuracy","Blind","Sadistic Nature"],"potions":["Fruit Juice","BlessingOfTheForge","Dexterity Potion"]}],"circlet_count":0,"master_deck":["AscendersBane","Survivor","Neutralize","Blade Dance","Calculated Gamble","Poisoned Stab","Endless Agony","Quick Slash","Malaise","Crippling Poison+1","Acrobatics","Venomology+1","Grand Finale","Acrobatics","Blade Dance","Flying Knee","A Thousand Cuts","Dagger Throw","Setup+1","Backstab","Prepared+1","PiercingWail","Adrenaline","Venomology+1","Backflip","Calculated Gamble+1","Catalyst+1","Catalyst","Tools of the Trade","Acrobatics","PiercingWail","Well Laid Plans+1","Apotheosis","Malaise","Predator","Tactician","Dash","Tactician","Acrobatics","Tactician","Footwork"],"special_seed":0,"potion_use_per_floor":[[],[],[],[],[],[],["PowerPotion"],[],[],[],["Block Potion"],[],[],[],[],["PowerPotion"],[],["Weak Potion","Block Potion"],[],["CunningPotion"],[],["Fruit Juice"],[],["AttackPotion","Regen Potion"],[],[],[],["LiquidMemories","SpeedPotion"],["DuplicationPotion","DuplicationPotion"],[],[],[],["GamblersBrew","Swift Potion"],[],["Fire Potion","Poison Potion"],[],["Swift Potion","LiquidMemories"],["PowerPotion"],[],["GamblersBrew","Explosive Potion"],["FearPotion"],["GamblersBrew"],[],[],[],[],["GhostInAJar","BlessingOfTheForge"],[],[],[],["Swift Potion","SpeedPotion"],[],[],[],[],["Ancient Potion","Explosive Potion","Fire Potion","GhostInAJar"],[]],"relics":["Ring of the Snake","Mummified Hand","StoneCalendar","White Beast Statue","Orichalcum","Pandora\u0027s Box","Incense Burner","Ginger","Lizard Tail","HoveringKite","WingedGreaves","Lantern","Regal Pillow","Bottled Tornado","Art of War","Paper Crane"],"potions_floor_usage":[18,18,20,22,24,24,28,28,29,29,33,33,35,35,37,37,38,40,40,41,42,47,47,51,51,56,56,56,56],"damage_taken":[{"damage":3.0,"enemies":"Small Slimes","floor":1.0,"turns":4.0},{"damage":6.0,"enemies":"Jaw Worm","floor":2.0,"turns":6.0},{"damage":6.0,"enemies":"2 Louse","floor":3.0,"turns":3.0},{"damage":17.0,"enemies":"Exordium Thugs","floor":5.0,"turns":5.0},{"damage":25.0,"enemies":"Lagavulin","floor":7.0,"turns":6.0},{"damage":4.0,"enemies":"Large Slime","floor":8.0,"turns":4.0},{"damage":11.0,"enemies":"Gremlin Nob","floor":10.0,"turns":3.0},{"damage":0.0,"enemies":"Looter","floor":11.0,"turns":4.0},{"damage":0.0,"enemies":"3 Louse","floor":12.0,"turns":2.0},{"damage":7.0,"enemies":"Lots of Slimes","floor":13.0,"turns":2.0},{"damage":0.0,"enemies":"The Guardian","floor":16.0,"turns":10.0},{"damage":3,"enemies":"Shell Parasite","floor":18,"turns":5},{"damage":0,"enemies":"Chosen","floor":20,"turns":3},{"damage":0,"enemies":"3 Cultists","floor":22,"turns":2},{"damage":15,"enemies":"Gremlin Leader","floor":24,"turns":7},{"damage":22,"enemies":"Shelled Parasite and Fungi","floor":28,"turns":5},{"damage":9,"enemies":"Book of Stabbing","floor":29,"turns":4},{"damage":7,"enemies":"Collector","floor":33,"turns":5},{"damage":1,"enemies":"3 Shapes","floor":35,"turns":3},{"damage":0,"enemies":"Mind Bloom Boss Battle","floor":37,"turns":9},{"damage":8,"enemies":"3 Darklings","floor":38,"turns":7},{"damage":0,"enemies":"Nemesis","floor":40,"turns":5},{"damage":6,"enemies":"Reptomancer","floor":41,"turns":5},{"damage":18,"enemies":"Nemesis","floor":42,"turns":7},{"damage":0,"enemies":"Writhing Mass","floor":45,"turns":6},{"damage":11,"enemies":"Reptomancer","floor":46,"turns":6},{"damage":0,"enemies":"Spire Growth","floor":47,"turns":3},{"damage":2,"enemies":"3 Darklings","floor":48,"turns":5},{"damage":16,"enemies":"Time Eater","floor":50,"turns":11},{"damage":6,"enemies":"Awakened One","floor":51,"turns":19},{"damage":3,"enemies":"Shield and Spear","floor":55,"turns":6},{"damage":58,"enemies":"The Heart","floor":56,"turns":11}],"green_key_taken_log":41,"seed_played":"1801568622195487258","neow_bonus_log":{"cardsObtained":[],"cardsUpgraded":[],"cardsRemoved":[],"cardsTransformed":[],"relicsObtained":[],"maxHpGained":12,"goldGained":0,"damageTaken":0,"goldLost":99,"maxHpLost":0},"potions_obtained":[{"floor":1.0,"key":"PowerPotion"},{"floor":10.0,"key":"Block Potion"},{"floor":11.0,"key":"Ancient Potion"},{"floor":12.0,"key":"PowerPotion"},{"floor":13.0,"key":"Weak Potion"},{"floor":16.0,"key":"FairyPotion"},{"floor":18,"key":"CunningPotion"},{"floor":20,"key":"Fruit Juice"},{"floor":24,"key":"LiquidMemories"},{"floor":28,"key":"DuplicationPotion"},{"floor":29,"key":"GamblersBrew"},{"floor":33,"key":"Fire Potion"},{"floor":35,"key":"Swift Potion"},{"floor":37,"key":"PowerPotion"},{"floor":40,"key":"FearPotion"},{"floor":47,"key":"Swift Potion"}],"is_trial":false,"path_per_floor":["M","M","M","?","M","R","E","M","T","E","M","M","M","$","R","B",null,"M","?","M","?","M","R","E","R","T","?","M","E","R","?","R","B",null,"M","?","?","M","$","E","E","E","T","R","M","E","M","M","R","B","B",null,"R","$","E","B",null],"character_chosen":"THE_SILENT","items_purchased":["Orichalcum","Well Laid Plans","Apotheosis","Acrobatics","Tactician"],"campfire_rested":1,"item_purchase_floors":[14,39,39,54,54],"current_hp_per_floor":[68,62,56,78,61,61,36,32,32,21,21,21,14,14,14,14,62,59,59,59,59,64,64,64,64,64,64,42,33,33,33,33,26,69,68,68,68,60,60,60,54,36,36,36,36,25,25,23,23,7,1,63,83,83,80,22],"gold":46,"neow_bonus":"TWENTY_PERCENT_HP_BONUS","is_prod":false,"is_daily":false,"rewards_skipped":[{"floor":22,"relics":[],"potions":["SneckoOil"]},{"floor":38,"relics":[],"potions":["EntropicBrew"]},{"floor":41,"relics":[],"potions":["Ancient Potion"]},{"floor":42,"relics":[],"potions":["LiquidMemories"]},{"floor":45,"relics":[],"potions":["Block Potion"]},{"floor":46,"relics":[],"potions":["Weak Potion"]},{"floor":48,"relics":[],"potions":["Energy Potion"]},{"floor":55,"relics":[],"potions":["EssenceOfSteel"]}],"chose_seed":false,"campfire_upgraded":7,"win_rate":0,"floor_exit_playtime":[162,259,341,373,533,540,659,1163,1177,1259,1588,1694,1977,2090,2099,2340,2451,2729,2798,2906,2986,3095,3115,3459,3473,3647,3727,4021,4343,4356,4455,4487,4815,4925,5087,5089,5555,5881,6029,6261,6684,7094,7100,7132,7272,7583,7988,8281,8285,9485,11722,11734,11830,11879,12311,12953],"timestamp":1673409079,"blue_key_relic_skipped_log":{"floor":43,"relicID":"Snake Skull"},"path_taken":["M","M","M","?","M","R","E","M","T","E","M","M","M","?","R","BOSS","M","?","M","?","M","R","E","R","T","?","?","E","R","?","R","BOSS","M","?","?","M","$","E","E","E","T","R","M","E","M","M","R","BOSS","BOSS","R","$","E","BOSS"],"build_version":"2022-12-18","purchased_purges":1,"victory":true,"max_hp_per_floor":[78,78,78,78,78,78,78,78,78,78,78,78,78,78,78,78,78,78,78,78,78,83,83,83,83,83,83,83,83,83,83,83,83,83,83,83,83,83,83,83,83,83,83,83,83,83,83,83,83,83,83,83,83,83,83,83],"relic_stats":{"Regal Pillow":0,"counters":[32,183],"HoveringKite":[96],"StoneCalendar":[262],"Ginger":[11],"Orichalcum":[534],"Bottled Tornado":"Well Laid Plans","White Beast Statue":[0.0,0.0,0.0,0.4,0.0,0.6000000000000001,0.0,0.0,0.0,0.0,0.0,10.648944691200002],"Lizard Tail":0,"Mummified Hand":[55],"Pandora\u0027s Box":["Bane","Grand Finale","Unload","Acrobatics","Blade Dance","Riddle With Holes","Flying Knee","A Thousand Cuts","Dagger Throw","Setup"],"WingedGreaves":3,"Art of War":[4],"obtain_stats":[{"Lantern":40,"Regal Pillow":41,"HoveringKite":34,"StoneCalendar":9,"Incense Burner":24,"Ginger":26,"Orichalcum":14,"Bottled Tornado":42,"Paper Crane":55,"White Beast Statue":10,"Lizard Tail":29,"Mummified Hand":7,"Pandora\u0027s Box":17,"WingedGreaves":37,"Art of War":46,"Ring of the Snake":0},{"Lantern":22,"Regal Pillow":23,"HoveringKite":18,"StoneCalendar":6,"Incense Burner":15,"Ginger":15,"Orichalcum":10,"Bottled Tornado":24,"Paper Crane":31,"White Beast Statue":7,"Lizard Tail":17,"Mummified Hand":5,"Pandora\u0027s Box":11,"WingedGreaves":20,"Art of War":26,"Ring of the Snake":0},{"Lantern":104,"Regal Pillow":109,"HoveringKite":80,"StoneCalendar":28,"Incense Burner":66,"Ginger":66,"Orichalcum":39,"Bottled Tornado":116,"Paper Crane":172,"White Beast Statue":31,"Lizard Tail":75,"Mummified Hand":24,"Pandora\u0027s Box":49,"WingedGreaves":92,"Art of War":128,"Ring of the Snake":0}],"Ring of the Snake":[66]},"card_choices":[{"not_picked":["Footwork","Cloak And Dagger"],"picked":"Blade Dance","floor":1.0},{"not_picked":["Tactician","Backflip"],"picked":"All Out Attack","floor":2.0},{"not_picked":["Reflex","Footwork"],"picked":"Calculated Gamble","floor":3.0},{"not_picked":["Backflip","PiercingWail"],"picked":"Poisoned Stab","floor":5.0},{"not_picked":["Sucker Punch","Acrobatics"],"picked":"Endless Agony","floor":7.0},{"not_picked":["Concentrate","Deadly Poison"],"picked":"Quick Slash","floor":8.0},{"not_picked":["Poisoned Stab","Outmaneuver"],"picked":"Malaise","floor":10.0},{"not_picked":["PiercingWail","Slice"],"picked":"Crippling Poison","floor":11.0},{"not_picked":["Dagger Spray","Noxious Fumes","Sucker Punch"],"picked":"SKIP","floor":12.0},{"not_picked":["Deadly Poison","Escape Plan"],"picked":"Acrobatics","floor":13.0},{"not_picked":["Glass Knife","Unload"],"picked":"Venomology","floor":16.0},{"not_picked":["Outmaneuver","Crippling Poison"],"picked":"Backstab","floor":18},{"not_picked":["Dagger Spray","Bane"],"picked":"Prepared","floor":20},{"not_picked":["Flying Knee","Setup","Predator","Deflect","Quick Slash","Endless Agony","Dagger Spray","Footwork","Blade Dance","Leg Sweep","Bouncing Flask","Riddle With Holes","Dodge and Roll","Bane","Underhanded Strike","Flechettes","Dagger Throw","Reflex","Slice"],"picked":"PiercingWail","floor":21},{"not_picked":["Deadly Poison","Dagger Spray","Sucker Punch"],"picked":"SKIP","floor":22},{"not_picked":["Deadly Poison","Dagger Spray","Sucker Punch"],"picked":"SKIP","floor":22},{"not_picked":["Heel Hook","Cloak And Dagger"],"picked":"Adrenaline","floor":24},{"not_picked":["Cloak And Dagger","Quick Slash"],"picked":"Backflip","floor":28},{"not_picked":["Crippling Poison+1","Flying Knee"],"picked":"Calculated Gamble+1","floor":29},{"not_picked":["Bullet Time","Malaise"],"picked":"Tools of the Trade","floor":33},{"not_picked":["Heel Hook","Blur","Endless Agony+1"],"picked":"SKIP","floor":35},{"not_picked":["Finisher+1","Dagger Spray"],"picked":"Acrobatics","floor":37},{"not_picked":["Riddle With Holes","Accuracy"],"picked":"PiercingWail","floor":38},{"not_picked":["Choke+1","PiercingWail"],"picked":"Malaise","floor":40},{"not_picked":["Finisher","Blade Dance"],"picked":"Predator","floor":41},{"not_picked":["Flechettes","Underhanded Strike+1"],"picked":"Tactician","floor":42},{"not_picked":["Dagger Spray","Bane","Quick Slash"],"picked":"SKIP","floor":45},{"not_picked":["Blade Dance+1","Sucker Punch"],"picked":"Dash","floor":46},{"not_picked":["Choke+1","Footwork","Underhanded Strike"],"picked":"SKIP","floor":47},{"not_picked":["Terror","Well Laid Plans"],"picked":"Tactician","floor":48},{"not_picked":["Heel Hook","Malaise"],"picked":"Footwork","floor":55}],"player_experience":4972490,"relics_obtained":[{"floor":7.0,"key":"Mummified Hand"},{"floor":9.0,"key":"StoneCalendar"},{"floor":10.0,"key":"White Beast Statue"},{"floor":24,"key":"Incense Burner"},{"floor":26,"key":"Ginger"},{"floor":29,"key":"Lizard Tail"},{"floor":37,"key":"WingedGreaves"},{"floor":40,"key":"Lantern"},{"floor":41,"key":"Regal Pillow"},{"floor":42,"key":"Bottled Tornado"},{"floor":46,"key":"Art of War"},{"floor":55,"key":"Paper Crane"}],"event_choices":[{"damage_healed":26.0,"max_hp_gain":0.0,"max_hp_loss":0.0,"gold_gain":0.0,"event_name":"Big Fish","player_choice":"Banana","floor":4.0,"gold_loss":0.0,"damage_taken":0.0},{"cards_removed":["Riddle With Holes"],"damage_healed":0,"gold_gain":0,"player_choice":"Gave Gold","damage_taken":0,"max_hp_gain":0,"max_hp_loss":0,"event_name":"Beggar","floor":19,"gold_loss":75},{"damage_healed":0,"gold_gain":0,"player_choice":"Read","damage_taken":0,"max_hp_gain":0,"max_hp_loss":0,"event_name":"The Library","floor":21,"gold_loss":0,"cards_obtained":["PiercingWail"]},{"damage_healed":0,"gold_gain":0,"player_choice":"Copied","damage_taken":0,"max_hp_gain":0,"max_hp_loss":0,"event_name":"Duplicator","floor":27,"gold_loss":0,"cards_obtained":["Venomology"]},{"damage_healed":0,"gold_gain":0,"cards_transformed":["Bane","Unload"],"player_choice":"Became Test Subject","damage_taken":0,"max_hp_gain":0,"max_hp_loss":0,"event_name":"Drug Dealer","floor":31,"gold_loss":0,"cards_obtained":["Catalyst","Catalyst"]},{"damage_healed":0,"gold_gain":0,"player_choice":"Ignored","damage_taken":0,"max_hp_gain":0,"max_hp_loss":0,"event_name":"Tomb of Lord Red Mask","floor":36,"gold_loss":0},{"damage_healed":0,"gold_gain":0,"player_choice":"Fight","damage_taken":0,"max_hp_gain":0,"max_hp_loss":0,"event_name":"MindBloom","floor":37,"gold_loss":0}],"is_beta":false,"boss_relics":[{"not_picked":["SacredBark","Runic Dome"],"picked":"Pandora\u0027s Box"},{"not_picked":["Philosopher\u0027s Stone","Snecko Eye"],"picked":"HoveringKite"}],"items_purged_floors":[54],"is_endless":false,"potions_floor_spawned":[1,10,11,12,13,16,18,20,22,24,28,29,33,35,37,38,40,41,42,45,46,47,48,55],"ascension_level":20,"potion_discard_per_floor":[[],[],[],[],[],[],[],[],[],[],[],[],["Ancient Potion"],[],[],[],[],[],[],["SneckoOil"],[],[],[],[],[],[],[],["FairyPotion"],[],[],[],[],["Energy Potion"],[],["GamblersBrew"],[],["SpeedPotion"],[],[],["Block Potion"],[],[],[],[],[],[],[],[],[],[],[],[],[],[],[],[],[]]}