{"neow_bonuses_skipped_log":["RANDOM_COLORLESS","HUNDRED_GOLD","BOSS_RELIC"],"potions_obtained_entropic_brew":[[],[],[],[],[],[],[],[],[],[],[],[],[],[],[],[],[],["CultistPotion","Weak Potion"],[],[],[],[],[],[],[],[],[],[],[],[],[],[],[],[],["Poison Potion"],[],[],[],[],[],[],[],[],[],[],[],[],[],[],[]],"neow_costs_skipped_log":["NONE","NONE","NONE"],"gold_per_floor":[20,38,54,54,67,67,67,100,126,126,6,49,70,90,90,173,173,195,26,49,58,85,129,129,129,138,177,197,226,276,22,22,107,107,126,126,135,162,162,162,186,242,277,277,303,303,303,332,332,332],"floor_reached":50,"playtime":7491,"items_purged":["Pain"],"score":1325,"play_id":"e69bdb1f-7957-42d3-9910-077a303f6e1a","local_time":"20230107154200","score_breakdown":["Floors Climbed (50): 250","Enemies Slain (15): 30","Exordium Elites Killed (2): 20","City Elites Killed (2): 40","Beyond Elites Killed (2): 60","Bosses Slain (2): 150","Librarian: 25","Champion (1): 25","Perfect (1): 50","Overkill: 25","Ascension (20): 650"],"is_ascension_mode":true,"potions_obtained_alchemize":[[],[],[],[],[],[],[],[],[],[],[],[],[],[],[],[],[],["Poison Potion"],[],["Explosive Potion"],[],["GhostInAJar"],["Weak Potion"],[],[],[],["Block Potion"],[],["DuplicationPotion"],[],[],[],["EntropicBrew"],[],["PowerPotion"],[],[],[],[],[],["Strength Potion"],["Poison Potion"],[],[],["Ancient Potion"],[],[],[],[],[]],"campfire_choices":[{"data":"Bouncing Flask","floor":7,"key":"SMITH"},{"data":"Dagger Spray","floor":10,"key":"SMITH"},{"data":"Malaise","floor":15,"key":"SMITH"},{"floor":25,"key":"REST"},{"floor":32,"key":"REST"},{"data":"Wraith Form v2","floor":40,"key":"SMITH"},{"data":"Acrobatics","floor":44,"key":"SMITH"},{"floor":46,"key":"RECALL"},{"floor":49,"key":"REST"}],"lesson_learned_per_floor":[[],[],[],[],[],[],[],[],[],[],[],[],[],[],[],[],[],[],[],[],[],[],[],[],[],[],[],[],[],[],[],[],[],[],[],[],[],[],[],[],[],[],[],[],[],[],[],[],[],[]],"neow_cost":"NO_GOLD","improvable_cards":{},"seed_source_timestamp":-546072473767350134,"shop_contents":[{"floor":11,"relics":["Meat on the Bone","Calipers","Toolbox"],"cards":["Quick Slash","Dagger Spray","Crippling Poison","Infinite Blades","Forethought","Violence"],"potions":["CunningPotion","SteroidPotion"]},{"floor":19,"relics":["Omamori","Letter Opener"],"cards":["Eviscerate","Finisher","Blade Dance","PiercingWail","Infinite Blades","Bandage Up","Magnetism"],"potions":["SteroidPotion","SneckoOil","Poison Potion"]},{"floor":31,"relics":["TungstenRod","Girya","Lee\u0027s Waffle"],"cards":["Dagger Spray","Eviscerate","Blur","Cloak And Dagger","Footwork","Purity"],"potions":["FearPotion","Explosive Potion","SkillPotion"]}],"circlet_count":0,"master_deck":["AscendersBane","Strike_G","Strike_G","Strike_G","Strike_G","Strike_G","Defend_G","Defend_G","Defend_G","Defend_G","Defend_G","Survivor","Neutralize","Quick Slash","Dagger Spray+1","Bouncing Flask+1","Malaise+1","Catalyst+1","After Image","Acrobatics+1","Venomology","Dash","Leg Sweep","Writhe","Flying Knee+1","Bullet Time","Noxious Fumes","Backflip","Blade Dance","Magnetism","Wraith Form v2+1","PanicButton","Leg Sweep","Acrobatics+1","Noxious Fumes+1","Shame","Backflip"],"potion_use_per_floor":[[],[],[],[],[],[],[],["Swift Potion"],[],[],[],[],[],[],[],["Fruit Juice"],[],["Explosive Potion","EntropicBrew","Weak Potion"],[],["ColorlessPotion"],[],["Poison Potion"],["Explosive Potion"],[],[],[],["EssenceOfSteel"],["Block Potion"],[],[],[],[],["DuplicationPotion"],[],["EntropicBrew","Poison Potion"],[],[],["GhostInAJar"],[],[],[],["Strength Potion"],[],[],["Poison Potion"],[],[],[],[],["Ancient Potion","PowerPotion"]],"relics":["Ring of the Snake","Happy Flower","CeramicFish","Akabeko","Cursed Key","Chemical X","Nunchaku","Bottled Lightning","Gremlin Horn","Mummified Hand","SlaversCollar","Mango","Lizard Tail"],"potions_floor_usage":[8,16,18,18,18,20,22,23,27,28,33,35,35,38,42,45,50,50],"damage_taken":[{"damage":6,"enemies":"Cultist","floor":1,"turns":5},{"damage":2,"enemies":"2 Louse","floor":2,"turns":3},{"damage":0,"enemies":"Jaw Worm","floor":3,"turns":5},{"damage":7,"enemies":"Looter","floor":5,"turns":5},{"damage":36,"enemies":"Gremlin Nob","floor":8,"turns":4},{"damage":6,"enemies":"Lagavulin","floor":12,"turns":6},{"damage":7,"enemies":"Lots of Slimes","floor":13,"turns":5},{"damage":8,"enemies":"Large Slime","floor":14,"turns":5},{"damage":0,"enemies":"The Guardian","floor":16,"turns":10},{"damage":7,"enemies":"Spheric Guardian","floor":18,"turns":4},{"damage":0,"enemies":"Chosen","floor":20,"turns":3},{"damage":16,"enemies":"Centurion and Healer","floor":22,"turns":8},{"damage":26,"enemies":"Slavers","floor":23,"turns":8},{"damage":2,"enemies":"Book of Stabbing","floor":27,"turns":7},{"damage":1,"enemies":"Cultist and Chosen","floor":28,"turns":5},{"damage":13,"enemies":"3 Cultists","floor":29,"turns":6},{"damage":38,"enemies":"Collector","floor":33,"turns":7},{"damage":55,"enemies":"3 Darklings","floor":35,"turns":18},{"damage":1,"enemies":"Orb Walker","floor":38,"turns":5},{"damage":0,"enemies":"Spire Growth","floor":41,"turns":6},{"damage":1,"enemies":"Reptomancer","floor":42,"turns":7},{"damage":17,"enemies":"Giant Head","floor":45,"turns":8},{"damage":24,"enemies":"Transient","floor":48,"turns":6},{"damage":111,"enemies":"Awakened One","floor":50,"turns":41}],"green_key_taken_log":45,"seed_played":"1782501579981878504","neow_bonus_log":{"cardsObtained":[],"cardsUpgraded":[],"cardsRemoved":[],"cardsTransformed":[],"relicsObtained":[],"maxHpGained":12,"goldGained":0,"damageTaken":0,"goldLost":99,"maxHpLost":0},"potions_obtained":[{"floor":3,"key":"Explosive Potion"},{"floor":5,"key":"Swift Potion"},{"floor":12,"key":"Fruit Juice"},{"floor":16,"key":"EntropicBrew"},{"floor":18,"key":"ColorlessPotion"},{"floor":23,"key":"EssenceOfSteel"}],"is_trial":false,"path_per_floor":["M","M","M","?","M","?","R","E","T","R","$","E","M","M","R","B",null,"M","$","M","?","M","E","?","R","T","E","M","M","?","$","R","B",null,"M","?","?","M","?","R","M","E","T","R","E","R","T","M","R","B"],"character_chosen":"THE_SILENT","items_purchased":["Malaise","Energy Potion","Chemical X","Magnetism"],"campfire_rested":3,"item_purchase_floors":[11,11,19,31],"current_hp_per_floor":[65,63,63,78,71,67,67,31,31,31,31,25,18,10,10,15,66,59,59,59,59,43,17,17,41,41,39,38,25,25,25,49,11,65,10,10,10,9,68,68,68,81,81,81,64,64,64,40,64,0],"gold":332,"neow_bonus":"TWENTY_PERCENT_HP_BONUS","is_prod":false,"is_daily":false,"rewards_skipped":[{"floor":27,"relics":[],"potions":["SkillPotion"]},{"floor":35,"relics":[],"potions":["FearPotion"]},{"floor":42,"relics":[],"potions":["Dexterity Potion"]}],"chose_seed":false,"campfire_upgraded":5,"win_rate":0,"floor_exit_playtime":[217,292,362,382,446,494,534,622,626,635,713,975,1053,1149,1187,1320,1518,1836,1911,2176,2187,2457,2795,2854,2858,2931,3082,3203,3431,3477,3522,3526,3915,4068,4662,4727,4754,4917,4936,4969,5123,5418,5424,5568,5854,5860,5871,6163,6300],"timestamp":1673124120,"blue_key_relic_skipped_log":{"floor":43,"relicID":"Smiling Mask"},"path_taken":["M","M","M","?","M","?","R","E","T","R","$","E","?","M","R","BOSS","M","$","?","?","M","E","?","R","T","E","?","M","?","$","R","BOSS","M","?","?","M","?","R","M","E","T","R","E","R","?","M","R","BOSS"],"build_version":"2022-12-18","purchased_purges":1,"victory":false,"max_hp_per_floor":[78,78,78,78,78,78,78,78,78,78,78,78,78,78,78,83,83,83,83,83,83,83,83,83,83,83,83,83,83,83,83,83,83,83,83,83,83,83,68,68,68,82,82,82,82,82,82,82,82,82],"relic_stats":{"Nunchaku":[25],"Lizard Tail":41,"Happy Flower":[55],"Gremlin Horn":[28,28],"counters":[24,187],"Mummified Hand":[46],"CeramicFish":198,"Chemical X":[17],"Bottled Lightning":"Malaise","Cursed Key":2,"obtain_stats":[{"Happy Flower":8,"Gremlin Horn":26,"CeramicFish":9,"Mango":42,"Cursed Key":17,"Akabeko":12,"SlaversCollar":34,"Nunchaku":21,"Lizard Tail":45,"Mummified Hand":27,"Chemical X":19,"Bottled Lightning":23,"Ring of the Snake":0},{"Happy Flower":5,"Gremlin Horn":13,"CeramicFish":5,"Mango":21,"Cursed Key":9,"Akabeko":6,"SlaversCollar":17,"Nunchaku":11,"Lizard Tail":22,"Mummified Hand":14,"Chemical X":10,"Bottled Lightning":13,"Ring of the Snake":0},{"Happy Flower":22,"Gremlin Horn":71,"CeramicFish":22,"Mango":132,"Cursed Key":48,"Akabeko":28,"SlaversCollar":96,"Nunchaku":55,"Lizard Tail":140,"Mummified Hand":78,"Chemical X":52,"Bottled Lightning":71,"Ring of the Snake":0}],"Ring of the Snake":[48]},"card_choices":[{"not_picked":["Outmaneuver","Finisher"],"picked":"Quick Slash","floor":1},{"not_picked":["Dodge and Roll","Poisoned Stab"],"picked":"Dagger Spray","floor":2},{"not_picked":["PiercingWail","Sucker Punch"],"picked":"Bouncing Flask","floor":3},{"not_picked":["Underhanded Strike","Dodge and Roll","Deflect"],"picked":"SKIP","floor":5},{"not_picked":["Deadly Poison","Dodge and Roll","Prepared"],"picked":"SKIP","floor":8},{"not_picked":["Prepared","Deadly Poison"],"picked":"Catalyst","floor":12},{"not_picked":["Sucker Punch","Dagger Spray"],"picked":"After Image","floor":13},{"not_picked":["Deflect","Quick Slash"],"picked":"Acrobatics","floor":14},{"not_picked":["Night Terror","Grand Finale"],"picked":"Venomology","floor":16},{"not_picked":["Bouncing Flask","Dodge and Roll"],"picked":"Dash","floor":18},{"not_picked":["Sucker Punch+1","Riddle With Holes"],"picked":"Leg Sweep","floor":20},{"not_picked":["Underhanded Strike","Slice"],"picked":"Flying Knee+1","floor":22},{"not_picked":["Backflip","Predator"],"picked":"Bullet Time","floor":23},{"not_picked":["Cloak And Dagger","Blade Dance+1"],"picked":"Noxious Fumes","floor":27},{"not_picked":["Blade Dance","Expertise"],"picked":"Backflip","floor":28},{"not_picked":["Deadly Poison","Dodge and Roll"],"picked":"Blade Dance","floor":29},{"not_picked":["Burst","Phantasmal Killer"],"picked":"Wraith Form v2","floor":33},{"not_picked":["Underhanded Strike+1","Cloak And Dagger","Infinite Blades"],"picked":"SKIP","floor":35},{"not_picked":["Trip","Violence"],"picked":"PanicButton","floor":37},{"not_picked":["Quick Slash","Prepared"],"picked":"Leg Sweep","floor":38},{"not_picked":["Deflect","Dagger Throw"],"picked":"Acrobatics+1","floor":41},{"not_picked":["Crippling Poison","Caltrops"],"picked":"Noxious Fumes+1","floor":42},{"not_picked":["Crippling Poison","Choke","Endless Agony"],"picked":"SKIP","floor":45},{"not_picked":["Leg Sweep","Predator"],"picked":"Backflip","floor":48}],"player_experience":4948879,"relics_obtained":[{"floor":8,"key":"Happy Flower"},{"floor":9,"key":"CeramicFish"},{"floor":12,"key":"Akabeko"},{"floor":23,"key":"Bottled Lightning"},{"floor":26,"key":"Gremlin Horn"},{"floor":27,"key":"Mummified Hand"},{"floor":42,"key":"Mango"},{"floor":45,"key":"Lizard Tail"}],"event_choices":[{"damage_healed":26,"gold_gain":0,"player_choice":"Banana","damage_taken":0,"max_hp_gain":0,"max_hp_loss":0,"event_name":"Big Fish","floor":4,"gold_loss":0},{"damage_healed":0,"gold_gain":0,"player_choice":"Bought 0 Potions","damage_taken":0,"max_hp_gain":0,"max_hp_loss":0,"event_name":"The Woman in Blue","floor":6,"gold_loss":0},{"damage_healed":0,"gold_gain":0,"player_choice":"Opened","damage_taken":0,"relics_obtained":["Nunchaku"],"max_hp_gain":0,"max_hp_loss":0,"event_name":"The Mausoleum","floor":21,"gold_loss":0,"cards_obtained":["Writhe"]},{"damage_healed":0,"gold_gain":0,"player_choice":"Forge","damage_taken":0,"max_hp_gain":0,"max_hp_loss":0,"event_name":"Accursed Blacksmith","floor":24,"gold_loss":0,"cards_upgraded":["Catalyst"]},{"damage_healed":0,"gold_gain":50,"player_choice":"Stole From Cult","damage_taken":0,"max_hp_gain":0,"max_hp_loss":0,"event_name":"Nest","floor":30,"gold_loss":0},{"damage_healed":0,"gold_gain":0,"player_choice":"Ignored","damage_taken":0,"max_hp_gain":0,"max_hp_loss":0,"event_name":"Mysterious Sphere","floor":36,"gold_loss":0},{"damage_healed":0,"gold_gain":0,"player_choice":"Memory 1","damage_taken":0,"max_hp_gain":0,"max_hp_loss":0,"event_name":"SensoryStone","floor":37,"gold_loss":0},{"damage_healed":68,"gold_gain":0,"player_choice":"Heal","damage_taken":0,"max_hp_gain":0,"max_hp_loss":15,"event_name":"The Moai Head","floor":39,"gold_loss":0}],"is_beta":false,"boss_relics":[{"not_picked":["Ring of the Serpent","Tiny House"],"picked":"Cursed Key"},{"not_picked":["Velvet Choker","Empty Cage"],"picked":"SlaversCollar"}],"items_purged_floors":[31],"is_endless":false,"potions_floor_spawned":[3,5,12,16,18,23,27,35,42],"killed_by":"Awakened One","ascension_level":20,"potion_discard_per_floor":[[],[],[],[],[],[],[],[],[],[],[],["Energy Potion"],[],[],[],[],[],["CultistPotion"],[],[],[],[],["Weak Potion"],[],[],[],[],[],[],[],[],[],[],[],[],[],[],[],[],[],[],[],[],[],[],[],[],[],[],[]]}