{"neow_bonuses_skipped_log":["RANDOM_COLORLESS","THREE_SMALL_POTIONS","BOSS_RELIC"],"potions_obtained_entropic_brew":[[],[],[],[],[],[],[],[],[],[],[],[],[],[],[],[],[],[],[],[],[],[],[],[],[],[],[],[],[],[],[],[],[],[],[],[],[],[],[],[],[],[],[],[],[],[],[],[],[],[],[],[],[],[],[],[],[]],"neow_costs_skipped_log":["NONE","NONE","NONE"],"gold_per_floor":[16,31,47,63,76,76,40,40,40,40,71,86,102,137,137,215,215,215,4,4,0,0,0,0,0,0,0,0,0,0,0,0,0,0,0,0,0,0,0,0,0,0,0,0,0,0,0,0,0,0,0,0,0,0,0,0],"floor_reached":57,"playtime":5225,"items_purged":[],"score":3042,"play_id":"12d22bfc-b575-47d9-bbb8-d9d6a3f059e3","local_time":"20230107171835","score_breakdown":["Floors Climbed (57): 285","Enemies Slain (18): 36","Exordium Elites Killed (2): 20","City Elites Killed (2): 40","Beyond Elites Killed (3): 90","Bosses Slain (5): 750","Collector (1): 25","Librarian: 25","Champion (5): 125","Overkill: 25","Ascension (20): 1371","Heartbreaker: 250"],"is_ascension_mode":true,"potions_obtained_alchemize":[[],[],[],[],[],[],[],[],[],[],[],[],[],[],[],[],[],[],[],[],[],[],[],[],[],[],[],[],[],[],[],[],[],[],[],[],[],[],[],[],[],[],[],[],[],[],[],[],[],[],[],[],[],[],[],[],[]],"campfire_choices":[{"data":"Predator","floor":6,"key":"SMITH"},{"data":"Dagger Spray","floor":8,"key":"SMITH"},{"floor":10,"key":"REST"},{"data":"Terror","floor":15,"key":"SMITH"},{"data":"Apotheosis","floor":25,"key":"SMITH"},{"data":"Wraith Form v2","floor":28,"key":"SMITH"},{"data":"Wraith Form v2","floor":32,"key":"SMITH"},{"data":"Calculated Gamble","floor":41,"key":"SMITH"},{"floor":45,"key":"RECALL"},{"data":"Calculated Gamble","floor":47,"key":"SMITH"},{"data":"Wraith Form v2","floor":49,"key":"SMITH"},{"data":"Corpse Explosion","floor":53,"key":"SMITH"}],"lesson_learned_per_floor":[[],[],[],[],[],[],[],[],[],[],[],[],[],[],[],[],[],[],[],[],[],[],[],[],[],[],[],[],[],[],[],[],[],[],[],[],[],[],[],[],[],[],[],[],[],[],[],[],[],[],[],[],[],[],[],[],[]],"neow_cost":"NO_GOLD","improvable_cards":{},"seed_source_timestamp":-1357349890692061458,"shop_contents":[{"floor":7,"relics":["Tough Bandages","Tiny Chest","OrangePellets"],"cards":["Grand Finale","Expertise","Blur","Footwork","Impatience","Violence"],"potions":["CultistPotion","BlessingOfTheForge","SteroidPotion"]},{"floor":19,"relics":["Sundial","Torii","TheAbacus"],"cards":["Bane","Quick Slash","Concentrate","Prepared","Caltrops","Blind"],"potions":["LiquidBronze","Strength Potion","Block Potion"]},{"floor":54,"relics":["Blood Vial","Bronze Scales","Chemical X"],"cards":["Flying Knee","Dagger Spray","Terror","Deflect","Accuracy+1","Deep Breath","Thinking Ahead"],"potions":["Energy Potion","EssenceOfSteel","LiquidMemories"]}],"circlet_count":0,"master_deck":["AscendersBane","Strike_G","Strike_G","Strike_G","Defend_G","Defend_G","Defend_G","Defend_G","Defend_G","Survivor","Neutralize","Predator+1","Blade Dance","Terror+1","Blade Dance","Dagger Spray+1","Backstab","Footwork","Malaise","Dodge and Roll+1","Apotheosis+1","Wraith Form v2+1","Dagger Throw","Shame","Wraith Form v2+1","Calculated Gamble+1","Reflex","Corpse Explosion+1","Deflect","Wraith Form v2+1","Setup","Calculated Gamble+1","PiercingWail","Wraith Form v2","Wraith Form v2+1","Deadly Poison+1","Burst"],"special_seed":0,"potion_use_per_floor":[[],[],[],["SpeedPotion"],[],[],[],[],[],[],[],[],[],["SteroidPotion"],[],[],[],[],[],[],[],[],[],["Fire Potion"],[],[],[],[],[],[],[],[],[],[],[],[],[],[],[],[],[],[],[],[],[],[],[],[],[],[],[],[],[],[],[],["LiquidMemories","LiquidMemories"],[]],"relics":["Ring of the Snake","Mercury Hourglass","Darkstone Periapt","Eternal Feather","Ectoplasm","Oddly Smooth Stone","FossilizedHelix","Akabeko","Lizard Tail","Runic Pyramid","The Specimen","Boot","StrikeDummy","Frozen Egg 2","Letter Opener"],"potions_floor_usage":[4,14,24,56,56],"damage_taken":[{"damage":1.0,"enemies":"Cultist","floor":1.0,"turns":4.0},{"damage":0.0,"enemies":"2 Louse","floor":2.0,"turns":3.0},{"damage":2.0,"enemies":"Small Slimes","floor":3.0,"turns":3.0},{"damage":39,"enemies":"Exordium Wildlife","floor":4,"turns":10},{"damage":8,"enemies":"Blue Slaver","floor":5,"turns":3},{"damage":6,"enemies":"Gremlin Nob","floor":11,"turns":3},{"damage":0,"enemies":"Red Slaver","floor":12,"turns":2},{"damage":7,"enemies":"Exordium Wildlife","floor":13,"turns":3},{"damage":0,"enemies":"3 Sentries","floor":14,"turns":1},{"damage":23,"enemies":"The Guardian","floor":16,"turns":14},{"damage":10,"enemies":"Shell Parasite","floor":18,"turns":5},{"damage":0,"enemies":"2 Thieves","floor":21,"turns":4},{"damage":22,"enemies":"Slavers","floor":23,"turns":8},{"damage":15,"enemies":"Shelled Parasite and Fungi","floor":24,"turns":4},{"damage":0,"enemies":"Chosen and Byrds","floor":27,"turns":4},{"damage":0,"enemies":"Gremlin Leader","floor":29,"turns":5},{"damage":0,"enemies":"Snake Plant","floor":30,"turns":4},{"damage":0,"enemies":"Snecko","floor":31,"turns":5},{"damage":25,"enemies":"Collector","floor":33,"turns":12},{"damage":0,"enemies":"Orb Walker","floor":35,"turns":3},{"damage":0,"enemies":"Mind Bloom Boss Battle","floor":36,"turns":6},{"damage":13,"enemies":"3 Darklings","floor":38,"turns":4},{"damage":0,"enemies":"Transient","floor":39,"turns":6},{"damage":0,"enemies":"Giant Head","floor":40,"turns":9},{"damage":0,"enemies":"Writhing Mass","floor":42,"turns":8},{"damage":0,"enemies":"Nemesis","floor":44,"turns":9},{"damage":0,"enemies":"Reptomancer","floor":46,"turns":7},{"damage":0,"enemies":"Spire Growth","floor":48,"turns":7},{"damage":22,"enemies":"Awakened One","floor":50,"turns":23},{"damage":7,"enemies":"Donu and Deca","floor":51,"turns":8},{"damage":7,"enemies":"Shield and Spear","floor":55,"turns":8},{"damage":65,"enemies":"The Heart","floor":56,"turns":13}],"green_key_taken_log":14,"seed_played":"-7639706922464579871","neow_bonus_log":{"cardsObtained":[],"cardsUpgraded":[],"cardsRemoved":[],"cardsTransformed":[],"relicsObtained":[],"maxHpGained":12,"goldGained":0,"damageTaken":0,"goldLost":99,"maxHpLost":0},"potions_obtained":[{"floor":2.0,"key":"SpeedPotion"},{"floor":3.0,"key":"SteroidPotion"},{"floor":12,"key":"LiquidMemories"},{"floor":21,"key":"Fire Potion"},{"floor":24,"key":"LiquidMemories"}],"is_trial":false,"path_per_floor":["M","M","M","M","M","R","$","R","T","R","E","M","M","E","R","B",null,"M","$","?","M","?","E","M","R","T","M","R","E","M","M","R","B",null,"M","?","?","M","M","E","R","M","T","E","R","E","R","M","R","B","B",null,"R","$","E","B",null],"character_chosen":"THE_SILENT","items_purchased":["Backstab","Apotheosis"],"campfire_rested":1,"item_purchase_floors":[7,19],"current_hp_per_floor":[70,70,68,29,21,21,21,21,21,44,38,38,31,31,43,20,64,54,54,54,54,60,38,23,38,38,38,53,53,53,53,68,43,74,74,74,74,61,61,61,79,79,79,79,84,84,84,84,84,62,55,77,84,84,77,12],"gold":0,"neow_bonus":"TWENTY_PERCENT_HP_BONUS","is_prod":false,"is_daily":false,"rewards_skipped":[{"floor":27,"relics":[],"potions":["SneckoOil"]},{"floor":31,"relics":[],"potions":["BlessingOfTheForge"]},{"floor":35,"relics":[],"potions":["Dexterity Potion"]},{"floor":39,"relics":[],"potions":["Swift Potion"]},{"floor":48,"relics":[],"potions":["SpeedPotion"]},{"floor":55,"relics":[],"potions":["Explosive Potion"]}],"chose_seed":false,"campfire_upgraded":10,"win_rate":0,"floor_exit_playtime":[127,180,239,687,744,751,771,779,784,790,883,943,1029,1078,1107,1422,1654,1766,1801,1892,1972,2009,2238,2381,2391,2394,2524,2531,2590,2639,2705,2710,3002,3038,3080,3183,3216,3318,3383,3553,3565,3762,3768,4004,4013,4181,4188,4257,4268,4629,4795,4807,4819,4825,4951,5225],"timestamp":1673129915,"blue_key_relic_skipped_log":{"floor":43,"relicID":"Meat on the Bone"},"path_taken":["M","M","M","?","M","R","$","R","T","R","E","M","?","E","R","BOSS","M","$","?","M","?","E","M","R","T","M","R","E","M","M","R","BOSS","M","?","?","M","M","E","R","M","T","E","R","E","R","M","R","BOSS","BOSS","R","$","E","BOSS"],"build_version":"2022-12-18","purchased_purges":0,"victory":true,"max_hp_per_floor":[78,78,78,78,78,78,78,78,78,78,78,78,78,78,78,78,78,78,78,78,78,84,84,84,84,84,84,84,84,84,84,84,84,84,84,84,84,84,84,84,84,84,84,84,84,84,84,84,84,84,84,84,84,84,84,84],"relic_stats":{"Darkstone Periapt":6,"Lizard Tail":0,"The Specimen":[19],"counters":[32,207],"Eternal Feather":87,"Ectoplasm":461,"Letter Opener":[25],"Boot":[93],"obtain_stats":[{"Darkstone Periapt":11,"The Specimen":36,"Oddly Smooth Stone":22,"Eternal Feather":14,"Letter Opener":55,"Frozen Egg 2":46,"Boot":40,"Akabeko":26,"Mercury Hourglass":9,"Lizard Tail":29,"Ectoplasm":17,"StrikeDummy":44,"FossilizedHelix":23,"Ring of the Snake":0,"Runic Pyramid":34},{"Darkstone Periapt":6,"The Specimen":21,"Oddly Smooth Stone":12,"Eternal Feather":9,"Letter Opener":31,"Frozen Egg 2":27,"Boot":24,"Akabeko":14,"Mercury Hourglass":5,"Lizard Tail":16,"Ectoplasm":10,"StrikeDummy":26,"FossilizedHelix":13,"Ring of the Snake":0,"Runic Pyramid":19},{"Darkstone Periapt":26,"The Specimen":105,"Oddly Smooth Stone":55,"Eternal Feather":32,"Letter Opener":194,"Frozen Egg 2":148,"Boot":124,"Akabeko":67,"Mercury Hourglass":23,"Lizard Tail":75,"Ectoplasm":46,"StrikeDummy":141,"FossilizedHelix":63,"Ring of the Snake":0,"Runic Pyramid":96}],"FossilizedHelix":[127],"Ring of the Snake":[64],"Mercury Hourglass":[676]},"card_choices":[{"not_picked":["Quick Slash","Poisoned Stab"],"picked":"Predator","floor":1.0},{"not_picked":["Slice","Deflect"],"picked":"Blade Dance","floor":2.0},{"not_picked":["Eviscerate","Quick Slash"],"picked":"Terror","floor":3.0},{"not_picked":["Flying Knee","Acrobatics"],"picked":"Blade Dance","floor":4},{"not_picked":["Setup","Tactician"],"picked":"Dagger Spray","floor":5},{"not_picked":["Blur","Choke"],"picked":"Footwork","floor":11},{"not_picked":["Heel Hook","Noxious Fumes","Expertise"],"picked":"SKIP","floor":12},{"not_picked":["Endless Agony","Deadly Poison","Flying Knee"],"picked":"SKIP","floor":13},{"not_picked":["Catalyst","Deadly Poison","Choke"],"picked":"SKIP","floor":14},{"not_picked":["Catalyst","Deadly Poison","Choke"],"picked":"SKIP","floor":14},{"not_picked":["Catalyst","Deadly Poison","Choke"],"picked":"SKIP","floor":14},{"not_picked":["Burst","Envenom"],"picked":"Malaise","floor":16},{"not_picked":["Sucker Punch","Noxious Fumes"],"picked":"Dodge and Roll+1","floor":18},{"not_picked":["Distraction","Slice","Underhanded Strike"],"picked":"SKIP","floor":21},{"not_picked":["Dagger Spray","PiercingWail"],"picked":"Wraith Form v2","floor":23},{"not_picked":["Flechettes","Sucker Punch","Tactician"],"picked":"SKIP","floor":24},{"not_picked":["Sucker Punch","Reflex+1","Deadly Poison"],"picked":"SKIP","floor":27},{"not_picked":["PiercingWail","Prepared"],"picked":"Calculated Gamble","floor":29},{"not_picked":["Cloak And Dagger","Dagger Spray","Skewer"],"picked":"SKIP","floor":30},{"not_picked":["Heel Hook","Flechettes"],"picked":"Reflex","floor":31},{"not_picked":["Die Die Die","Bullet Time"],"picked":"Corpse Explosion","floor":33},{"not_picked":["Blade Dance","Heel Hook+1","Flying Knee"],"picked":"SKIP","floor":35},{"not_picked":["Blade Dance","Heel Hook+1","Flying Knee"],"picked":"SKIP","floor":35},{"not_picked":["Dagger Throw","Skewer"],"picked":"Deflect","floor":36},{"not_picked":["Flying Knee","Quick Slash"],"picked":"Setup","floor":38},{"not_picked":["Cloak And Dagger","Deadly Poison+1"],"picked":"Calculated Gamble","floor":39},{"not_picked":["Slice+1","Outmaneuver"],"picked":"PiercingWail","floor":40},{"not_picked":["Finisher+1","Expertise"],"picked":"Wraith Form v2","floor":42},{"not_picked":["Deadly Poison+1","Terror+1"],"picked":"Wraith Form v2","floor":44},{"not_picked":["Dagger Spray","Quick Slash","Tools of the Trade+1"],"picked":"SKIP","floor":46},{"not_picked":["Infinite Blades+1","Cloak And Dagger"],"picked":"Deadly Poison+1","floor":48},{"not_picked":["Dagger Spray+1","Dagger Throw+1"],"picked":"Burst","floor":55}],"player_experience":4956370,"relics_obtained":[{"floor":9,"key":"Mercury Hourglass"},{"floor":11,"key":"Darkstone Periapt"},{"floor":14,"key":"Eternal Feather"},{"floor":23,"key":"FossilizedHelix"},{"floor":26,"key":"Akabeko"},{"floor":29,"key":"Lizard Tail"},{"floor":36,"key":"The Specimen"},{"floor":40,"key":"Boot"},{"floor":44,"key":"StrikeDummy"},{"floor":46,"key":"Frozen Egg 2"},{"floor":55,"key":"Letter Opener"}],"event_choices":[{"damage_healed":0,"gold_gain":0,"cards_transformed":["Strike_G","Strike_G"],"player_choice":"Became Test Subject","damage_taken":0,"max_hp_gain":0,"max_hp_loss":0,"event_name":"Drug Dealer","floor":20,"gold_loss":0,"cards_obtained":["Wraith Form v2","Dagger Throw"]},{"damage_healed":0,"gold_gain":0,"player_choice":"Stole Relic","damage_taken":0,"relics_obtained":["Oddly Smooth Stone"],"max_hp_gain":0,"max_hp_loss":0,"event_name":"Addict","floor":22,"gold_loss":0,"cards_obtained":["Shame"]},{"damage_healed":0,"gold_gain":0,"player_choice":"Fight","damage_taken":0,"max_hp_gain":0,"max_hp_loss":0,"event_name":"MindBloom","floor":36,"gold_loss":0},{"damage_healed":0,"gold_gain":0,"player_choice":"Copied","damage_taken":0,"max_hp_gain":0,"max_hp_loss":0,"event_name":"Duplicator","floor":37,"gold_loss":0,"cards_obtained":["Wraith Form v2"]}],"is_beta":false,"boss_relics":[{"not_picked":["SacredBark","Tiny House"],"picked":"Ectoplasm"},{"not_picked":["HoveringKite","Ring of the Serpent"],"picked":"Runic Pyramid"}],"items_purged_floors":[],"is_endless":false,"potions_floor_spawned":[2,3,12,21,24,27,31,35,39,48,55],"ascension_level":20,"potion_discard_per_floor":[[],[],[],[],[],[],[],[],[],[],[],[],[],[],[],[],[],[],[],[],[],[],[],[],[],[],[],[],[],[],[],[],[],[],[],[],[],[],[],[],[],[],[],[],[],[],[],[],[],[],[],[],[],[],[],[],[]]}