{"neow_bonuses_skipped_log":["THREE_CARDS","THREE_ENEMY_KILL","BOSS_RELIC"],"potions_obtained_entropic_brew":[[],[],[],[],[],[],[],[],[],[],[],[],[],[],[],[]],"neow_costs_skipped_log":["NONE","NONE","NONE"],"gold_per_floor":[16,28,28,51,51,94,127,160,160,160,174,190,190,234,234,234],"floor_reached":16,"playtime":1121,"items_purged":[],"score":240,"play_id":"b130c794-c0a1-4bb4-8a85-110cf2ec5704","local_time":"20230111184217","score_breakdown":["Floors Climbed (16): 80","Enemies Slain (5): 10","Exordium Elites Killed (3): 30","Bosses Slain (0): 0","Ascension (20): 120"],"is_ascension_mode":true,"potions_obtained_alchemize":[[],[],[],[],[],[],[],[],[],[],[],[],[],[],[],[]],"campfire_choices":[{"data":"Blade Dance","floor":10,"key":"SMITH"},{"data":"Terror","floor":15,"key":"SMITH"}],"lesson_learned_per_floor":[[],[],[],[],[],[],[],[],[],[],[],[],[],[],[],[]],"neow_cost":"NO_GOLD","improvable_cards":{},"seed_source_timestamp":-3987102033605596531,"shop_contents":[],"circlet_count":0,"master_deck":["AscendersBane","Strike_G","Strike_G","Strike_G","Strike_G","Strike_G","Defend_G","Defend_G","Defend_G","Defend_G","Defend_G","Survivor","Neutralize","Blade Dance+1","PiercingWail","Predator+1","Dagger Throw","Blade Dance","Calculated Gamble","Terror+1","Calculated Gamble","Deflect"],"potion_use_per_floor":[[],[],[],[],[],["AttackPotion"],[],["PowerPotion","Weak Potion"],[],[],[],[],[],[],[],[]],"relics":["Ring of the Snake","Golden Idol","Vajra","Odd Mushroom","Singing Bowl","Snake Skull"],"potions_floor_usage":[6,8,8],"damage_taken":[{"damage":0,"enemies":"Jaw Worm","floor":1,"turns":6},{"damage":7,"enemies":"Small Slimes","floor":2,"turns":4},{"damage":0,"enemies":"Cultist","floor":4,"turns":3},{"damage":7,"enemies":"3 Sentries","floor":6,"turns":6},{"damage":8,"enemies":"The Mushroom Lair","floor":7,"turns":5},{"damage":10,"enemies":"Lagavulin","floor":8,"turns":5},{"damage":1,"enemies":"Exordium Wildlife","floor":11,"turns":3},{"damage":1,"enemies":"Looter","floor":12,"turns":3},{"damage":10,"enemies":"Gremlin Nob","floor":14,"turns":3},{"damage":29,"enemies":"The Guardian","floor":16,"turns":9}],"seed_played":"-8354566205744117863","neow_bonus_log":{"cardsObtained":[],"cardsUpgraded":[],"cardsRemoved":[],"cardsTransformed":[],"relicsObtained":[],"maxHpGained":12,"goldGained":0,"damageTaken":0,"goldLost":99,"maxHpLost":0},"potions_obtained":[{"floor":4,"key":"AttackPotion"},{"floor":6,"key":"PowerPotion"},{"floor":7,"key":"Weak Potion"},{"floor":11,"key":"Energy Potion"}],"is_trial":false,"path_per_floor":["M","M","?","M","?","E","?","E","T","R","M","M","?","E","R","B"],"character_chosen":"THE_SILENT","items_purchased":[],"campfire_rested":0,"item_purchase_floors":[],"current_hp_per_floor":[71,64,64,64,64,57,49,39,39,39,38,37,37,27,27,0],"gold":234,"neow_bonus":"TWENTY_PERCENT_HP_BONUS","is_prod":false,"is_daily":false,"rewards_skipped":[],"chose_seed":false,"campfire_upgraded":2,"win_rate":0,"floor_exit_playtime":[144,211,215,249,275,413,499,617,635,713,761,797,836,933,941],"timestamp":1673480537,"blue_key_relic_skipped_log":{"floor":9,"relicID":"Juzu Bracelet"},"path_taken":["M","M","?","M","?","E","?","E","T","R","M","M","?","E","R","BOSS"],"build_version":"2022-12-18","purchased_purges":0,"victory":false,"max_hp_per_floor":[78,78,71,71,71,71,71,71,71,71,71,71,71,71,71,71],"relic_stats":{"Singing Bowl":0,"counters":[10,47],"Golden Idol":43,"Snake Skull":[0],"obtain_stats":[{"Singing Bowl":8,"Golden Idol":3,"Vajra":6,"Snake Skull":14,"Odd Mushroom":7,"Ring of the Snake":0},{"Singing Bowl":6,"Golden Idol":2,"Vajra":4,"Snake Skull":9,"Odd Mushroom":5,"Ring of the Snake":0},{"Singing Bowl":29,"Golden Idol":10,"Vajra":19,"Snake Skull":38,"Odd Mushroom":24,"Ring of the Snake":0}],"Ring of the Snake":[20]},"card_choices":[{"not_picked":["Reflex","Caltrops"],"picked":"Blade Dance","floor":1},{"not_picked":["Setup","Riddle With Holes"],"picked":"PiercingWail","floor":2},{"not_picked":["Outmaneuver","Dagger Throw"],"picked":"Predator","floor":4},{"not_picked":["Caltrops","Crippling Poison"],"picked":"Dagger Throw","floor":6},{"not_picked":["Bane","Cloak And Dagger"],"picked":"Blade Dance","floor":7},{"not_picked":["Underhanded Strike","Dagger Throw"],"picked":"Calculated Gamble","floor":8},{"not_picked":["PiercingWail","Endless Agony"],"picked":"Terror","floor":11},{"not_picked":["Endless Agony","Bane"],"picked":"Calculated Gamble","floor":12},{"not_picked":["Outmaneuver","Flying Knee"],"picked":"Deflect","floor":14}],"player_experience":4985443,"relics_obtained":[{"floor":6,"key":"Vajra"},{"floor":7,"key":"Odd Mushroom"},{"floor":8,"key":"Singing Bowl"},{"floor":14,"key":"Snake Skull"}],"event_choices":[{"damage_healed":0,"gold_gain":0,"player_choice":"Lose Max HP","damage_taken":0,"relics_obtained":["Golden Idol"],"max_hp_gain":0,"max_hp_loss":7,"event_name":"Golden Idol","floor":3,"gold_loss":0},{"damage_healed":0,"gold_gain":0,"player_choice":"Grow","damage_taken":0,"max_hp_gain":0,"max_hp_loss":0,"event_name":"Living Wall","floor":5,"gold_loss":0,"cards_upgraded":["Predator"]},{"damage_healed":0,"gold_gain":0,"player_choice":"Fought Mushrooms","damage_taken":0,"max_hp_gain":0,"max_hp_loss":0,"event_name":"Mushrooms","floor":7,"gold_loss":0},{"damage_healed":0,"gold_gain":0,"player_choice":"Searched \u00270\u0027 times","damage_taken":0,"max_hp_gain":0,"max_hp_loss":0,"event_name":"Dead Adventurer","floor":13,"gold_loss":0}],"is_beta":false,"boss_relics":[],"items_purged_floors":[],"is_endless":false,"potions_floor_spawned":[4,6,7,11],"killed_by":"The Guardian","ascension_level":20,"potion_discard_per_floor":[[],[],[],[],[],[],[],[],[],[],[],[],[],[],[],[]]}