{"neow_bonuses_skipped_log":["THREE_CARDS","THREE_ENEMY_KILL","TRANSFORM_TWO_CARDS"],"potions_obtained_entropic_brew":[[],[],[],[],[],[],[],[],[],[],[],[],[],[],[],[],[],[],[],[],[],[],[],[],[],[],[],[],[],[],[],[],[],[],[],[],[],[],[],[],[],[],[],[],[],[],[],[],[],[],[],[],[],[],[],[],[]],"neow_costs_skipped_log":["NONE","NONE","NO_GOLD"],"gold_per_floor":[111,122,122,141,63,63,63,89,89,124,124,124,124,158,158,230,230,250,269,544,76,88,120,120,146,146,166,181,181,201,211,211,289,289,303,320,320,45,45,45,76,87,87,103,17,36,55,83,83,83,83,83,83,16,43,43],"floor_reached":57,"playtime":5312,"items_purged":["Regret","Strike_B"],"score":2769,"play_id":"4dcf9047-ed6e-47ca-ae3a-7b194545e4d4","local_time":"20240211183703","score_breakdown":["Floors Climbed (57): 285","Enemies Slain (16): 32","Exordium Elites Killed (3): 30","City Elites Killed (2): 40","Beyond Elites Killed (2): 60","Bosses Slain (5): 750","Librarian: 25","Champion (1): 25","Overkill: 25","Ascension (20): 1247","Heartbreaker: 250"],"is_ascension_mode":true,"potions_obtained_alchemize":[[],[],[],[],[],[],[],[],[],[],[],[],[],[],[],[],[],[],[],[],[],[],[],[],[],[],[],[],[],[],[],[],[],[],[],[],[],[],[],[],[],[],[],[],[],[],[],[],[],[],[],[],[],[],[],[],[]],"campfire_choices":[{"data":"Doom and Gloom","floor":6,"key":"SMITH"},{"data":"Coolheaded","floor":11,"key":"SMITH"},{"floor":13,"key":"REST"},{"data":"Sweeping Beam","floor":15,"key":"SMITH"},{"floor":24,"key":"REST"},{"floor":29,"key":"REST"},{"data":"Consume","floor":32,"key":"SMITH"},{"data":"Redo","floor":40,"key":"SMITH"},{"floor":49,"key":"RECALL"},{"data":"Coolheaded","floor":53,"key":"SMITH"}],"lesson_learned_per_floor":[[],[],[],[],[],[],[],[],[],[],[],[],[],[],[],[],[],[],[],[],[],[],[],[],[],[],[],[],[],[],[],[],[],[],[],[],[],[],[],[],[],[],[],[],[],[],[],[],[],[],[],[],[],[],[],[],[]],"neow_cost":"NONE","improvable_cards":{},"seed_source_timestamp":12547696933764,"shop_contents":[{"floor":3,"relics":["Sundial","Gremlin Horn","TheAbacus"],"cards":["Rip and Tear","Sweeping Beam","Leap","Steam","Capacitor","Blind","Panache"],"potions":["PowerPotion","ColorlessPotion","FearPotion"]},{"floor":5,"relics":["Bronze Scales","Bottled Flame","Strange Spoon"],"cards":["Melter","Tempest","Leap","Capacitor","Discovery","Sadistic Nature"],"potions":["SteroidPotion","Block Potion","PowerPotion"]},{"floor":21,"relics":["Toy Ornithopter","Calipers","CeramicFish"],"cards":["Gash","Scrape","Conserve Battery","Darkness","Self Repair","Purity","Sadistic Nature"],"potions":["FearPotion","Regen Potion","FearPotion"]},{"floor":38,"relics":["Boot","CaptainsWheel","Ginger"],"cards":["Barrage","All For One","Redo","Redo","Hello World","Dramatic Entrance","Master of Strategy"],"potions":["Strength Potion","DistilledChaos","FearPotion"]},{"floor":45,"relics":["Blood Vial","Pen Nib","StrikeDummy"],"cards":["Blizzard","Rip and Tear","Turbo","Conserve Battery","Static Discharge","Purity","Master of Strategy"],"potions":["Block Potion","Regen Potion","LiquidBronze"]},{"floor":54,"relics":["Anchor","Ice Cream","Orrery"],"cards":["Blizzard","Thunder Strike","Turbo","Leap","Hello World","Trip","Secret Weapon"],"potions":["AttackPotion","Weak Potion","AttackPotion"]}],"circlet_count":0,"master_deck":["AscendersBane","Defend_B","Defend_B","Defend_B","Defend_B","Zap","Dualcast","Sweeping Beam+1","Doom and Gloom+1","Cold Snap+1","Coolheaded+1","Compile Driver","Multi-Cast","Skim+1","Steam+1","Self Repair","Redo+1","Self Repair","Consume+1","BootSequence","Skim","Conserve Battery","Beam Cell","Capacitor","Echo Form","Compile Driver","Echo Form","Cold Snap+1","Master of Strategy","Dark Shackles","Chill","Capacitor","Coolheaded+1","Aggregate","Aggregate","Hologram","Coolheaded","Go for the Eyes","Loop","Chill+1"],"potion_use_per_floor":[[],[],[],[],[],[],[],["Regen Potion","Fire Potion"],[],["EssenceOfSteel"],[],[],[],[],[],["LiquidBronze"],[],[],[],[],[],[],["Swift Potion","FocusPotion"],[],[],[],[],[],[],[],[],[],["Explosive Potion"],[],[],[],[],[],[],[],[],[],[],[],[],[],[],[],[],[],[],[],[],[],[],["PotionOfCapacity","DuplicationPotion"],[]],"relics":["Nuclear Battery","Art of War","The Courier","Du-Vu Doll","PreservedInsect","Empty Cage","OrangePellets","Strawberry","Lantern","Ornamental Fan","Runic Pyramid","Membership Card","Whetstone","Chemical X","Meat on the Bone","Bag of Preparation","Cables"],"potions_floor_usage":[8,8,10,16,23,23,33,56,56],"damage_taken":[{"damage":7,"enemies":"Cultist","floor":1,"turns":5},{"damage":12,"enemies":"Small Slimes","floor":2,"turns":4},{"damage":9,"enemies":"Jaw Worm","floor":4,"turns":4},{"damage":36,"enemies":"Gremlin Nob","floor":8,"turns":4},{"damage":4,"enemies":"3 Sentries","floor":10,"turns":5},{"damage":6,"enemies":"Lagavulin","floor":14,"turns":5},{"damage":21,"enemies":"Hexaghost","floor":16,"turns":9},{"damage":18,"enemies":"Shell Parasite","floor":18,"turns":6},{"damage":8,"enemies":"3 Byrds","floor":19,"turns":3},{"damage":24,"enemies":"Snake Plant","floor":22,"turns":10},{"damage":23,"enemies":"Book of Stabbing","floor":23,"turns":5},{"damage":31,"enemies":"Gremlin Leader","floor":25,"turns":5},{"damage":14,"enemies":"Centurion and Healer","floor":27,"turns":13},{"damage":2,"enemies":"3 Cultists","floor":28,"turns":6},{"damage":14,"enemies":"Snake Plant","floor":30,"turns":6},{"damage":37,"enemies":"Cultist and Chosen","floor":31,"turns":8},{"damage":25,"enemies":"Collector","floor":33,"turns":11},{"damage":35,"enemies":"3 Darklings","floor":35,"turns":9},{"damage":0,"enemies":"Orb Walker","floor":36,"turns":5},{"damage":0,"enemies":"Nemesis","floor":41,"turns":9},{"damage":0,"enemies":"Sphere and 2 Shapes","floor":42,"turns":7},{"damage":0,"enemies":"Maw","floor":44,"turns":9},{"damage":0,"enemies":"Spire Growth","floor":46,"turns":8},{"damage":0,"enemies":"3 Darklings","floor":47,"turns":7},{"damage":18,"enemies":"Reptomancer","floor":48,"turns":7},{"damage":2,"enemies":"Donu and Deca","floor":50,"turns":10},{"damage":43,"enemies":"Awakened One","floor":51,"turns":30},{"damage":48,"enemies":"Shield and Spear","floor":55,"turns":11},{"damage":34,"enemies":"The Heart","floor":56,"turns":10}],"green_key_taken_log":41,"seed_played":"4948447310034220286","neow_bonus_log":{"cardsObtained":[],"cardsUpgraded":[],"cardsRemoved":[],"cardsTransformed":[],"relicsObtained":["Nuclear Battery"],"maxHpGained":0,"goldGained":0,"damageTaken":0,"goldLost":0,"maxHpLost":0},"potions_obtained":[{"floor":1,"key":"Regen Potion"},{"floor":4,"key":"Fire Potion"},{"floor":8,"key":"EssenceOfSteel"},{"floor":14,"key":"LiquidBronze"},{"floor":18,"key":"FocusPotion"},{"floor":30,"key":"Explosive Potion"},{"floor":31,"key":"SteroidPotion"},{"floor":33,"key":"Strength Potion"},{"floor":41,"key":"DuplicationPotion"},{"floor":47,"key":"PotionOfCapacity"}],"is_trial":false,"path_per_floor":["M","M","$","M","$","R","?","E","T","E","R","?","R","E","R","B",null,"M","M","?","$","M","E","R","E","T","M","M","R","M","M","R","B",null,"M","M","?","$","?","R","E","M","T","M","$","M","M","E","R","B","B",null,"R","$","E","B",null],"character_chosen":"DEFECT","basemod:card_modifiers":[null,null,null,null,null,null,null,null,null,null,null,null,null,null,null,null,null,null,null,null,null,null,null,null,null,null,null,null,null,null,null,null,null,null,null,null,null,null,null,null],"items_purchased":["Doom and Gloom","Self Repair","OrangePellets","Redo","Self Repair","Consume","Swift Potion","Membership Card","Chill","Capacitor","Coolheaded","Chemical X","Coolheaded","Bag of Preparation"],"campfire_rested":3,"item_purchase_floors":[5,21,21,21,21,21,21,38,38,38,38,45,45,54],"current_hp_per_floor":[57,45,45,36,36,36,59,35,35,31,31,31,52,46,46,25,60,42,34,34,34,24,15,38,21,21,21,26,49,49,33,33,22,64,57,78,68,68,68,68,78,78,78,78,78,78,78,78,78,78,75,77,77,77,69,61],"gold":43,"neow_bonus":"BOSS_RELIC","is_prod":false,"is_daily":false,"rewards_skipped":[{"floor":48,"relics":[],"potions":["Dexterity Potion"]},{"floor":55,"relics":[],"potions":["FearPotion"]}],"chose_seed":false,"campfire_upgraded":6,"win_rate":0,"floor_exit_playtime":[98,130,139,183,194,201,208,253,256,315,321,332,335,440,447,587,648,758,839,844,893,1094,1285,1290,1383,1391,1733,1893,1911,1999,2162,2206,2762,2779,3009,3085,3122,3155,3192,3201,3336,3471,3474,3621,3656,3795,3958,4096,4099,4316,4654,4665,4685,4695,5009,5312],"timestamp":1707694623,"blue_key_relic_skipped_log":{"floor":43,"relicID":"HornCleat"},"path_taken":["M","M","$","M","$","R","?","E","T","E","R","?","R","E","R","BOSS","M","M","?","$","?","E","R","E","T","M","?","R","M","M","R","BOSS","M","M","?","$","?","R","E","M","T","?","$","M","M","E","R","BOSS","BOSS","R","$","E","BOSS"],"build_version":"2022-12-18","purchased_purges":2,"victory":true,"max_hp_per_floor":[71,71,71,71,71,71,71,71,71,71,71,71,71,71,71,71,71,71,71,71,71,71,78,78,78,78,78,78,78,78,78,78,78,78,78,78,78,78,78,78,78,78,78,78,78,78,78,78,78,78,78,78,78,78,78,78],"relic_stats":{"counters":[29,231],"The Courier":570,"PreservedInsect":277,"Bag of Preparation":[4],"Whetstone":["Cold Snap","Cold Snap"],"Cables":[10,1,4,2,3],"OrangePellets":[17],"Ornamental Fan":[164],"Art of War":[57],"Membership Card":570,"Chemical X":[11],"obtain_stats":[{"Lantern":25,"The Courier":9,"PreservedInsect":14,"Bag of Preparation":54,"Whetstone":41,"Empty Cage":17,"Nuclear Battery":0,"Cables":55,"Du-Vu Doll":10,"OrangePellets":21,"Ornamental Fan":26,"Strawberry":23,"Art of War":8,"Membership Card":38,"Chemical X":45,"Cracked Core":0,"Runic Pyramid":34,"Meat on the Bone":48},{"Lantern":12,"The Courier":4,"PreservedInsect":6,"Bag of Preparation":27,"Whetstone":20,"Empty Cage":7,"Nuclear Battery":0,"Cables":28,"Du-Vu Doll":5,"OrangePellets":9,"Ornamental Fan":12,"Strawberry":11,"Art of War":4,"Membership Card":19,"Chemical X":22,"Cracked Core":0,"Runic Pyramid":17,"Meat on the Bone":25},{"Lantern":65,"The Courier":17,"PreservedInsect":27,"Bag of Preparation":210,"Whetstone":132,"Empty Cage":36,"Nuclear Battery":0,"Cables":221,"Du-Vu Doll":22,"OrangePellets":45,"Ornamental Fan":65,"Strawberry":60,"Art of War":17,"Membership Card":123,"Chemical X":148,"Cracked Core":0,"Runic Pyramid":109,"Meat on the Bone":170}],"Meat on the Bone":36},"card_choices":[{"not_picked":["Blizzard","Go for the Eyes","Gash"],"picked":"SKIP","floor":1},{"not_picked":["Beam Cell","Rebound"],"picked":"Sweeping Beam","floor":2},{"not_picked":["Gash","Stack","Melter"],"picked":"SKIP","floor":4},{"not_picked":["Thunder Strike","Storm"],"picked":"Cold Snap","floor":8},{"not_picked":["Genetic Algorithm","Fusion"],"picked":"Coolheaded","floor":10},{"not_picked":["Genetic Algorithm","Steam"],"picked":"Compile Driver","floor":14},{"not_picked":["Thunder Strike","Rainbow"],"picked":"Multi-Cast","floor":16},{"not_picked":["Barrage","Conserve Battery"],"picked":"Skim+1","floor":18},{"not_picked":["Force Field","Skim"],"picked":"Steam+1","floor":19},{"not_picked":["Streamline","Steam+1"],"picked":"BootSequence","floor":22},{"not_picked":["Conserve Battery","Auto Shields"],"picked":"Skim","floor":23},{"not_picked":["Stack","Rebound"],"picked":"Conserve Battery","floor":25},{"not_picked":["BootSequence","Ball Lightning+1"],"picked":"Beam Cell","floor":27},{"not_picked":["Gash","Leap"],"picked":"Capacitor","floor":28},{"not_picked":["Aggregate","Leap"],"picked":"Echo Form","floor":30},{"not_picked":["Stack","Conserve Battery"],"picked":"Compile Driver","floor":31},{"not_picked":["Creative AI","Rainbow"],"picked":"Echo Form","floor":33},{"not_picked":["Conserve Battery","Gash"],"picked":"Cold Snap","floor":35},{"not_picked":["Blizzard+1","Sweeping Beam+1","Rebound+1"],"picked":"SKIP","floor":36},{"not_picked":["Good Instincts","Mayhem"],"picked":"Master of Strategy","floor":37},{"not_picked":["HandOfGreed","Blind"],"picked":"Dark Shackles","floor":37},{"not_picked":["Trip","HandOfGreed","Mayhem"],"picked":"SKIP","floor":37},{"not_picked":["Conserve Battery","Beam Cell"],"picked":"Aggregate","floor":41},{"not_picked":["Fusion","Melter+1"],"picked":"Aggregate","floor":42},{"not_picked":["FTL","Rebound"],"picked":"Hologram","floor":44},{"not_picked":["Sweeping Beam+1","Leap"],"picked":"Go for the Eyes","floor":46},{"not_picked":["Conserve Battery","Compile Driver"],"picked":"Loop","floor":47},{"not_picked":["Leap","Beam Cell","Sweeping Beam"],"picked":"SKIP","floor":48},{"not_picked":["Reprogram+1","Stack+1"],"picked":"Chill+1","floor":55}],"player_experience":6005047,"relics_obtained":[{"floor":8,"key":"Art of War"},{"floor":9,"key":"The Courier"},{"floor":10,"key":"Du-Vu Doll"},{"floor":14,"key":"PreservedInsect"},{"floor":23,"key":"Strawberry"},{"floor":25,"key":"Lantern"},{"floor":26,"key":"Ornamental Fan"},{"floor":41,"key":"Whetstone"},{"floor":48,"key":"Meat on the Bone"},{"floor":55,"key":"Cables"}],"event_choices":[{"damage_healed":23,"gold_gain":0,"player_choice":"Banana","damage_taken":0,"max_hp_gain":0,"max_hp_loss":0,"event_name":"Big Fish","floor":7,"gold_loss":0},{"cards_removed":["Strike_B"],"damage_healed":0,"gold_gain":0,"player_choice":"Purged","damage_taken":0,"max_hp_gain":0,"max_hp_loss":0,"event_name":"Purifier","floor":12,"gold_loss":0},{"damage_healed":0,"gold_gain":275,"player_choice":"Desecrate","damage_taken":0,"max_hp_gain":0,"max_hp_loss":0,"event_name":"Golden Shrine","floor":20,"gold_loss":0,"cards_obtained":["Regret"]},{"damage_healed":0,"gold_gain":0,"player_choice":"Memory 3","damage_taken":10,"max_hp_gain":0,"max_hp_loss":0,"event_name":"SensoryStone","floor":37,"gold_loss":0},{"damage_healed":0,"gold_gain":0,"player_choice":"Ignored","damage_taken":0,"max_hp_gain":0,"max_hp_loss":0,"event_name":"Mysterious Sphere","floor":39,"gold_loss":0}],"is_beta":false,"boss_relics":[{"not_picked":["Velvet Choker","Tiny House"],"picked":"Empty Cage"},{"not_picked":["Inserter","Busted Crown"],"picked":"Runic Pyramid"}],"items_purged_floors":[21,38],"is_endless":false,"potions_floor_spawned":[1,4,8,14,18,30,31,33,41,47,48,55],"ascension_level":20,"potion_discard_per_floor":[[],[],[],[],[],[],[],[],[],[],[],[],[],[],[],[],[],[],[],[],[],[],[],[],[],[],[],[],[],[],[],[],[],[],[],[],[],[],[],[],["Strength Potion"],[],[],[],[],[],["SteroidPotion"],[],[],[],[],[],[],[],[],[],[]]}