{"neow_bonuses_skipped_log":["ONE_RANDOM_RARE_CARD","TRANSFORM_TWO_CARDS","BOSS_RELIC"],"potions_obtained_entropic_brew":[[],[],[],[],[],[],[],[],[],[],[],[],[],[],[],[],[],[],[],[],[],[],[],[],[],[],[]],"neow_costs_skipped_log":["NONE","PERCENT_DAMAGE","NONE"],"gold_per_floor":[119,137,154,154,171,171,204,204,204,42,58,58,103,123,123,200,200,219,219,233,233,74,74,88,106,131,131],"floor_reached":27,"playtime":999,"items_purged":["Strike_B"],"score":450,"play_id":"65d182a3-c097-436f-8ea5-0eb8a25f0515","local_time":"20240214195514","score_breakdown":["Floors Climbed (27): 135","Enemies Slain (10): 20","Exordium Elites Killed (2): 20","City Elites Killed (0): 0","Bosses Slain (1): 50","Ascension (20): 225"],"is_ascension_mode":true,"potions_obtained_alchemize":[[],[],[],[],[],[],[],[],[],[],[],[],[],[],[],[],[],[],[],[],[],[],[],[],[],[],[]],"campfire_choices":[{"data":"Lockon","floor":6,"key":"SMITH"},{"floor":8,"key":"REST"},{"data":"Self Repair","floor":15,"key":"SMITH"},{"data":"Creative AI","floor":23,"key":"SMITH"}],"lesson_learned_per_floor":[[],[],[],[],[],[],[],[],[],[],[],[],[],[],[],[],[],[],[],[],[],[],[],[],[],[],[]],"neow_cost":"NONE","improvable_cards":{},"seed_source_timestamp":13430079364752,"shop_contents":[{"floor":10,"relics":["Tiny Chest","CeramicFish"],"cards":["Barrage","Rip and Tear","Coolheaded","Reprogram","Static Discharge","Mind Blast","Chrysalis"],"potions":["BlessingOfTheForge","Weak Potion","AttackPotion"]},{"floor":22,"relics":["Lizard Tail","Pear","PrismaticShard"],"cards":["Sweeping Beam","Go for the Eyes","Hologram","Steam","Self Repair","Forethought","Secret Technique"],"potions":["Swift Potion","CultistPotion"]}],"circlet_count":0,"master_deck":["AscendersBane","Strike_B","Strike_B","Defend_B","Defend_B","Defend_B","Defend_B","Zap","Dualcast","Self Repair+1","Ball Lightning","Lockon+1","Electrodynamics+1","Creative AI+1","Self Repair","Auto Shields","Skim"],"potion_use_per_floor":[[],[],[],[],[],[],["Block Potion"],[],[],[],[],[],[],[],[],["FairyPotion"],[],["SpeedPotion"],[],["DistilledChaos"],[],["Fruit Juice"],[],["Regen Potion"],["Fruit Juice"],[],["BlessingOfTheForge"]],"relics":["Cracked Core","Omamori","Turnip","White Beast Statue","Toolbox","Bird Faced Urn","Inserter","Lantern"],"potions_floor_usage":[7,18,20,22,24,25,27],"damage_taken":[{"damage":7,"enemies":"Jaw Worm","floor":1,"turns":3},{"damage":2,"enemies":"Cultist","floor":2,"turns":4},{"damage":4,"enemies":"Small Slimes","floor":3,"turns":3},{"damage":12,"enemies":"Looter","floor":5,"turns":3},{"damage":33,"enemies":"3 Sentries","floor":7,"turns":8},{"damage":1,"enemies":"Lots of Slimes","floor":11,"turns":3},{"damage":30,"enemies":"Lagavulin","floor":13,"turns":6},{"damage":9,"enemies":"Red Slaver","floor":14,"turns":2},{"damage":20,"enemies":"Hexaghost","floor":16,"turns":8},{"damage":20,"enemies":"3 Byrds","floor":18,"turns":4},{"damage":38,"enemies":"Shell Parasite","floor":20,"turns":6},{"damage":36,"enemies":"Centurion and Healer","floor":24,"turns":8},{"damage":38,"enemies":"Cultist and Chosen","floor":25,"turns":7},{"damage":41,"enemies":"Book of Stabbing","floor":27,"turns":4}],"seed_played":"-4975880050650716566","neow_bonus_log":{"cardsObtained":[],"cardsUpgraded":[],"cardsRemoved":[],"cardsTransformed":[],"relicsObtained":["Omamori"],"maxHpGained":0,"goldGained":0,"damageTaken":0,"goldLost":0,"maxHpLost":0},"potions_obtained":[{"floor":1,"key":"Block Potion"},{"floor":11,"key":"Swift Potion"},{"floor":13,"key":"DuplicationPotion"},{"floor":14,"key":"FairyPotion"},{"floor":16,"key":"SpeedPotion"},{"floor":18,"key":"DistilledChaos"},{"floor":20,"key":"Fruit Juice"},{"floor":24,"key":"Fruit Juice"},{"floor":25,"key":"BlessingOfTheForge"}],"is_trial":false,"path_per_floor":["M","M","M","?","M","R","E","R","T","$","M","?","E","M","R","B",null,"M","?","M","?","$","R","M","M","T","E"],"character_chosen":"DEFECT","basemod:card_modifiers":[null,null,null,null,null,null,null,null,null,null,null,null,null,null,null,null,null],"items_purchased":["Toolbox","Regen Potion"],"campfire_rested":1,"item_purchase_floors":[10,22],"current_hp_per_floor":[57,62,65,58,53,53,20,41,41,41,47,47,24,15,15,31,61,55,35,21,21,26,26,40,34,34,0],"gold":131,"neow_bonus":"RANDOM_COMMON_RELIC","is_prod":false,"is_daily":false,"rewards_skipped":[],"chose_seed":false,"campfire_upgraded":3,"win_rate":0,"floor_exit_playtime":[50,72,94,99,119,129,207,211,213,225,254,258,306,338,345,444,470,533,540,635,673,700,711,842,918,923],"timestamp":1707958514,"path_taken":["M","M","M","?","M","R","E","R","T","$","M","?","E","M","R","BOSS","M","?","M","?","$","R","M","M","T","E"],"build_version":"2022-12-18","purchased_purges":1,"victory":false,"max_hp_per_floor":[71,71,71,71,71,71,71,71,71,71,71,71,71,71,71,71,71,71,76,76,76,81,81,81,86,86,86],"relic_stats":{"Inserter":[14],"counters":[14,69],"Bird Faced Urn":[56],"Turnip":[6],"Omamori":0,"obtain_stats":[{"Lantern":26,"Inserter":17,"Bird Faced Urn":13,"Toolbox":10,"Turnip":7,"Omamori":0,"Cracked Core":0,"White Beast Statue":9},{"Lantern":13,"Inserter":9,"Bird Faced Urn":7,"Toolbox":5,"Turnip":5,"Omamori":0,"Cracked Core":0,"White Beast Statue":5},{"Lantern":65,"Inserter":40,"Bird Faced Urn":30,"Toolbox":21,"Turnip":21,"Omamori":0,"Cracked Core":0,"White Beast Statue":21}],"White Beast Statue":[0.002400000000000001,0.0,0.12000000000000004,0.0,0.49360000000000015,0.0,0.3480000000000001,0.0,0.03600000000000001,0.0,0.0,4.2952]},"card_choices":[{"not_picked":["Compile Driver","Streamline"],"picked":"Self Repair","floor":1},{"not_picked":["Steam","Auto Shields"],"picked":"Ball Lightning","floor":2},{"not_picked":["Redo","Steam"],"picked":"Lockon","floor":3},{"not_picked":["Stack","Leap","Ball Lightning"],"picked":"SKIP","floor":5},{"not_picked":["Coolheaded","Turbo"],"picked":"Electrodynamics","floor":7},{"not_picked":["Rebound","Fusion","Barrage"],"picked":"SKIP","floor":11},{"not_picked":["Fusion","Ball Lightning","Rebound"],"picked":"SKIP","floor":13},{"not_picked":["Rip and Tear","Rebound","Stack"],"picked":"SKIP","floor":14},{"not_picked":["Amplify","Thunder Strike"],"picked":"Creative AI","floor":16},{"not_picked":["Sweeping Beam","Compile Driver"],"picked":"Self Repair","floor":20},{"not_picked":["Chaos","Capacitor","Self Repair","Leap","Double Energy","Compile Driver","FTL","Recycle","Go for the Eyes","Barrage","Genetic Algorithm","Tempest","Aggregate","Sweeping Beam","Ball Lightning","Steam","Storm","Stack","Beam Cell"],"picked":"Auto Shields","floor":21},{"not_picked":["Beam Cell","Static Discharge+1","Amplify"],"picked":"SKIP","floor":24},{"not_picked":["FTL+1","Gash"],"picked":"Skim","floor":25}],"player_experience":6083288,"relics_obtained":[{"floor":7,"key":"Turnip"},{"floor":9,"key":"White Beast Statue"},{"floor":13,"key":"Bird Faced Urn"},{"floor":26,"key":"Lantern"}],"event_choices":[{"cards_removed":["Strike_B"],"damage_healed":0,"gold_gain":0,"player_choice":"Card Removal","damage_taken":7,"max_hp_gain":0,"max_hp_loss":0,"event_name":"Golden Wing","floor":4,"gold_loss":0},{"damage_healed":0,"gold_gain":0,"player_choice":"Upgraded","damage_taken":0,"max_hp_gain":0,"max_hp_loss":0,"event_name":"Upgrade Shrine","floor":12,"gold_loss":0,"cards_upgraded":["Electrodynamics"]},{"damage_healed":0,"gold_gain":0,"player_choice":"Shed Blood","damage_taken":25,"max_hp_gain":5,"max_hp_loss":0,"event_name":"Forgotten Altar","floor":19,"gold_loss":0},{"damage_healed":0,"gold_gain":0,"player_choice":"Read","damage_taken":0,"max_hp_gain":0,"max_hp_loss":0,"event_name":"The Library","floor":21,"gold_loss":0,"cards_obtained":["Auto Shields"]}],"is_beta":false,"boss_relics":[{"not_picked":["Sozu","Tiny House"],"picked":"Inserter"}],"items_purged_floors":[22],"is_endless":false,"potions_floor_spawned":[1,11,13,14,16,18,20,24,25],"killed_by":"Book of Stabbing","ascension_level":20,"potion_discard_per_floor":[[],[],[],[],[],[],[],[],[],[],[],[],[],["Swift Potion"],[],[],[],[],[],[],[],[],[],[],[],[],[]]}