{"neow_bonuses_skipped_log":["UPGRADE_CARD","THREE_ENEMY_KILL","TWENTY_PERCENT_HP_BONUS"],"potions_obtained_entropic_brew":[[],[],[],[],[],[],[],[],[],[],[],[],[],[],[],[],[],[],[],[],[],[],[],[],[],[],[],[],[],[],[],[],[],[],[],[],[],[],[],[],[],[],[],[],[],[],[],[],[],[],[],[],[],[],[],[],[]],"neow_costs_skipped_log":["NONE","NONE","NO_GOLD"],"gold_per_floor":[118,133,153,153,78,78,121,139,139,174,174,189,202,223,223,319,319,338,338,372,388,388,388,424,442,469,519,519,534,570,328,328,424,424,437,456,678,361,375,375,414,22,71,102,118,118,159,177,177,177,177,177,177,52,85,85],"floor_reached":57,"playtime":3330,"items_purged":["Strike_B","Defend_B","Defend_B"],"score":3284,"play_id":"a0e1885b-8f70-4f75-a2f3-92151b8931f4","local_time":"20240211013545","score_breakdown":["Floors Climbed (57): 285","Enemies Slain (16): 32","Exordium Elites Killed (2): 20","City Elites Killed (2): 40","Beyond Elites Killed (3): 90","Bosses Slain (5): 750","Speedster: 25","Money Money (1197): 25","Champion (3): 75","Beyond Perfect: 200","Ascension (20): 1492","Heartbreaker: 250"],"is_ascension_mode":true,"potions_obtained_alchemize":[[],[],[],[],[],[],[],[],[],[],[],[],[],[],[],[],[],[],[],[],[],[],[],[],[],[],[],[],[],[],[],[],[],[],[],[],[],[],[],[],[],[],[],[],[],[],[],[],[],[],[],[],[],[],[],[],[]],"campfire_choices":[{"data":"Doom and Gloom","floor":6,"key":"SMITH"},{"floor":11,"key":"REST"},{"data":"Recycle","floor":15,"key":"SMITH"},{"floor":23,"key":"REST"},{"data":"Consume","floor":28,"key":"SMITH"},{"data":"Loop","floor":32,"key":"SMITH"},{"floor":40,"key":"RECALL"},{"data":"Capacitor","floor":49,"key":"SMITH"},{"data":"Biased Cognition","floor":53,"key":"SMITH"}],"lesson_learned_per_floor":[[],[],[],[],[],[],[],[],[],[],[],[],[],[],[],[],[],[],[],[],[],[],[],[],[],[],[],[],[],[],[],[],[],[],[],[],[],[],[],[],[],[],[],[],[],[],[],[],[],[],[],[],[],[],[],[],[]],"neow_cost":"NONE","improvable_cards":{"Genetic Algorithm":[75]},"seed_source_timestamp":15638784117203,"shop_contents":[{"floor":31,"relics":["Pen Nib","Regal Pillow"],"cards":["Blizzard","Thunder Strike","White Noise","Turbo","Loop","Enlightenment","Thinking Ahead"],"potions":["FairyPotion","LiquidMemories","SkillPotion"]},{"floor":38,"relics":["Dream Catcher","Shuriken"],"cards":["Melter","Go for the Eyes","Steam","Heatsinks","Dramatic Entrance","Magnetism"],"potions":["Fire Potion","Dexterity Potion","AttackPotion"]},{"floor":42,"relics":["Peace Pipe","Strange Spoon"],"cards":["Gash","Hyperbeam","Turbo","Madness","Magnetism"],"potions":["SmokeBomb","DuplicationPotion","EssenceOfSteel"]},{"floor":54,"relics":["Nunchaku","Toy Ornithopter","Membership Card"],"cards":["Go for the Eyes","Rebound","Redo","Rainbow","Defragment","Jack Of All Trades","Master of Strategy"],"potions":["EssenceOfSteel","FocusPotion","Energy Potion"]}],"circlet_count":0,"master_deck":["AscendersBane","Defend_B+1","Zap","Dualcast","Chill","Doom and Gloom+1","Cold Snap+1","Echo Form","Genetic Algorithm","Hologram","Cold Snap+1","Meteor Strike","Recycle+1","Meteor Strike","Undo+1","Consume+1","Compile Driver","Loop+1","Compile Driver+1","Biased Cognition+1","Amplify","Stack+1","Chill+1","Fusion+1","Leg Sweep+1","Coolheaded","After Image","Capacitor+1","Hologram","Blur","Malaise","Disarm"],"potion_use_per_floor":[[],[],[],[],[],[],[],[],[],[],[],[],[],[],[],[],[],[],[],[],[],[],[],[],[],[],[],[],[],[],[],[],[],[],[],[],[],[],[],[],[],[],[],[],[],[],[],[],[],[],[],[],[],[],[],[],[]],"relics":["Sozu","Golden Idol","CaptainsWheel","Prayer Wheel","Mango","Snecko Eye","Red Mask","Enchiridion","Bottled Lightning","Anchor","Bag of Preparation","PrismaticShard","Astrolabe","OrangePellets","War Paint","Bottled Tornado","Whetstone","DataDisk","Bird Faced Urn","Pear"],"potions_floor_usage":[],"damage_taken":[{"damage":4,"enemies":"Small Slimes","floor":1,"turns":3},{"damage":2,"enemies":"2 Louse","floor":2,"turns":3},{"damage":0,"enemies":"Cultist","floor":3,"turns":4},{"damage":38,"enemies":"Gremlin Nob","floor":7,"turns":5},{"damage":0,"enemies":"Lots of Slimes","floor":8,"turns":3},{"damage":1,"enemies":"Lagavulin","floor":10,"turns":7},{"damage":8,"enemies":"Large Slime","floor":12,"turns":6},{"damage":7,"enemies":"3 Louse","floor":13,"turns":3},{"damage":0,"enemies":"Lots of Slimes","floor":14,"turns":3},{"damage":15,"enemies":"Slime Boss","floor":16,"turns":9},{"damage":12,"enemies":"Shell Parasite","floor":18,"turns":4},{"damage":0,"enemies":"Masked Bandits","floor":20,"turns":4},{"damage":16,"enemies":"2 Thieves","floor":21,"turns":3},{"damage":8,"enemies":"Book of Stabbing","floor":24,"turns":4},{"damage":0,"enemies":"Chosen and Byrds","floor":25,"turns":4},{"damage":0,"enemies":"Cultist and Chosen","floor":29,"turns":5},{"damage":4,"enemies":"Slavers","floor":30,"turns":5},{"damage":0,"enemies":"Collector","floor":33,"turns":7},{"damage":0,"enemies":"3 Darklings","floor":35,"turns":5},{"damage":0,"enemies":"3 Shapes","floor":36,"turns":2},{"damage":0,"enemies":"3 Darklings","floor":39,"turns":5},{"damage":3,"enemies":"Nemesis","floor":41,"turns":9},{"damage":0,"enemies":"Giant Head","floor":44,"turns":8},{"damage":0,"enemies":"Sphere and 2 Shapes","floor":45,"turns":5},{"damage":0,"enemies":"Nemesis","floor":47,"turns":5},{"damage":2,"enemies":"Jaw Worm Horde","floor":48,"turns":6},{"damage":0,"enemies":"Awakened One","floor":50,"turns":13},{"damage":0,"enemies":"Donu and Deca","floor":51,"turns":11},{"damage":0,"enemies":"Shield and Spear","floor":55,"turns":8},{"damage":7,"enemies":"The Heart","floor":56,"turns":11}],"green_key_taken_log":24,"seed_played":"-6056449847735737449","neow_bonus_log":{"cardsObtained":[],"cardsUpgraded":[],"cardsRemoved":[],"cardsTransformed":[],"relicsObtained":["Sozu"],"maxHpGained":0,"goldGained":0,"damageTaken":0,"goldLost":0,"maxHpLost":0},"potions_obtained":[],"is_trial":false,"path_per_floor":["M","M","M","?","?","R","E","M","T","E","R","M","M","M","R","B",null,"M","?","?","M","?","R","E","M","T","T","R","M","E","$","R","B",null,"M","M","?","$","M","R","E","$","T","E","M","?","E","M","R","B","B",null,"R","$","E","B",null],"character_chosen":"DEFECT","basemod:card_modifiers":[null,null,null,null,null,null,null,null,null,null,null,null,null,null,null,null,null,null,null,null,null,null,null,null,null,null,null,null,null,null,null,null],"items_purchased":["PrismaticShard","OrangePellets","Coolheaded","Capacitor","Bottled Tornado","Hologram"],"campfire_rested":2,"item_purchase_floors":[31,38,38,42,42,42],"current_hp_per_floor":[60,58,58,58,58,58,20,20,20,33,56,48,41,41,41,26,65,53,53,53,37,16,39,31,31,31,31,31,31,27,27,27,27,65,65,65,65,65,65,65,62,62,62,62,62,62,62,74,74,78,78,78,78,78,88,84],"gold":85,"neow_bonus":"BOSS_RELIC","is_prod":false,"is_daily":false,"rewards_skipped":[{"floor":1,"relics":[],"potions":["ColorlessPotion"]},{"floor":8,"relics":[],"potions":["PowerPotion"]},{"floor":10,"relics":[],"potions":["ColorlessPotion"]},{"floor":16,"relics":[],"potions":["SneckoOil"]},{"floor":25,"relics":[],"potions":["Dexterity Potion"]},{"floor":29,"relics":[],"potions":["SkillPotion"]},{"floor":33,"relics":[],"potions":["SpeedPotion"]},{"floor":36,"relics":[],"potions":["LiquidBronze"]},{"floor":45,"relics":[],"potions":["Explosive Potion"]},{"floor":47,"relics":[],"potions":["GamblersBrew"]},{"floor":55,"relics":[],"potions":["DuplicationPotion"]}],"chose_seed":false,"campfire_upgraded":6,"win_rate":0,"floor_exit_playtime":[70,90,119,122,132,138,188,220,225,286,295,335,404,464,469,572,619,677,701,752,792,799,803,877,937,942,946,953,1034,1109,1137,1144,1285,1307,1418,1460,1463,1482,1607,1612,1789,1802,1810,1956,2038,2054,2142,2267,2289,2569,2796,2807,2818,2835,3042,3330],"timestamp":1707633345,"blue_key_relic_skipped_log":{"floor":27,"relicID":"Boot"},"path_taken":["M","M","M","?","?","R","E","M","T","E","R","M","M","M","R","BOSS","M","?","?","M","?","R","E","M","T","?","R","?","E","?","R","BOSS","M","M","?","$","M","R","E","$","T","E","M","?","E","M","R","BOSS","BOSS","R","$","E","BOSS"],"build_version":"2022-12-18","purchased_purges":3,"victory":true,"max_hp_per_floor":[71,71,71,64,64,64,64,64,64,78,78,78,78,78,78,78,78,78,78,78,78,78,78,78,78,78,78,78,78,78,78,78,78,78,78,78,78,78,78,78,78,78,78,78,78,78,78,78,78,78,78,78,78,78,88,88],"relic_stats":{"counters":[30,170],"Golden Idol":205,"Astrolabe":["Stack","Chill","Fusion"],"Bag of Preparation":[26],"Whetstone":["Cold Snap","Cold Snap"],"War Paint":["Defend_B","Undo"],"Bottled Tornado":"Echo Form","Sozu":11,"OrangePellets":[27],"Bird Faced Urn":[21],"Snecko Eye":[104,121,118,122,-34],"Prayer Wheel":12,"Bottled Lightning":"Consume","obtain_stats":[{"Pear":55,"Golden Idol":4,"Astrolabe":34,"Enchiridion":22,"Mango":10,"Bag of Preparation":30,"Whetstone":43,"War Paint":41,"Bottled Tornado":42,"PrismaticShard":31,"Sozu":0,"OrangePellets":38,"CaptainsWheel":7,"Anchor":26,"DataDisk":44,"Bird Faced Urn":47,"Snecko Eye":17,"Prayer Wheel":9,"Red Mask":20,"Bottled Lightning":24,"Cracked Core":0},{"Pear":29,"Golden Idol":3,"Astrolabe":18,"Enchiridion":13,"Mango":6,"Bag of Preparation":17,"Whetstone":22,"War Paint":22,"Bottled Tornado":22,"PrismaticShard":17,"Sozu":0,"OrangePellets":20,"CaptainsWheel":4,"Anchor":15,"DataDisk":23,"Bird Faced Urn":25,"Snecko Eye":10,"Prayer Wheel":5,"Red Mask":12,"Bottled Lightning":14,"Cracked Core":0},{"Pear":159,"Golden Idol":10,"Astrolabe":82,"Enchiridion":57,"Mango":25,"Bag of Preparation":75,"Whetstone":103,"War Paint":103,"Bottled Tornado":103,"PrismaticShard":75,"Sozu":0,"OrangePellets":89,"CaptainsWheel":15,"Anchor":65,"DataDisk":111,"Bird Faced Urn":121,"Snecko Eye":46,"Prayer Wheel":18,"Red Mask":54,"Bottled Lightning":61,"Cracked Core":0}]},"card_choices":[{"not_picked":["Steam","Beam Cell"],"picked":"Chill","floor":1},{"not_picked":["Streamline","Force Field"],"picked":"Doom and Gloom","floor":2},{"not_picked":["Compile Driver","Beam Cell"],"picked":"Cold Snap","floor":3},{"not_picked":["Leap","Rebound"],"picked":"Echo Form","floor":8},{"not_picked":["Rip and Tear","Barrage","Go for the Eyes"],"picked":"SKIP","floor":10},{"not_picked":["Darkness","Leap"],"picked":"Genetic Algorithm","floor":12},{"not_picked":["Steam","Sweeping Beam"],"picked":"Hologram","floor":12},{"not_picked":["Stack","Reinforced Body"],"picked":"Cold Snap","floor":13},{"not_picked":["Turbo","Barrage","Streamline"],"picked":"SKIP","floor":13},{"not_picked":["Doom and Gloom","Steam"],"picked":"Meteor Strike","floor":14},{"not_picked":["Double Energy","Melter"],"picked":"Recycle","floor":14},{"not_picked":["Hyperbeam","Electrodynamics"],"picked":"Meteor Strike","floor":16},{"not_picked":["Gash","Ball Lightning"],"picked":"Undo","floor":18},{"not_picked":["Heatsinks","Turbo","Cold Snap"],"picked":"SKIP","floor":18},{"not_picked":["Beam Cell","Conserve Battery","Barrage","Darkness","White Noise","Recycle","Storm","Rip and Tear","Turbo","Undo","Sweeping Beam","Capacitor","Auto Shields","Hologram","Go for the Eyes","Rebound","FTL","Stack","Fusion"],"picked":"Consume","floor":19},{"not_picked":["Beam Cell","Lockon+1","Cold Snap"],"picked":"SKIP","floor":20},{"not_picked":["Gash","Fission","Streamline"],"picked":"SKIP","floor":21},{"not_picked":["White Noise","Turbo","Blizzard"],"picked":"SKIP","floor":21},{"not_picked":["Force Field","Reinforced Body"],"picked":"Compile Driver","floor":24},{"not_picked":["Steam Power","Beam Cell"],"picked":"Loop","floor":25},{"not_picked":["Conserve Battery","Streamline+1","Storm"],"picked":"SKIP","floor":25},{"not_picked":["Force Field","Beam Cell"],"picked":"Compile Driver+1","floor":29},{"not_picked":["Aggregate","Conserve Battery"],"picked":"Biased Cognition","floor":29},{"not_picked":["Leap","Streamline","Stack"],"picked":"SKIP","floor":30},{"not_picked":["Fission","The Bomb"],"picked":"Amplify","floor":33},{"not_picked":["Streamline","BowlingBash","Rip and Tear"],"picked":"SKIP","floor":35},{"not_picked":["Eviscerate+1","Heel Hook","Streamline"],"picked":"SKIP","floor":35},{"not_picked":["Cleave","Aggregate"],"picked":"Leg Sweep+1","floor":36},{"not_picked":["Iron Wave+1","Underhanded Strike","Clash"],"picked":"SKIP","floor":36},{"not_picked":["Crippling Poison+1","Hello World","Beam Cell"],"picked":"SKIP","floor":39},{"not_picked":["Deflect","Cleave","FlyingSleeves+1"],"picked":"SKIP","floor":39},{"not_picked":["Chaos","ClearTheMind+1"],"picked":"After Image","floor":41},{"not_picked":["Swift Strike","Anger+1","Turbo"],"picked":"SKIP","floor":44},{"not_picked":["Prepared+1","FollowUp+1"],"picked":"Blur","floor":45},{"not_picked":["Sucker Punch","Blade Dance","EmptyFist"],"picked":"SKIP","floor":45},{"not_picked":["Clash","Pray","Crescendo"],"picked":"SKIP","floor":47},{"not_picked":["Catalyst","Bouncing Flask"],"picked":"Malaise","floor":48},{"not_picked":["Darkness","Barrage+1"],"picked":"Disarm","floor":48},{"not_picked":["Panacea","Adaptation","BattleHymn"],"picked":"SKIP","floor":55}],"player_experience":5996670,"relics_obtained":[{"floor":7,"key":"CaptainsWheel"},{"floor":9,"key":"Prayer Wheel"},{"floor":10,"key":"Mango"},{"floor":20,"key":"Red Mask"},{"floor":22,"key":"Enchiridion"},{"floor":24,"key":"Bottled Lightning"},{"floor":26,"key":"Anchor"},{"floor":30,"key":"Bag of Preparation"},{"floor":41,"key":"War Paint"},{"floor":43,"key":"Whetstone"},{"floor":44,"key":"DataDisk"},{"floor":47,"key":"Bird Faced Urn"},{"floor":55,"key":"Pear"}],"event_choices":[{"damage_healed":0,"gold_gain":0,"player_choice":"Lose Max HP","damage_taken":0,"relics_obtained":["Golden Idol"],"max_hp_gain":0,"max_hp_loss":7,"event_name":"Golden Idol","floor":4,"gold_loss":0},{"cards_removed":["Strike_B"],"damage_healed":0,"gold_gain":0,"player_choice":"Card Removal","damage_taken":0,"max_hp_gain":0,"max_hp_loss":0,"event_name":"The Cleric","floor":5,"gold_loss":75},{"damage_healed":0,"gold_gain":0,"player_choice":"Read","damage_taken":0,"max_hp_gain":0,"max_hp_loss":0,"event_name":"The Library","floor":19,"gold_loss":0,"cards_obtained":["Consume"]},{"damage_healed":0,"gold_gain":0,"player_choice":"Fought Bandits","damage_taken":0,"max_hp_gain":0,"max_hp_loss":0,"event_name":"Masked Bandits","floor":20,"gold_loss":0},{"damage_healed":0,"gold_gain":0,"player_choice":"Obtained Book","damage_taken":21,"max_hp_gain":0,"max_hp_loss":0,"event_name":"Cursed Tome","floor":22,"gold_loss":0},{"damage_healed":0,"gold_gain":222,"player_choice":"Wore Mask","damage_taken":0,"max_hp_gain":0,"max_hp_loss":0,"event_name":"Tomb of Lord Red Mask","floor":37,"gold_loss":0},{"damage_healed":0,"gold_gain":0,"player_choice":"0 cards matched","damage_taken":0,"max_hp_gain":0,"max_hp_loss":0,"event_name":"Match and Keep!","floor":46,"gold_loss":0,"cards_obtained":[]}],"is_beta":false,"boss_relics":[{"not_picked":["Coffee Dripper","Calling Bell"],"picked":"Snecko Eye"},{"not_picked":["Nuclear Battery","Black Star"],"picked":"Astrolabe"}],"items_purged_floors":[31,38,54],"is_endless":false,"potions_floor_spawned":[1,8,10,16,25,29,33,36,45,47,55],"ascension_level":20,"potion_discard_per_floor":[[],[],[],[],[],[],[],[],[],[],[],[],[],[],[],[],[],[],[],[],[],[],[],[],[],[],[],[],[],[],[],[],[],[],[],[],[],[],[],[],[],[],[],[],[],[],[],[],[],[],[],[],[],[],[],[],[]]}