{"neow_bonuses_skipped_log":["REMOVE_CARD","HUNDRED_GOLD","BOSS_RELIC"],"potions_obtained_entropic_brew":[[],[],[],[],[],[],[],[],[],[],[],[],[],[],[],[],[],[],[],[],[],[],[],[],[],[],[],[],[],[],[],[],[],[],[],[],[],[],[],[],[],[],[],[],[],[],[],[],[],[],[],[],[],[],[],[]],"neow_costs_skipped_log":["NONE","NONE","NONE"],"gold_per_floor":[359,370,388,399,87,120,120,130,130,148,148,175,191,219,219,298,298,312,7,7,17,17,48,66,66,66,77,77,87,87,117,117,188,188,204,223,52,52,63,91,91,125,150,177,177,188,201,215,215,215,215,215,215,49,83,83],"floor_reached":56,"playtime":4151,"items_purged":["Strike_B"],"score":2607,"play_id":"41ab0230-47fc-41ab-972c-bbd81323190e","local_time":"20240210220800","score_breakdown":["Floors Climbed (56): 280","Enemies Slain (18): 36","Exordium Elites Killed (2): 20","City Elites Killed (2): 40","Beyond Elites Killed (3): 90","Bosses Slain (5): 750","Librarian: 25","Champion (2): 50","Overkill: 25","Ascension (20): 1291"],"is_ascension_mode":true,"potions_obtained_alchemize":[[],[],[],[],[],[],[],[],[],[],[],[],[],[],[],[],[],[],[],[],[],[],[],[],[],[],[],[],[],[],[],[],[],[],[],[],[],[],[],[],[],[],[],[],[],[],[],[],[],[],[],[],[],[],[],[]],"campfire_choices":[{"data":"Sunder","floor":7,"key":"SMITH"},{"data":"Static Discharge","floor":11,"key":"SMITH"},{"data":"Consume","floor":15,"key":"SMITH"},{"floor":25,"key":"REST"},{"data":"Heatsinks","floor":28,"key":"SMITH"},{"data":"Fission","floor":30,"key":"SMITH"},{"floor":32,"key":"REST"},{"floor":41,"key":"REST"},{"floor":49,"key":"RECALL"},{"floor":53,"key":"REST"}],"lesson_learned_per_floor":[[],[],[],[],[],[],[],[],[],[],[],[],[],[],[],[],[],[],[],[],[],[],[],[],[],[],[],[],[],[],[],[],[],[],[],[],[],[],[],[],[],[],[],[],[],[],[],[],[],[],[],[],[],[],[],[]],"neow_cost":"TEN_PERCENT_HP_LOSS","improvable_cards":{},"seed_source_timestamp":2361938146095,"shop_contents":[{"floor":5,"relics":["Juzu Bracelet","Strawberry","HandDrill"],"cards":["Ball Lightning","Hyperbeam","Tempest","Static Discharge","Thinking Ahead"],"potions":["DuplicationPotion","SteroidPotion"]},{"floor":19,"relics":["Pen Nib","Toolbox"],"cards":["Ball Lightning","Redo","Coolheaded","Storm","Finesse","Thinking Ahead"],"potions":["BlessingOfTheForge","Energy Potion","EssenceOfSteel"]},{"floor":37,"relics":["Bag of Preparation","Frozen Eye"],"cards":["Lockon","Cold Snap","Consume","Coolheaded","Heatsinks","Panacea","Mayhem"],"potions":["AttackPotion","FocusPotion","SpeedPotion"]},{"floor":54,"relics":["InkBottle","Cauldron"],"cards":["Doom and Gloom","Scrape","Leap","Hologram","Storm","Purity","Sadistic Nature"],"potions":["Strength Potion","SneckoOil","SmokeBomb"]}],"circlet_count":0,"master_deck":["AscendersBane","Strike_B+1","Strike_B+1","Strike_B+1","Defend_B+1","Defend_B+1","Defend_B+1","Defend_B+1","Zap","Dualcast","Static Discharge+1","Go for the Eyes","Ball Lightning","Cold Snap","Chill","Discovery","Sunder+1","Glacier","Consume+1","Lockon","Fission+1","Electrodynamics","Cold Snap","Beam Cell","Heatsinks+1","Recycle+1","Echo Form","Reinforced Body+1","Seek","Chill+1","Turbo","Master of Strategy","Dark Shackles","Coolheaded","Coolheaded+1","Cold Snap+1","Doom and Gloom+1","Machine Learning"],"potion_use_per_floor":[[],[],[],[],[],["FocusPotion"],[],[],[],[],[],[],[],[],[],["FocusPotion"],[],[],[],[],[],[],[],[],[],[],[],[],[],[],[],[],[],[],[],[],[],[],[],["ColorlessPotion"],[],[],[],[],[],[],[],[],[],[],[],[],[],[],["Strength Potion"],["FocusPotion","BlessingOfTheForge","EssenceOfDarkness","Energy Potion"]],"relics":["Cracked Core","Shuriken","Lizard Tail","StrikeDummy","Odd Mushroom","SlaversCollar","Mummified Hand","Pocketwatch","Mercury Hourglass","Toy Ornithopter","Fusion Hammer","Potion Belt","Ancient Tea Set","Bronze Scales","Regal Pillow","DataDisk","Turnip"],"potions_floor_usage":[6,16,40,55,56,56,56,56],"damage_taken":[{"damage":7,"enemies":"Jaw Worm","floor":1,"turns":3},{"damage":2,"enemies":"Cultist","floor":2,"turns":4},{"damage":3,"enemies":"Small Slimes","floor":3,"turns":2},{"damage":0,"enemies":"Blue Slaver","floor":4,"turns":3},{"damage":6,"enemies":"3 Sentries","floor":6,"turns":7},{"damage":8,"enemies":"Exordium Wildlife","floor":8,"turns":2},{"damage":6,"enemies":"Looter","floor":10,"turns":4},{"damage":13,"enemies":"Lagavulin","floor":12,"turns":7},{"damage":12,"enemies":"Lots of Slimes","floor":13,"turns":3},{"damage":4,"enemies":"The Mushroom Lair","floor":14,"turns":3},{"damage":1,"enemies":"Hexaghost","floor":16,"turns":8},{"damage":0,"enemies":"3 Byrds","floor":18,"turns":2},{"damage":10,"enemies":"Spheric Guardian","floor":21,"turns":4},{"damage":14,"enemies":"Book of Stabbing","floor":23,"turns":3},{"damage":8,"enemies":"Snake Plant","floor":24,"turns":7},{"damage":1,"enemies":"Centurion and Healer","floor":27,"turns":3},{"damage":0,"enemies":"Sentry and Sphere","floor":29,"turns":8},{"damage":13,"enemies":"Gremlin Leader","floor":31,"turns":5},{"damage":7,"enemies":"Automaton","floor":33,"turns":10},{"damage":0,"enemies":"3 Shapes","floor":35,"turns":2},{"damage":6,"enemies":"Orb Walker","floor":36,"turns":3},{"damage":0,"enemies":"Sphere and 2 Shapes","floor":39,"turns":7},{"damage":9,"enemies":"Giant Head","floor":40,"turns":6},{"damage":0,"enemies":"Nemesis","floor":42,"turns":11},{"damage":0,"enemies":"Reptomancer","floor":44,"turns":5},{"damage":0,"enemies":"Jaw Worm Horde","floor":46,"turns":4},{"damage":0,"enemies":"4 Shapes","floor":47,"turns":9},{"damage":0,"enemies":"Sphere and 2 Shapes","floor":48,"turns":7},{"damage":37,"enemies":"Time Eater","floor":50,"turns":20},{"damage":49,"enemies":"Donu and Deca","floor":51,"turns":14},{"damage":43,"enemies":"Shield and Spear","floor":55,"turns":6}],"green_key_taken_log":12,"seed_played":"-5196830993002051078","neow_bonus_log":{"cardsObtained":[],"cardsUpgraded":[],"cardsRemoved":[],"cardsTransformed":[],"relicsObtained":[],"maxHpGained":0,"goldGained":250,"damageTaken":0,"goldLost":0,"maxHpLost":7},"potions_obtained":[{"floor":3,"key":"FocusPotion"},{"floor":10,"key":"Explosive Potion"},{"floor":12,"key":"Swift Potion"},{"floor":13,"key":"ColorlessPotion"},{"floor":27,"key":"Explosive Potion"},{"floor":39,"key":"EssenceOfDarkness"},{"floor":42,"key":"Strength Potion"},{"floor":46,"key":"BlessingOfTheForge"},{"floor":47,"key":"Energy Potion"},{"floor":55,"key":"FocusPotion"}],"is_trial":false,"path_per_floor":["M","M","M","M","$","E","R","M","T","M","R","E","M","?","R","B",null,"M","$","?","M","?","E","M","R","T","M","R","M","R","E","R","B",null,"M","M","$","?","M","E","R","E","T","E","?","M","M","M","R","B","B",null,"R","$","E","B"],"character_chosen":"DEFECT","basemod:card_modifiers":[null,null,null,null,null,null,null,null,null,null,null,null,null,null,null,null,null,null,null,null,null,null,null,null,null,null,null,null,null,null,null,null,null,null,null,null,null,null],"items_purchased":["Chill","FocusPotion","Discovery","Mummified Hand","Cold Snap","Potion Belt","DataDisk"],"campfire_rested":4,"item_purchase_floors":[5,5,5,19,19,37,54],"current_hp_per_floor":[57,55,52,52,52,46,46,38,38,32,32,19,7,3,3,2,49,49,49,49,39,39,25,17,36,36,35,35,35,35,22,41,34,57,57,51,51,41,41,37,56,56,56,56,56,56,56,56,56,19,26,55,64,64,26,0],"gold":83,"neow_bonus":"TWO_FIFTY_GOLD","is_prod":false,"is_daily":false,"rewards_skipped":[{"floor":14,"relics":[],"potions":["SteroidPotion"]},{"floor":29,"relics":[],"potions":["LiquidBronze"]},{"floor":31,"relics":[],"potions":["FearPotion"]},{"floor":36,"relics":[],"potions":["Explosive Potion"]}],"chose_seed":false,"campfire_upgraded":5,"win_rate":0,"floor_exit_playtime":[36,69,88,108,143,234,252,321,323,356,362,431,485,527,535,614,685,727,739,743,792,810,865,953,958,962,997,1005,1115,1127,1188,1200,1367,1419,1462,1521,1845,1860,1973,2246,2250,2400,2404,2514,2517,2596,2658,2758,2761,2986,3290,3300,3304,3347,3506],"timestamp":1707620880,"blue_key_relic_skipped_log":{"floor":43,"relicID":"Vajra"},"path_taken":["M","M","M","M","$","E","R","M","T","M","R","E","M","?","R","BOSS","M","$","?","M","?","E","M","R","T","M","R","M","R","E","R","BOSS","M","M","$","?","M","E","R","E","T","E","?","M","M","M","R","BOSS","BOSS","R","$","E","BOSS"],"build_version":"2022-12-18","purchased_purges":1,"victory":false,"max_hp_per_floor":[64,64,64,64,64,64,64,64,64,64,64,64,64,64,64,64,64,64,64,64,64,64,64,64,64,64,64,64,64,64,64,64,64,64,64,64,64,64,64,64,64,64,64,64,64,64,64,64,64,64,64,64,64,64,64,64],"relic_stats":{"Lizard Tail":32,"Regal Pillow":0,"counters":[32,194],"Shuriken":[45],"Mummified Hand":[122],"Bronze Scales":[430],"Turnip":[2],"Ancient Tea Set":[6],"obtain_stats":[{"Potion Belt":37,"Regal Pillow":44,"Odd Mushroom":14,"Ancient Tea Set":40,"Mercury Hourglass":26,"SlaversCollar":17,"Lizard Tail":9,"DataDisk":54,"Shuriken":6,"Mummified Hand":19,"Bronze Scales":42,"Fusion Hammer":34,"Turnip":55,"Cracked Core":0,"StrikeDummy":12,"Toy Ornithopter":31,"Pocketwatch":23},{"Potion Belt":21,"Regal Pillow":25,"Odd Mushroom":10,"Ancient Tea Set":23,"Mercury Hourglass":15,"SlaversCollar":11,"Lizard Tail":6,"DataDisk":30,"Shuriken":5,"Mummified Hand":12,"Bronze Scales":24,"Fusion Hammer":19,"Turnip":31,"Cracked Core":0,"StrikeDummy":8,"Toy Ornithopter":18,"Pocketwatch":14},{"Potion Belt":93,"Regal Pillow":122,"Odd Mushroom":38,"Ancient Tea Set":106,"Mercury Hourglass":62,"SlaversCollar":46,"Lizard Tail":21,"DataDisk":174,"Shuriken":19,"Mummified Hand":48,"Bronze Scales":117,"Fusion Hammer":88,"Turnip":180,"Cracked Core":0,"StrikeDummy":32,"Toy Ornithopter":78,"Pocketwatch":55}],"Toy Ornithopter":30,"Pocketwatch":[218],"Mercury Hourglass":[412]},"card_choices":[{"not_picked":["Compile Driver","Blizzard"],"picked":"Static Discharge","floor":1},{"not_picked":["Melter","Redo"],"picked":"Go for the Eyes","floor":2},{"not_picked":["Compile Driver","Hologram"],"picked":"Ball Lightning","floor":3},{"not_picked":["Heatsinks","Compile Driver"],"picked":"Cold Snap","floor":4},{"not_picked":["Ball Lightning","Rip and Tear"],"picked":"Sunder","floor":6},{"not_picked":["Fusion","Redo"],"picked":"Glacier","floor":10},{"not_picked":["Chaos","Reprogram"],"picked":"Consume","floor":12},{"not_picked":["Storm","Barrage"],"picked":"Lockon","floor":13},{"not_picked":["Streamline","Consume"],"picked":"Fission","floor":14},{"not_picked":["Hyperbeam","Thunder Strike"],"picked":"Electrodynamics","floor":16},{"not_picked":["Rebound","Barrage","Go for the Eyes"],"picked":"SKIP","floor":18},{"not_picked":["Sweeping Beam","Doom and Gloom"],"picked":"Beam Cell","floor":21},{"not_picked":["Stack","Rebound"],"picked":"Heatsinks","floor":23},{"not_picked":["Cold Snap","Hologram"],"picked":"Recycle+1","floor":24},{"not_picked":["Barrage","Conserve Battery","Ball Lightning"],"picked":"SKIP","floor":27},{"not_picked":["Rip and Tear","Steam"],"picked":"Echo Form","floor":29},{"not_picked":["Auto Shields","Heatsinks"],"picked":"Reinforced Body+1","floor":31},{"not_picked":["Echo Form","Meteor Strike"],"picked":"Seek","floor":33},{"not_picked":["Go for the Eyes","Scrape+1"],"picked":"Chill+1","floor":35},{"not_picked":["Conserve Battery","Cold Snap+1"],"picked":"Turbo","floor":36},{"not_picked":["Violence","Forethought"],"picked":"Master of Strategy","floor":38},{"not_picked":["Trip","Thinking Ahead"],"picked":"Dark Shackles","floor":38},{"not_picked":["Chrysalis","Mayhem","Mind Blast"],"picked":"SKIP","floor":38},{"not_picked":["Fission","Melter"],"picked":"Coolheaded","floor":40},{"not_picked":["Steam","Compile Driver+1"],"picked":"Coolheaded+1","floor":42},{"not_picked":["Conserve Battery","Streamline"],"picked":"Cold Snap+1","floor":44},{"not_picked":["Rebound","Sweeping Beam"],"picked":"Doom and Gloom+1","floor":47},{"not_picked":["Beam Cell","BootSequence+1"],"picked":"Machine Learning","floor":55}],"player_experience":5980288,"relics_obtained":[{"floor":6,"key":"Shuriken"},{"floor":9,"key":"Lizard Tail"},{"floor":12,"key":"StrikeDummy"},{"floor":14,"key":"Odd Mushroom"},{"floor":23,"key":"Pocketwatch"},{"floor":26,"key":"Mercury Hourglass"},{"floor":31,"key":"Toy Ornithopter"},{"floor":40,"key":"Ancient Tea Set"},{"floor":42,"key":"Bronze Scales"},{"floor":44,"key":"Regal Pillow"},{"floor":55,"key":"Turnip"}],"event_choices":[{"damage_healed":0,"gold_gain":0,"player_choice":"Fought Mushrooms","damage_taken":0,"max_hp_gain":0,"max_hp_loss":0,"event_name":"Mushrooms","floor":14,"gold_loss":0},{"damage_healed":0,"gold_gain":0,"player_choice":"Simplicity","damage_taken":0,"max_hp_gain":0,"max_hp_loss":0,"event_name":"Back to Basics","floor":20,"gold_loss":0,"cards_upgraded":["Strike_B","Strike_B","Strike_B","Defend_B","Defend_B","Defend_B","Defend_B"]},{"damage_healed":0,"gold_gain":0,"player_choice":"Ignored","damage_taken":0,"max_hp_gain":0,"max_hp_loss":0,"event_name":"N\u0027loth","floor":22,"gold_loss":0},{"damage_healed":0,"gold_gain":0,"player_choice":"Memory 3","damage_taken":10,"max_hp_gain":0,"max_hp_loss":0,"event_name":"SensoryStone","floor":38,"gold_loss":0},{"damage_healed":0,"gold_gain":0,"player_choice":"Ignored","damage_taken":0,"max_hp_gain":0,"max_hp_loss":0,"event_name":"Tomb of Lord Red Mask","floor":45,"gold_loss":0}],"is_beta":false,"boss_relics":[{"not_picked":["Empty Cage","Philosopher\u0027s Stone"],"picked":"SlaversCollar"},{"not_picked":["Pandora\u0027s Box","Runic Dome"],"picked":"Fusion Hammer"}],"items_purged_floors":[5],"is_endless":false,"potions_floor_spawned":[3,10,12,13,14,27,29,31,36,39,42,46,47,55],"killed_by":"The Heart","ascension_level":20,"potion_discard_per_floor":[[],[],[],[],[],[],[],[],[],[],[],["Explosive Potion"],["Swift Potion"],[],[],[],[],[],[],[],[],[],[],[],[],[],[],[],[],[],[],[],[],[],[],[],[],[],[],[],[],[],[],[],[],[],["Explosive Potion"],[],[],[],[],[],[],[],[],[]]}