{"neow_bonuses_skipped_log":["UPGRADE_CARD","TRANSFORM_TWO_CARDS","BOSS_RELIC"],"neow_costs_skipped_log":["NONE","CURSE","NONE"],"potions_obtained_entropic_brew":[[],[],[],[],[],[],[],[],[],[],[],[],[],[],[],[],[],[],[],[],[],[],[],[],[],[],[],[],[],[],[],[],[],[],[],[],[],[],[],[],[],[],[],[],[],[],[],[],[],[],[],[],[],[],[],[],[]],"gold_per_floor":[119,119,138,4,4,4,32,46,70,70,81,108,108,122,122,196,196,208,208,108,7,19,19,30,30,30,30,59,76,76,1,1,75,75,94,109,119,144,161,161,216,246,246,246,277,144,174,189,189,189,189,189,189,1,34,34],"floor_reached":57,"playtime":4072,"items_purged":["Strike_B","Defend_B","Zap"],"score":2686,"play_id":"d98800ef-9455-4a89-bbbd-399295d27af1","local_time":"20240207202436","score_breakdown":["Floors Climbed (57): 285","Enemies Slain (14): 28","Exordium Elites Killed (2): 20","City Elites Killed (1): 20","Beyond Elites Killed (3): 90","Bosses Slain (5): 750","Overkill: 25","Ascension (20): 1218","Heartbreaker: 250"],"is_ascension_mode":true,"potions_obtained_alchemize":[[],[],[],[],[],[],[],[],[],[],[],[],[],[],[],[],[],[],[],[],[],[],[],[],[],[],[],[],[],[],[],[],[],[],[],[],[],[],[],[],[],[],[],[],[],[],[],[],[],[],[],[],[],[],[],[],[]],"campfire_choices":[{"data":"Darkness","floor":6,"key":"SMITH"},{"data":"Beam Cell","floor":10,"key":"SMITH"},{"data":"Redo","floor":13,"key":"SMITH"},{"data":"Capacitor","floor":15,"key":"SMITH"},{"floor":23,"key":"REST"},{"data":"Consume","floor":25,"key":"SMITH"},{"data":"Fusion","floor":30,"key":"SMITH"},{"data":"Sweeping Beam","floor":32,"key":"SMITH"},{"data":"Coolheaded","floor":40,"key":"SMITH"},{"data":"Coolheaded","floor":44,"key":"SMITH"},{"floor":49,"key":"RECALL"},{"data":"Dualcast","floor":53,"key":"SMITH"}],"lesson_learned_per_floor":[[],[],[],[],[],[],[],[],[],[],[],[],[],[],[],[],[],[],[],[],[],[],[],[],[],[],[],[],[],[],[],[],[],[],[],[],[],[],[],[],[],[],[],[],[],[],[],[],[],[],[],[],[],[],[],[],[]],"neow_cost":"NONE","improvable_cards":{},"seed_source_timestamp":10017065713025,"shop_contents":[{"floor":4,"relics":["PreservedInsect","StrikeDummy","Orrery"],"cards":["Gash","Scrape","Recycle","Hologram","Flash of Steel","Violence"],"potions":["Block Potion","Dexterity Potion"]},{"floor":21,"relics":["Symbiotic Virus","Singing Bowl","Membership Card"],"cards":["Scrape","Rebound","Redo","Heatsinks","Impatience","Metamorphosis"],"potions":["Regen Potion","DistilledChaos","Energy Potion"]},{"floor":46,"relics":["Ancient Tea Set","Blue Candle","Medical Kit"],"cards":["Cold Snap","Gash","Stack","Coolheaded","Swift Strike","Secret Technique"],"potions":["SpeedPotion","Strength Potion","PotionOfCapacity"]},{"floor":54,"relics":["Cables","Strawberry","HandDrill"],"cards":["Doom and Gloom","Sunder","Coolheaded","Buffer","Good Instincts","HandOfGreed"],"potions":["Regen Potion","SmokeBomb"]}],"circlet_count":0,"master_deck":["AscendersBane","Strike_B","Strike_B","Strike_B","Defend_B","Defend_B","Dualcast+1","Darkness+1","Glacier","Defragment+1","Redo+1","Beam Cell+1","Barrage","Capacitor+1","Echo Form","Steam","Sweeping Beam+1","Coolheaded+1","Conserve Battery","Consume+1","FTL","Fusion+1","Biased Cognition","Turbo","Go for the Eyes+1","Heatsinks+1","Coolheaded+1","Turbo+1","Cold Snap+1","Steam+1","Skim","Self Repair","Hologram","White Noise+1"],"potion_use_per_floor":[[],[],[],[],[],[],[],[],[],[],[],["AttackPotion"],[],[],[],["DistilledChaos"],[],[],[],[],[],[],[],["Dexterity Potion"],[],[],[],["FairyPotion"],[],[],[],[],[],[],["Swift Potion"],[],[],[],[],[],["ColorlessPotion"],[],[],[],[],[],["Explosive Potion"],[],[],["Weak Potion"],[],[],[],[],["DistilledChaos"],["PotionOfCapacity"],[]],"relics":["FrozenCore","Vajra","Smiling Mask","Letter Opener","Omamori","Eternal Feather","Orichalcum","Runic Pyramid","Prayer Wheel","Pocketwatch","Bottled Tornado","Shuriken","InkBottle","Lizard Tail","TungstenRod"],"potions_floor_usage":[12,16,24,35,41,47,50,55,56],"damage_taken":[{"damage":7,"enemies":"Jaw Worm","floor":1,"turns":3},{"damage":1,"enemies":"Cultist","floor":3,"turns":4},{"damage":2,"enemies":"Lagavulin","floor":7,"turns":7},{"damage":0,"enemies":"2 Louse","floor":8,"turns":2},{"damage":2,"enemies":"Large Slime","floor":11,"turns":8},{"damage":26,"enemies":"Gremlin Nob","floor":12,"turns":5},{"damage":3,"enemies":"3 Louse","floor":14,"turns":3},{"damage":18,"enemies":"The Guardian","floor":16,"turns":9},{"damage":2,"enemies":"Shell Parasite","floor":18,"turns":8},{"damage":20,"enemies":"2 Thieves","floor":20,"turns":5},{"damage":12,"enemies":"Centurion and Healer","floor":22,"turns":9},{"damage":6,"enemies":"Snake Plant","floor":24,"turns":10},{"damage":54,"enemies":"Gremlin Leader","floor":28,"turns":11},{"damage":0,"enemies":"Snecko","floor":29,"turns":12},{"damage":28,"enemies":"Collector","floor":33,"turns":14},{"damage":18,"enemies":"3 Shapes","floor":35,"turns":4},{"damage":7,"enemies":"3 Darklings","floor":36,"turns":6},{"damage":0,"enemies":"Maw","floor":37,"turns":9},{"damage":0,"enemies":"Mind Bloom Boss Battle","floor":38,"turns":7},{"damage":12,"enemies":"Spire Growth","floor":39,"turns":7},{"damage":25,"enemies":"2 Orb Walkers","floor":41,"turns":6},{"damage":11,"enemies":"Nemesis","floor":42,"turns":9},{"damage":2,"enemies":"Giant Head","floor":45,"turns":10},{"damage":8,"enemies":"Reptomancer","floor":47,"turns":4},{"damage":0,"enemies":"Sphere and 2 Shapes","floor":48,"turns":13},{"damage":25,"enemies":"Awakened One","floor":50,"turns":18},{"damage":22,"enemies":"Donu and Deca","floor":51,"turns":18},{"damage":25,"enemies":"Shield and Spear","floor":55,"turns":7},{"damage":55,"enemies":"The Heart","floor":56,"turns":11}],"green_key_taken_log":12,"seed_played":"-6207918302236654229","neow_bonus_log":{"cardsObtained":[],"cardsUpgraded":[],"cardsRemoved":[],"cardsTransformed":[],"relicsObtained":["Vajra"],"maxHpGained":0,"goldGained":0,"damageTaken":0,"goldLost":0,"maxHpLost":0},"potions_obtained":[{"floor":1,"key":"DistilledChaos"},{"floor":12,"key":"Dexterity Potion"},{"floor":16,"key":"PotionOfCapacity"},{"floor":24,"key":"FairyPotion"},{"floor":28,"key":"Swift Potion"},{"floor":36,"key":"SpeedPotion"},{"floor":39,"key":"ColorlessPotion"},{"floor":42,"key":"Explosive Potion"},{"floor":48,"key":"Weak Potion"}],"is_trial":false,"path_per_floor":["M","?","M","$","?","R","E","M","T","R","M","E","R","M","R","B",null,"M","?","M","$","M","R","M","R","T","?","E","M","R","?","R","B",null,"M","M","M","?","M","R","?","E","T","R","E","$","E","M","R","B","B",null,"R","$","E","B",null],"character_chosen":"DEFECT","basemod:card_modifiers":[null,null,null,null,null,null,null,null,null,null,null,null,null,null,null,null,null,null,null,null,null,null,null,null,null,null,null,null,null,null,null,null,null,null],"items_purchased":["Defragment","AttackPotion","Coolheaded","Self Repair","DistilledChaos","Hologram"],"campfire_rested":1,"item_purchase_floors":[4,4,21,46,54,54],"current_hp_per_floor":[57,57,56,56,56,56,54,54,54,54,52,26,26,23,23,5,55,53,53,33,33,21,42,36,36,36,36,21,21,36,36,48,20,58,40,33,33,33,21,39,14,3,3,21,19,19,25,39,57,46,38,63,71,71,60,12],"gold":34,"neow_bonus":"RANDOM_COMMON_RELIC","is_prod":false,"is_daily":false,"rewards_skipped":[{"floor":33,"relics":[],"potions":["Strength Potion"]}],"chose_seed":false,"campfire_upgraded":10,"win_rate":0,"floor_exit_playtime":[79,83,112,124,129,134,185,216,219,225,296,382,387,420,426,532,558,632,634,712,729,814,817,896,903,906,910,1164,1275,1281,1312,1324,1524,1569,1653,1770,1879,1980,2098,2108,2207,2374,2377,2385,2584,2600,2696,2849,2856,3228,3447,3458,3505,3546,3789,4072],"timestamp":1707355476,"blue_key_relic_skipped_log":{"floor":9,"relicID":"Juzu Bracelet"},"path_taken":["M","?","M","$","?","R","E","M","T","R","?","E","R","M","R","BOSS","M","?","M","$","M","R","M","R","T","?","E","M","R","?","R","BOSS","M","M","M","?","M","R","?","E","T","R","E","$","E","M","R","BOSS","BOSS","R","$","E","BOSS"],"build_version":"2022-12-18","purchased_purges":3,"victory":true,"max_hp_per_floor":[71,71,71,71,71,71,71,71,71,71,71,71,71,71,71,71,71,71,71,71,71,71,71,71,71,71,71,71,71,71,71,71,71,71,71,71,71,71,71,71,71,71,71,71,71,71,71,71,71,71,71,71,71,71,71,71],"relic_stats":{"counters":[29,239],"Eternal Feather":89,"Omamori":1,"Letter Opener":[653],"Orichalcum":[282],"Bottled Tornado":"Echo Form","Smiling Mask":150,"FrozenCore":[67],"Lizard Tail":0,"Shuriken":[27],"Prayer Wheel":2,"obtain_stats":[{"Vajra":0,"Eternal Feather":27,"Omamori":26,"Letter Opener":12,"Orichalcum":28,"Bottled Tornado":42,"Smiling Mask":7,"FrozenCore":17,"Lizard Tail":47,"Shuriken":43,"Prayer Wheel":38,"Cracked Core":0,"InkBottle":45,"TungstenRod":55,"Runic Pyramid":34,"Pocketwatch":41},{"Vajra":0,"Eternal Feather":12,"Omamori":12,"Letter Opener":6,"Orichalcum":13,"Bottled Tornado":22,"Smiling Mask":3,"FrozenCore":8,"Lizard Tail":24,"Shuriken":22,"Prayer Wheel":19,"Cracked Core":0,"InkBottle":23,"TungstenRod":28,"Runic Pyramid":15,"Pocketwatch":21},{"Vajra":0,"Eternal Feather":73,"Omamori":73,"Letter Opener":29,"Orichalcum":84,"Bottled Tornado":158,"Smiling Mask":14,"FrozenCore":41,"Lizard Tail":172,"Shuriken":158,"Prayer Wheel":136,"Cracked Core":0,"InkBottle":168,"TungstenRod":228,"Runic Pyramid":110,"Pocketwatch":149}],"InkBottle":[32],"TungstenRod":32,"Pocketwatch":[9]},"card_choices":[{"not_picked":["Lockon","Recycle"],"picked":"Darkness","floor":1},{"not_picked":["Leap","Beam Cell"],"picked":"Glacier","floor":3},{"not_picked":["Hologram","Multi-Cast"],"picked":"Redo","floor":7},{"not_picked":["Double Energy","Stack"],"picked":"Beam Cell","floor":8},{"not_picked":["Recycle","Steam"],"picked":"Barrage","floor":12},{"not_picked":["Gash","Lockon"],"picked":"Capacitor","floor":14},{"not_picked":["Seek","Core Surge"],"picked":"Echo Form","floor":16},{"not_picked":["Heatsinks","Static Discharge"],"picked":"Steam","floor":18},{"not_picked":["Recycle","Gash"],"picked":"Sweeping Beam","floor":20},{"not_picked":["Gash","Reprogram"],"picked":"Conserve Battery","floor":22},{"not_picked":["Conserve Battery","Rebound"],"picked":"Consume","floor":24},{"not_picked":["Tempest","Gash"],"picked":"FTL","floor":28},{"not_picked":["Melter","Redo"],"picked":"Fusion","floor":29},{"not_picked":["Meteor Strike","All For One"],"picked":"Biased Cognition","floor":33},{"not_picked":["Heatsinks","Compile Driver"],"picked":"Turbo","floor":35},{"not_picked":["Hologram+1","Coolheaded"],"picked":"Go for the Eyes+1","floor":36},{"not_picked":["Consume","Blizzard+1"],"picked":"Heatsinks+1","floor":37},{"not_picked":["Ball Lightning","Gash+1"],"picked":"Coolheaded","floor":38},{"not_picked":["Streamline","Stack+1"],"picked":"Turbo+1","floor":39},{"not_picked":["Redo","Compile Driver+1"],"picked":"Cold Snap+1","floor":39},{"not_picked":["Rebound","Stack"],"picked":"Steam+1","floor":41},{"not_picked":["Steam Power+1","Redo"],"picked":"Skim","floor":42},{"not_picked":["Reinforced Body","Beam Cell","Multi-Cast"],"picked":"SKIP","floor":45},{"not_picked":["Leap","Gash","Fusion+1"],"picked":"SKIP","floor":47},{"not_picked":["Ball Lightning","Compile Driver+1","Streamline"],"picked":"SKIP","floor":48},{"not_picked":["Consume","Steam","Melter"],"picked":"SKIP","floor":48},{"not_picked":["Ball Lightning","Compile Driver+1","Streamline"],"picked":"SKIP","floor":48},{"not_picked":["Consume","Steam","Melter"],"picked":"SKIP","floor":48},{"not_picked":["Stack","Conserve Battery"],"picked":"White Noise+1","floor":55}],"player_experience":5913980,"relics_obtained":[{"floor":7,"key":"Smiling Mask"},{"floor":12,"key":"Letter Opener"},{"floor":26,"key":"Omamori"},{"floor":28,"key":"Orichalcum"},{"floor":38,"key":"Prayer Wheel"},{"floor":41,"key":"Pocketwatch"},{"floor":42,"key":"Bottled Tornado"},{"floor":43,"key":"Shuriken"},{"floor":45,"key":"InkBottle"},{"floor":47,"key":"Lizard Tail"},{"floor":55,"key":"TungstenRod"}],"event_choices":[{"damage_healed":0,"gold_gain":0,"player_choice":"Leave","damage_taken":0,"max_hp_gain":0,"max_hp_loss":0,"event_name":"The Cleric","floor":2,"gold_loss":0},{"damage_healed":0,"gold_gain":0,"player_choice":"Upgraded","damage_taken":0,"max_hp_gain":0,"max_hp_loss":0,"event_name":"Upgrade Shrine","floor":5,"gold_loss":0,"cards_upgraded":["Defragment"]},{"damage_healed":0,"gold_gain":0,"player_choice":"Ignored","damage_taken":0,"max_hp_gain":0,"max_hp_loss":0,"event_name":"Ghosts","floor":19,"gold_loss":0},{"damage_healed":0,"gold_gain":0,"player_choice":"Stole Relic","damage_taken":0,"relics_obtained":["Eternal Feather"],"max_hp_gain":0,"max_hp_loss":0,"event_name":"Addict","floor":27,"gold_loss":0,"cards_obtained":["Shame"]},{"cards_removed":["Defend_B"],"damage_healed":0,"gold_gain":0,"player_choice":"Gave Gold","damage_taken":0,"max_hp_gain":0,"max_hp_loss":0,"event_name":"Beggar","floor":31,"gold_loss":75},{"damage_healed":0,"gold_gain":0,"player_choice":"Fight","damage_taken":0,"max_hp_gain":0,"max_hp_loss":0,"event_name":"MindBloom","floor":38,"gold_loss":0},{"damage_healed":0,"gold_gain":0,"player_choice":"Fight","damage_taken":0,"max_hp_gain":0,"max_hp_loss":0,"event_name":"Mysterious Sphere","floor":41,"gold_loss":0}],"is_beta":false,"boss_relics":[{"not_picked":["Velvet Choker","Tiny House"],"picked":"FrozenCore"},{"not_picked":["Inserter","Busted Crown"],"picked":"Runic Pyramid"}],"items_purged_floors":[21,46,54],"is_endless":false,"potions_floor_spawned":[1,12,16,24,28,33,36,39,42,48],"ascension_level":20,"potion_discard_per_floor":[[],[],[],[],[],[],[],[],[],[],[],[],[],[],[],[],[],[],[],[],[],[],[],[],[],[],[],[],[],[],[],[],[],[],[],[],[],[],["SpeedPotion"],[],[],[],[],[],[],[],[],[],[],[],[],[],[],[],[],[],[]]}