{"neow_bonuses_skipped_log":["RANDOM_COLORLESS","RANDOM_COLORLESS_2","BOSS_RELIC"],"neow_costs_skipped_log":["NONE","NO_GOLD","NONE"],"potions_obtained_entropic_brew":[[],[],[],[],[],[],[],[],[],[],[],[],["SpeedPotion","EssenceOfSteel","SteroidPotion","Block Potion"],[],[],[],[],[],[],[],[],[],[],[],[],[],[],[],[],[],[],[],[],[],[],[],[],[],[],[],[],[],[],[],[],[],[],[],[],[],[],[],[],[],[],[],[]],"gold_per_floor":[112,387,7,25,39,68,68,95,122,141,176,176,236,247,247,321,321,341,355,355,355,10,10,42,42,115,131,159,159,172,190,190,264,264,279,294,294,294,312,343,343,221,295,330,330,379,410,435,435,435,435,435,435,8,33,33],"floor_reached":57,"playtime":4529,"items_purged":["Regret","Reprogram+1"],"score":3042,"play_id":"eedaa8b7-b3d0-43cd-820f-a8226fe810ca","local_time":"20240208211936","falling_options_log":["Doom and Gloom","Loop"],"score_breakdown":["Floors Climbed (57): 285","Enemies Slain (13): 26","Exordium Elites Killed (3): 30","City Elites Killed (2): 40","Beyond Elites Killed (3): 90","Bosses Slain (5): 750","Money Money (1208): 25","Librarian: 25","Champion (2): 50","Perfect (1): 50","Overkill: 25","C-c-c-combo: 25","Ascension (20): 1371","Heartbreaker: 250"],"is_ascension_mode":true,"potions_obtained_alchemize":[[],[],[],[],[],[],[],[],[],[],[],[],[],[],[],[],[],[],[],[],[],[],[],[],[],[],[],[],[],[],[],[],[],[],[],[],[],[],[],[],[],[],[],[],[],[],[],[],[],[],[],[],[],[],[],[],[]],"campfire_choices":[{"data":"Electrodynamics","floor":7,"key":"SMITH"},{"data":"Sunder","floor":12,"key":"SMITH"},{"data":"Loop","floor":15,"key":"SMITH"},{"data":"Consume","floor":23,"key":"SMITH"},{"floor":25,"key":"REST"},{"data":"Seek","floor":32,"key":"SMITH"},{"floor":45,"key":"RECALL"},{"floor":49,"key":"REST"},{"data":"Heatsinks","floor":53,"key":"SMITH"}],"lesson_learned_per_floor":[[],[],[],[],[],[],[],[],[],[],[],[],[],[],[],[],[],[],[],[],[],[],[],[],[],[],[],[],[],[],[],[],[],[],[],[],[],[],[],[],[],[],[],[],[],[],[],[],[],[],[],[],[],[],[],[],[]],"neow_cost":"NONE","improvable_cards":{},"seed_source_timestamp":9846985957921,"shop_contents":[{"floor":3,"relics":["Cables","Unceasing Top","HandDrill"],"cards":["Scrape","Melter","White Noise","Loop","Mayhem"],"potions":["EssenceOfDarkness","Weak Potion"]},{"floor":22,"relics":["Bottled Lightning","CeramicFish"],"cards":["Blizzard","Compile Driver","Hologram","Defragment","Blind","The Bomb"],"potions":["Dexterity Potion","DuplicationPotion","SpeedPotion"]},{"floor":42,"relics":["Happy Flower","Girya","PrismaticShard"],"cards":["Lockon","Barrage","Leap","Hello World","Bandage Up","Chrysalis"],"potions":["SpeedPotion","LiquidBronze"]},{"floor":54,"relics":["Whetstone","Letter Opener"],"cards":["Scrape","Sweeping Beam","Chill","Steam","Loop","Impatience","HandOfGreed"],"potions":[]}],"circlet_count":0,"master_deck":["AscendersBane","Strike_B","Defend_B","Defend_B","Defend_B","Zap","Dualcast","Conserve Battery","Chill","Bandage Up","Rebound","Electrodynamics+1","Hologram","Sunder+1","Doom and Gloom","Loop+1","Self Repair","Core Surge","Rainbow+1","Tempest+1","Compile Driver","Consume+1","Seek+1","Biased Cognition","Turbo","Chill","Coolheaded","Loop+1","Seek","Cold Snap","Glacier","Biased Cognition","Aggregate","Buffer","Heatsinks+1","Coolheaded+1","Biased Cognition","Capacitor+1"],"potion_use_per_floor":[[],[],[],[],[],[],[],["PowerPotion"],[],[],[],[],["EntropicBrew","Block Potion"],[],[],[],[],["EssenceOfSteel"],[],[],[],[],[],["SteroidPotion","Fire Potion"],[],[],["Regen Potion"],[],[],[],[],[],[],[],[],[],[],[],[],["FocusPotion","PowerPotion"],[],[],[],["Fire Potion"],[],[],["Fruit Juice","FearPotion"],[],[],[],[],[],[],[],[],["Swift Potion","GamblersBrew","Block Potion","Weak Potion"],[]],"relics":["Cracked Core","Pen Nib","Toy Ornithopter","Oddly Smooth Stone","Potion Belt","Juzu Bracelet","Anchor","Astrolabe","OrangePellets","Blood Vial","Mummified Hand","CaptainsWheel","SacredBark","Ancient Tea Set","Vajra","Incense Burner","Dream Catcher","Calipers","DollysMirror","Torii"],"potions_floor_usage":[8,13,13,18,24,24,27,40,40,44,47,47,56,56,56,56],"damage_taken":[{"damage":2,"enemies":"Jaw Worm","floor":1,"turns":4},{"damage":0,"enemies":"Cultist","floor":4,"turns":3},{"damage":1,"enemies":"2 Louse","floor":5,"turns":6},{"damage":16,"enemies":"3 Sentries","floor":6,"turns":6},{"damage":26,"enemies":"Gremlin Nob","floor":8,"turns":4},{"damage":2,"enemies":"Blue Slaver","floor":10,"turns":4},{"damage":12,"enemies":"Lagavulin","floor":11,"turns":7},{"damage":18,"enemies":"Lagavulin Event","floor":13,"turns":5},{"damage":0,"enemies":"3 Louse","floor":14,"turns":3},{"damage":26,"enemies":"The Guardian","floor":16,"turns":11},{"damage":22,"enemies":"Chosen","floor":18,"turns":6},{"damage":14,"enemies":"3 Byrds","floor":19,"turns":4},{"damage":47,"enemies":"Book of Stabbing","floor":24,"turns":6},{"damage":15,"enemies":"Sentry and Sphere","floor":27,"turns":6},{"damage":0,"enemies":"Slavers","floor":28,"turns":3},{"damage":0,"enemies":"3 Cultists","floor":30,"turns":2},{"damage":6,"enemies":"Shelled Parasite and Fungi","floor":31,"turns":4},{"damage":15,"enemies":"Collector","floor":33,"turns":6},{"damage":0,"enemies":"3 Shapes","floor":35,"turns":2},{"damage":0,"enemies":"Orb Walker","floor":36,"turns":3},{"damage":13,"enemies":"Spire Growth","floor":39,"turns":7},{"damage":71,"enemies":"Giant Head","floor":40,"turns":11},{"damage":6,"enemies":"Reptomancer","floor":44,"turns":9},{"damage":0,"enemies":"2 Orb Walkers","floor":46,"turns":1},{"damage":63,"enemies":"Giant Head","floor":47,"turns":16},{"damage":0,"enemies":"Mind Bloom Boss Battle","floor":48,"turns":24},{"damage":0,"enemies":"Time Eater","floor":50,"turns":48},{"damage":10,"enemies":"Donu and Deca","floor":51,"turns":30},{"damage":0,"enemies":"Shield and Spear","floor":55,"turns":6},{"damage":8,"enemies":"The Heart","floor":56,"turns":8}],"green_key_taken_log":40,"seed_played":"-2047020226690480225","neow_bonus_log":{"cardsObtained":[],"cardsUpgraded":[],"cardsRemoved":[],"cardsTransformed":[],"relicsObtained":["Pen Nib"],"maxHpGained":0,"goldGained":0,"damageTaken":0,"goldLost":0,"maxHpLost":0},"potions_obtained":[{"floor":4,"key":"PowerPotion"},{"floor":13,"key":"Fire Potion"},{"floor":16,"key":"Regen Potion"},{"floor":18,"key":"Fruit Juice"},{"floor":27,"key":"Fire Potion"},{"floor":28,"key":"FocusPotion"},{"floor":30,"key":"PowerPotion"},{"floor":46,"key":"FearPotion"},{"floor":55,"key":"Weak Potion"}],"is_trial":false,"path_per_floor":["M","?","$","M","M","E","R","E","T","M","E","R","?","M","R","B",null,"M","M","?","?","$","R","E","R","T","M","E","?","M","M","R","B",null,"M","M","?","?","M","E","?","$","T","E","R","?","E","?","R","B","B",null,"R","$","E","B",null],"character_chosen":"DEFECT","basemod:card_modifiers":[null,null,null,null,null,null,null,null,null,null,null,null,null,null,null,null,null,null,null,null,null,null,null,null,null,null,null,null,null,null,null,null,null,null,null,null,null,null],"items_purchased":["Chill","Bandage Up","EntropicBrew","Seek","OrangePellets","Glacier","GamblersBrew","DollysMirror","Swift Potion","Block Potion","BlessingOfTheForge"],"campfire_rested":2,"item_purchase_floors":[3,3,3,22,22,42,42,54,54,54,54],"current_hp_per_floor":[62,62,62,66,69,57,57,40,40,42,34,34,30,30,30,15,57,51,44,44,44,44,44,11,32,32,50,63,81,81,81,81,77,80,81,81,77,77,75,27,27,27,27,39,39,41,11,24,50,63,66,82,82,82,87,87],"gold":33,"neow_bonus":"RANDOM_COMMON_RELIC","is_prod":false,"is_daily":false,"rewards_skipped":[{"floor":5,"relics":[],"potions":["SpeedPotion"]}],"chose_seed":false,"campfire_upgraded":6,"win_rate":0,"floor_exit_playtime":[128,136,192,228,264,382,389,450,461,495,560,570,631,657,665,830,887,974,1036,1040,1044,1077,1088,1210,1223,1227,1334,1391,1437,1500,1567,1574,1654,1680,1718,1770,1776,1780,1878,2184,2194,2468,2474,2684,2689,2792,3089,3353,3359,3731,4080,4091,4103,4170,4357,4529],"timestamp":1707445176,"blue_key_relic_skipped_log":{"floor":43,"relicID":"Singing Bowl"},"path_taken":["M","?","$","M","?","E","R","E","T","M","E","R","?","M","R","BOSS","M","M","?","?","$","R","E","R","T","M","E","?","M","M","R","BOSS","M","M","?","?","M","E","?","$","T","E","R","?","E","?","R","BOSS","BOSS","R","$","E","BOSS"],"build_version":"2022-12-18","purchased_purges":2,"victory":true,"max_hp_per_floor":[71,71,71,71,71,71,71,71,71,71,71,71,71,71,71,71,71,71,71,71,71,71,71,71,71,71,71,71,81,81,81,81,81,81,81,81,77,77,77,77,77,77,77,77,77,77,87,87,87,87,87,87,87,87,87,87],"relic_stats":{"Calipers":[29529],"Torii":0,"counters":[30,254],"Astrolabe":["Rainbow","Reprogram","Tempest"],"Pen Nib":[18],"Juzu Bracelet":1,"Ancient Tea Set":[6],"Blood Vial":21,"OrangePellets":[32],"Dream Catcher":1,"Mummified Hand":[108],"obtain_stats":[{"Potion Belt":9,"Calipers":48,"Torii":55,"Astrolabe":17,"SacredBark":34,"Oddly Smooth Stone":8,"Vajra":44,"Pen Nib":0,"Juzu Bracelet":11,"Incense Burner":46,"Ancient Tea Set":40,"Blood Vial":24,"OrangePellets":22,"Anchor":13,"CaptainsWheel":28,"Dream Catcher":47,"Mummified Hand":26,"DollysMirror":54,"Cracked Core":0,"Toy Ornithopter":6},{"Potion Belt":5,"Calipers":26,"Torii":29,"Astrolabe":10,"SacredBark":18,"Oddly Smooth Stone":5,"Vajra":23,"Pen Nib":0,"Juzu Bracelet":7,"Incense Burner":24,"Ancient Tea Set":22,"Blood Vial":13,"OrangePellets":12,"Anchor":8,"CaptainsWheel":15,"Dream Catcher":25,"Mummified Hand":13,"DollysMirror":28,"Cracked Core":0,"Toy Ornithopter":4},{"Potion Belt":23,"Calipers":162,"Torii":246,"Astrolabe":53,"SacredBark":89,"Oddly Smooth Stone":23,"Vajra":121,"Pen Nib":0,"Juzu Bracelet":34,"Incense Burner":122,"Ancient Tea Set":112,"Blood Vial":68,"OrangePellets":62,"Anchor":39,"CaptainsWheel":77,"Dream Catcher":138,"Mummified Hand":68,"DollysMirror":240,"Cracked Core":0,"Toy Ornithopter":19}],"Toy Ornithopter":68},"card_choices":[{"not_picked":["Go for the Eyes","Turbo"],"picked":"Conserve Battery","floor":1},{"not_picked":["Turbo","White Noise"],"picked":"Rebound","floor":4},{"not_picked":["Sweeping Beam","Barrage"],"picked":"Electrodynamics","floor":5},{"not_picked":["Go for the Eyes","Sweeping Beam"],"picked":"Hologram","floor":6},{"not_picked":["Leap","Undo"],"picked":"Sunder","floor":8},{"not_picked":["Compile Driver","Go for the Eyes"],"picked":"Doom and Gloom","floor":10},{"not_picked":["Sweeping Beam","Conserve Battery"],"picked":"Loop","floor":11},{"not_picked":["Lockon","Compile Driver"],"picked":"Rainbow","floor":13},{"not_picked":["Static Discharge","Leap"],"picked":"Self Repair","floor":14},{"not_picked":["Multi-Cast","Hyperbeam"],"picked":"Core Surge","floor":16},{"not_picked":["Barrage","Hologram"],"picked":"Compile Driver","floor":18},{"not_picked":["Beam Cell","Barrage"],"picked":"Consume","floor":19},{"not_picked":["Turbo","Leap+1"],"picked":"Biased Cognition","floor":24},{"not_picked":["Beam Cell+1","Streamline"],"picked":"Turbo","floor":27},{"not_picked":["Blizzard","Doom and Gloom"],"picked":"Chill","floor":28},{"not_picked":["Genetic Algorithm","Defragment"],"picked":"Coolheaded","floor":30},{"not_picked":["BootSequence","FTL"],"picked":"Loop","floor":31},{"not_picked":["Creative AI","Fission"],"picked":"Seek","floor":33},{"not_picked":["Beam Cell","Redo"],"picked":"Cold Snap","floor":35},{"not_picked":["Rebound+1","Stack","Streamline+1"],"picked":"SKIP","floor":36},{"not_picked":["Steam+1","Rebound+1","Ball Lightning"],"picked":"SKIP","floor":39},{"not_picked":["Conserve Battery","Leap","Sweeping Beam"],"picked":"SKIP","floor":40},{"not_picked":["Hello World","Cold Snap"],"picked":"Biased Cognition","floor":44},{"not_picked":["Auto Shields","Redo"],"picked":"Aggregate","floor":46},{"not_picked":["Storm","Gash"],"picked":"Buffer","floor":47},{"not_picked":["Turbo","Sweeping Beam"],"picked":"Heatsinks","floor":48},{"not_picked":["Skim","Streamline"],"picked":"Coolheaded+1","floor":49},{"not_picked":["Rip and Tear","Redo"],"picked":"Capacitor+1","floor":55}],"player_experience":5934086,"relics_obtained":[{"floor":6,"key":"Toy Ornithopter"},{"floor":8,"key":"Oddly Smooth Stone"},{"floor":9,"key":"Potion Belt"},{"floor":11,"key":"Juzu Bracelet"},{"floor":13,"key":"Anchor"},{"floor":24,"key":"Blood Vial"},{"floor":26,"key":"Mummified Hand"},{"floor":28,"key":"CaptainsWheel"},{"floor":40,"key":"Ancient Tea Set"},{"floor":44,"key":"Vajra"},{"floor":46,"key":"Incense Burner"},{"floor":47,"key":"Dream Catcher"},{"floor":48,"key":"Calipers"},{"floor":55,"key":"Torii"}],"event_choices":[{"damage_healed":0,"gold_gain":275,"player_choice":"Desecrate","damage_taken":0,"max_hp_gain":0,"max_hp_loss":0,"event_name":"Golden Shrine","floor":2,"gold_loss":0,"cards_obtained":["Regret"]},{"damage_healed":0,"gold_gain":0,"player_choice":"Searched \u00271\u0027 times","damage_taken":0,"max_hp_gain":0,"max_hp_loss":0,"event_name":"Dead Adventurer","floor":13,"gold_loss":0},{"damage_healed":0,"gold_gain":0,"player_choice":"Ignored","damage_taken":0,"max_hp_gain":0,"max_hp_loss":0,"event_name":"The Mausoleum","floor":20,"gold_loss":0},{"damage_healed":0,"gold_gain":0,"player_choice":"Ignored","damage_taken":0,"max_hp_gain":0,"max_hp_loss":0,"event_name":"Vampires","floor":21,"gold_loss":0},{"cards_removed":["Rainbow"],"damage_healed":8,"gold_gain":0,"player_choice":"Offered Rare","damage_taken":0,"max_hp_gain":10,"max_hp_loss":0,"event_name":"Bonfire Elementals","floor":29,"gold_loss":0},{"damage_healed":0,"gold_gain":0,"player_choice":"Max HP","damage_taken":0,"max_hp_gain":0,"max_hp_loss":4,"event_name":"Winding Halls","floor":37,"gold_loss":0},{"cards_removed":["Defend_B"],"damage_healed":0,"gold_gain":0,"player_choice":"Removed Skill","damage_taken":0,"max_hp_gain":0,"max_hp_loss":0,"event_name":"Falling","floor":38,"gold_loss":0},{"damage_healed":0,"gold_gain":0,"player_choice":"Forge","damage_taken":0,"max_hp_gain":0,"max_hp_loss":0,"event_name":"Accursed Blacksmith","floor":41,"gold_loss":0,"cards_upgraded":["Loop"]},{"damage_healed":0,"gold_gain":0,"player_choice":"Fight","damage_taken":0,"max_hp_gain":0,"max_hp_loss":0,"event_name":"Mysterious Sphere","floor":46,"gold_loss":0},{"damage_healed":0,"gold_gain":0,"player_choice":"Fight","damage_taken":0,"max_hp_gain":0,"max_hp_loss":0,"event_name":"MindBloom","floor":48,"gold_loss":0}],"is_beta":false,"boss_relics":[{"not_picked":["Fusion Hammer","Black Star"],"picked":"Astrolabe"},{"not_picked":["Tiny House","Velvet Choker"],"picked":"SacredBark"}],"items_purged_floors":[3,54],"is_endless":false,"potions_floor_spawned":[4,5,13,16,18,27,28,30,46,55],"ascension_level":20,"potion_discard_per_floor":[[],[],[],[],[],[],[],[],[],[],[],[],[],[],[],["SpeedPotion"],[],[],[],[],[],[],[],[],[],[],[],[],[],[],[],[],[],[],[],[],[],[],[],[],[],[],[],[],[],[],[],[],[],[],[],[],[],[],["BlessingOfTheForge"],[],[]]}