{"neow_bonuses_skipped_log":["THREE_CARDS","THREE_SMALL_POTIONS","BOSS_RELIC"],"potions_obtained_entropic_brew":[[],[],[],[],[],[],[],[],[],[],[],[],[],[],[],[],[],[],[],[],[],[],[],[],[],[],[],[],[],[],[],[],[],[],[],[],[],[],[],[],[],[],[],[],[],[],[],[],[],[],[],[],[],[],[],["Dexterity Potion","GamblersBrew"],[]],"neow_costs_skipped_log":["NONE","NONE","NONE"],"gold_per_floor":[110,129,179,197,215,215,241,241,289,315,315,343,268,299,299,373,373,388,388,401,581,92,92,109,109,136,153,153,184,184,46,46,121,121,133,178,178,157,173,173,200,200,200,229,239,239,269,288,288,288,288,288,288,3,32,32],"floor_reached":57,"playtime":3939,"items_purged":["Defend_B","Defend_B"],"score":3368,"play_id":"a35b2927-bf32-4ec4-bf4e-51b2272b5bd7","local_time":"20240204002709","score_breakdown":["Floors Climbed (57): 285","Enemies Slain (12): 24","Exordium Elites Killed (4): 40","City Elites Killed (1): 20","Beyond Elites Killed (3): 90","Bosses Slain (5): 750","Money Money (1041): 25","Librarian: 25","Champion (7): 175","Perfect (2): 100","Overkill: 25","C-c-c-combo: 25","Ascension (20): 1534","Heartbreaker: 250"],"is_ascension_mode":true,"potions_obtained_alchemize":[[],[],[],[],[],[],[],[],[],[],[],[],[],[],[],[],[],[],[],[],[],[],[],[],[],[],[],[],[],[],[],[],[],[],[],[],[],[],[],[],[],[],[],[],[],[],[],[],[],[],[],[],[],[],[],[],[]],"campfire_choices":[{"data":"Buffer","floor":6,"key":"SMITH"},{"data":"Darkness","floor":8,"key":"SMITH"},{"data":"Redo","floor":11,"key":"SMITH"},{"data":"Coolheaded","floor":15,"key":"SMITH"},{"floor":23,"key":"REST"},{"floor":28,"key":"REST"},{"data":"Defragment","floor":30,"key":"SMITH"},{"data":"Turbo","floor":32,"key":"SMITH"},{"data":"Heatsinks","floor":40,"key":"SMITH"},{"floor":42,"key":"RECALL"},{"data":"Hologram","floor":46,"key":"SMITH"},{"data":"Capacitor","floor":49,"key":"SMITH"},{"floor":53,"key":"REST"}],"lesson_learned_per_floor":[[],[],[],[],[],[],[],[],[],[],[],[],[],[],[],[],[],[],[],[],[],[],[],[],[],[],[],[],[],[],[],[],[],[],[],[],[],[],[],[],[],[],[],[],[],[],[],[],[],[],[],[],[],[],[],[],[]],"neow_cost":"TEN_PERCENT_HP_LOSS","improvable_cards":{},"seed_source_timestamp":21158246877199,"shop_contents":[{"floor":22,"relics":[],"cards":["FTL","Chaos","PanicButton","Violence"],"potions":["FearPotion","ColorlessPotion","Regen Potion"]},{"floor":31,"relics":["CeramicFish","Boot","Chemical X"],"cards":["Hyperbeam","Sunder","Madness","Transmutation"],"potions":["SteroidPotion","EssenceOfSteel","EssenceOfSteel"]},{"floor":38,"relics":["Ice Cream","Shuriken","Strange Spoon"],"cards":["All For One","FTL","Hologram","Force Field","Purity","HandOfGreed"],"potions":["FairyPotion","PotionOfCapacity","EssenceOfDarkness"]},{"floor":54,"relics":["Runic Capacitor"],"cards":["Barrage","Streamline","Undo","Hello World","Finesse","Thinking Ahead"],"potions":["Energy Potion","Block Potion","LiquidBronze"]}],"circlet_count":0,"master_deck":["AscendersBane","Dualcast","Undo","Buffer+1","Darkness+1","Ball Lightning","Conserve Battery","Redo+1","Coolheaded+1","Compile Driver","Hologram+1","Rainbow","Consume+1","Hello World+1","Steam Power+1","Capacitor","Cold Snap","Defragment+1","Glacier","Sunder","Glacier","Turbo+1","Chill","Capacitor+1","Fission+1","Compile Driver+1","Chill","Panacea+1","Blind","PanicButton","Heatsinks+1","Redo+1","Parasite","Capacitor+1","Compile Driver+1","Force Field+1","Skim"],"potion_use_per_floor":[[],[],[],[],[],[],[],[],[],[],[],["PowerPotion"],[],[],[],[],[],[],[],[],[],[],[],[],[],[],["BlessingOfTheForge"],[],["DuplicationPotion"],[],[],[],[],[],[],[],[],[],[],[],[],[],[],[],[],[],[],[],[],[],[],[],[],[],[],["Ancient Potion","EntropicBrew","Dexterity Potion"],[]],"relics":["Cracked Core","Pen Nib","Lantern","Du-Vu Doll","Centennial Puzzle","Astrolabe","Membership Card","Happy Flower","Oddly Smooth Stone","Bag of Preparation","Mercury Hourglass","Cursed Key","Turnip","PreservedInsect","War Paint","Nunchaku","CaptainsWheel","Anchor","Mummified Hand"],"potions_floor_usage":[12,27,29,56,56,56],"damage_taken":[{"damage":0,"enemies":"2 Louse","floor":1,"turns":3},{"damage":0,"enemies":"Cultist","floor":2,"turns":4},{"damage":2,"enemies":"Jaw Worm","floor":4,"turns":5},{"damage":14,"enemies":"Exordium Wildlife","floor":5,"turns":7},{"damage":0,"enemies":"Gremlin Nob","floor":7,"turns":4},{"damage":0,"enemies":"Lagavulin","floor":10,"turns":5},{"damage":0,"enemies":"3 Sentries","floor":12,"turns":4},{"damage":0,"enemies":"Gremlin Nob","floor":14,"turns":4},{"damage":0,"enemies":"Slime Boss","floor":16,"turns":6},{"damage":11,"enemies":"Shell Parasite","floor":18,"turns":8},{"damage":13,"enemies":"2 Thieves","floor":20,"turns":4},{"damage":0,"enemies":"Snecko","floor":24,"turns":4},{"damage":0,"enemies":"3 Cultists","floor":27,"turns":7},{"damage":10,"enemies":"Slavers","floor":29,"turns":8},{"damage":0,"enemies":"Collector","floor":33,"turns":12},{"damage":0,"enemies":"3 Darklings","floor":35,"turns":7},{"damage":9,"enemies":"2 Orb Walkers","floor":36,"turns":5},{"damage":0,"enemies":"Orb Walker","floor":39,"turns":6},{"damage":0,"enemies":"Nemesis","floor":41,"turns":9},{"damage":0,"enemies":"Reptomancer","floor":44,"turns":9},{"damage":0,"enemies":"Sphere and 2 Shapes","floor":45,"turns":18},{"damage":0,"enemies":"Nemesis","floor":47,"turns":18},{"damage":0,"enemies":"4 Shapes","floor":48,"turns":9},{"damage":18,"enemies":"Time Eater","floor":50,"turns":30},{"damage":8,"enemies":"Awakened One","floor":51,"turns":33},{"damage":9,"enemies":"Shield and Spear","floor":55,"turns":9},{"damage":10,"enemies":"The Heart","floor":56,"turns":11}],"green_key_taken_log":12,"seed_played":"-1570397532699749730","neow_bonus_log":{"cardsObtained":["Undo","Buffer"],"cardsUpgraded":[],"cardsRemoved":[],"cardsTransformed":["Strike_B","Defend_B"],"relicsObtained":[],"maxHpGained":0,"goldGained":0,"damageTaken":0,"goldLost":0,"maxHpLost":7},"potions_obtained":[{"floor":1,"key":"Strength Potion"},{"floor":2,"key":"PowerPotion"},{"floor":7,"key":"BlessingOfTheForge"},{"floor":12,"key":"DuplicationPotion"},{"floor":27,"key":"SteroidPotion"},{"floor":29,"key":"Ancient Potion"},{"floor":41,"key":"EntropicBrew"}],"is_trial":false,"path_per_floor":["M","M","?","M","M","R","E","R","T","E","R","E","?","E","R","B",null,"M","?","M","?","$","R","M","?","T","M","R","E","R","$","R","B",null,"M","?","?","$","M","R","E","R","T","E","M","R","E","M","R","B","B",null,"R","$","E","B",null],"character_chosen":"DEFECT","basemod:card_modifiers":[null,null,null,null,null,null,null,null,null,null,null,null,null,null,null,null,null,null,null,null,null,null,null,null,null,null,null,null,null,null,null,null,null,null,null,null,null],"items_purchased":["Membership Card","Defragment","Glacier","Happy Flower","Sunder","Oddly Smooth Stone","Turbo","Chill","Capacitor","Heatsinks","Skim","CaptainsWheel","Anchor"],"campfire_rested":3,"item_purchase_floors":[22,22,22,22,22,22,31,31,31,38,54,54,54],"current_hp_per_floor":[64,64,58,56,42,42,42,42,42,42,42,42,42,42,42,42,59,48,48,35,16,16,35,35,35,35,35,54,44,44,44,44,44,59,59,50,40,40,40,40,40,40,40,40,40,40,40,40,40,22,14,52,64,64,55,45],"gold":32,"neow_bonus":"TRANSFORM_TWO_CARDS","is_prod":false,"is_daily":false,"rewards_skipped":[{"floor":7,"relics":["Bottled Flame"],"potions":[]},{"floor":45,"relics":[],"potions":["Strength Potion"]},{"floor":47,"relics":[],"potions":["LiquidBronze"]},{"floor":48,"relics":[],"potions":["Fire Potion"]}],"chose_seed":false,"campfire_upgraded":9,"win_rate":0,"floor_exit_playtime":[48,71,81,118,178,183,237,243,246,286,294,340,348,398,406,491,527,632,640,695,712,741,746,786,796,799,966,970,1147,1156,1194,1200,1383,1415,1528,1666,1681,1720,1814,1833,1972,1983,1986,2136,2319,2333,2571,2700,2735,3000,3444,3455,3459,3497,3698,3939],"timestamp":1707024429,"blue_key_relic_skipped_log":{"floor":43,"relicID":"Pear"},"path_taken":["M","M","?","?","M","R","E","R","T","E","R","E","?","E","R","BOSS","M","?","M","?","$","R","?","?","T","M","R","E","R","?","R","BOSS","M","?","?","$","M","R","E","R","T","E","M","R","E","?","R","BOSS","BOSS","R","$","E","BOSS"],"build_version":"2022-12-18","purchased_purges":2,"victory":true,"max_hp_per_floor":[64,64,64,64,64,64,64,64,64,64,64,64,64,64,64,64,64,64,64,64,64,64,64,64,64,64,64,64,64,64,64,64,64,64,64,64,64,64,64,64,64,64,64,64,64,64,64,64,64,64,64,64,64,64,64,64],"relic_stats":{"Happy Flower":[65],"counters":[27,249],"Astrolabe":["Consume","Hello World","Steam Power"],"Pen Nib":[16],"PreservedInsect":186,"Bag of Preparation":[30],"War Paint":["Fission","Panacea"],"Cursed Key":1,"Mercury Hourglass":[609],"Centennial Puzzle":[24],"Nunchaku":[4],"Mummified Hand":[8],"Turnip":[12],"Membership Card":753,"obtain_stats":[{"Lantern":10,"Happy Flower":22,"Astrolabe":17,"Oddly Smooth Stone":22,"Pen Nib":9,"PreservedInsect":41,"Bag of Preparation":26,"War Paint":44,"Cursed Key":34,"Mercury Hourglass":29,"Du-Vu Doll":12,"Centennial Puzzle":14,"Nunchaku":47,"CaptainsWheel":54,"Anchor":54,"Mummified Hand":55,"Turnip":36,"Membership Card":22,"Cracked Core":0},{"Lantern":6,"Happy Flower":11,"Astrolabe":9,"Oddly Smooth Stone":11,"Pen Nib":5,"PreservedInsect":19,"Bag of Preparation":12,"War Paint":20,"Cursed Key":15,"Mercury Hourglass":14,"Du-Vu Doll":7,"Centennial Puzzle":8,"Nunchaku":22,"CaptainsWheel":25,"Anchor":25,"Mummified Hand":26,"Turnip":17,"Membership Card":11,"Cracked Core":0},{"Lantern":28,"Happy Flower":54,"Astrolabe":42,"Oddly Smooth Stone":54,"Pen Nib":23,"PreservedInsect":112,"Bag of Preparation":58,"War Paint":121,"Cursed Key":85,"Mercury Hourglass":73,"Du-Vu Doll":32,"Centennial Puzzle":36,"Nunchaku":157,"CaptainsWheel":229,"Anchor":229,"Mummified Hand":238,"Turnip":97,"Membership Card":54,"Cracked Core":0}]},"card_choices":[{"not_picked":["Tempest","Sweeping Beam"],"picked":"Darkness","floor":1},{"not_picked":["Beam Cell","Steam"],"picked":"Ball Lightning","floor":2},{"not_picked":["Streamline","Compile Driver"],"picked":"Conserve Battery","floor":4},{"not_picked":["Conserve Battery","Beam Cell"],"picked":"Redo","floor":5},{"not_picked":["Streamline","Chaos","Ball Lightning"],"picked":"SKIP","floor":7},{"not_picked":["Streamline","Chaos","Ball Lightning"],"picked":"SKIP","floor":7},{"not_picked":["Double Energy","Doom and Gloom"],"picked":"Coolheaded","floor":10},{"not_picked":["Steam","Rebound"],"picked":"Compile Driver","floor":12},{"not_picked":["Leap","Undo"],"picked":"Hologram","floor":14},{"not_picked":["Multi-Cast","Hyperbeam"],"picked":"Rainbow","floor":16},{"not_picked":["Hologram","Conserve Battery"],"picked":"Capacitor","floor":18},{"not_picked":["Barrage","Sweeping Beam"],"picked":"Cold Snap","floor":20},{"not_picked":["Stack","Darkness","Reprogram"],"picked":"SKIP","floor":24},{"not_picked":["Sweeping Beam","Recycle"],"picked":"Glacier","floor":27},{"not_picked":["Leap","Melter+1","Auto Shields"],"picked":"SKIP","floor":29},{"not_picked":["Reboot","Multi-Cast"],"picked":"Fission","floor":33},{"not_picked":["Cold Snap","Stack"],"picked":"Compile Driver+1","floor":35},{"not_picked":["Scrape","Consume"],"picked":"Chill","floor":36},{"not_picked":["Dramatic Entrance","Transmutation"],"picked":"Panacea","floor":37},{"not_picked":["Magnetism","Mind Blast"],"picked":"Blind","floor":37},{"not_picked":["Transmutation","Blind"],"picked":"PanicButton","floor":37},{"not_picked":["Recycle","Turbo","Scrape"],"picked":"SKIP","floor":39},{"not_picked":["Cold Snap","Stack+1"],"picked":"Redo+1","floor":41},{"not_picked":["Leap","Fusion"],"picked":"Capacitor+1","floor":44},{"not_picked":["Redo","Rebound+1"],"picked":"Compile Driver+1","floor":45},{"not_picked":["Streamline","Beam Cell","Tempest"],"picked":"SKIP","floor":47},{"not_picked":["Compile Driver","Sweeping Beam"],"picked":"Force Field+1","floor":48},{"not_picked":["Aggregate","Multi-Cast","Chaos"],"picked":"SKIP","floor":55}],"player_experience":5844798,"relics_obtained":[{"floor":9,"key":"Pen Nib"},{"floor":10,"key":"Lantern"},{"floor":12,"key":"Du-Vu Doll"},{"floor":14,"key":"Centennial Puzzle"},{"floor":26,"key":"Bag of Preparation"},{"floor":29,"key":"Mercury Hourglass"},{"floor":36,"key":"Turnip"},{"floor":41,"key":"PreservedInsect"},{"floor":44,"key":"War Paint"},{"floor":47,"key":"Nunchaku"},{"floor":55,"key":"Mummified Hand"}],"event_choices":[{"damage_healed":0,"gold_gain":50,"player_choice":"Touch","damage_taken":6,"max_hp_gain":0,"max_hp_loss":0,"event_name":"FaceTrader","floor":3,"gold_loss":0},{"cards_removed":["Strike_B"],"damage_healed":0,"gold_gain":0,"player_choice":"Card Removal","damage_taken":0,"max_hp_gain":0,"max_hp_loss":0,"event_name":"The Cleric","floor":13,"gold_loss":75},{"damage_healed":0,"gold_gain":0,"player_choice":"Ignored","damage_taken":0,"max_hp_gain":0,"max_hp_loss":0,"event_name":"Vampires","floor":19,"gold_loss":0},{"damage_healed":0,"gold_gain":180,"player_choice":"GOLD GOLD ","damage_taken":19,"max_hp_gain":0,"max_hp_loss":0,"event_name":"Knowing Skull","floor":21,"potions_obtained":[],"gold_loss":0,"cards_obtained":[]},{"cards_removed":["Defend_B"],"damage_healed":0,"gold_gain":0,"player_choice":"Elegance","damage_taken":0,"max_hp_gain":0,"max_hp_loss":0,"event_name":"Back to Basics","floor":25,"gold_loss":0},{"damage_healed":0,"gold_gain":0,"player_choice":"Fight","damage_taken":0,"max_hp_gain":0,"max_hp_loss":0,"event_name":"Mysterious Sphere","floor":36,"gold_loss":0},{"damage_healed":0,"gold_gain":0,"player_choice":"Memory 3","damage_taken":10,"max_hp_gain":0,"max_hp_loss":0,"event_name":"SensoryStone","floor":37,"gold_loss":0}],"is_beta":false,"boss_relics":[{"not_picked":["Sozu","SlaversCollar"],"picked":"Astrolabe"},{"not_picked":["Black Star","Busted Crown"],"picked":"Cursed Key"}],"items_purged_floors":[22,31],"is_endless":false,"potions_floor_spawned":[1,2,7,12,27,29,41,45,47,48],"ascension_level":20,"potion_discard_per_floor":[[],[],[],[],[],[],["Strength Potion"],[],[],[],[],[],[],[],[],[],[],[],[],[],[],[],[],[],[],[],[],[],[],[],[],[],[],[],[],[],[],[],[],[],["SteroidPotion"],[],[],[],[],[],[],[],[],[],[],[],[],[],[],[],[]]}