{"neow_bonuses_skipped_log":["RANDOM_COLORLESS","TWO_FIFTY_GOLD","BOSS_RELIC"],"neow_costs_skipped_log":["NONE","PERCENT_DAMAGE","NONE"],"potions_obtained_entropic_brew":[[],[],[],[],[],[],[],[],[],[],[],[],[],[],[],[],[],[],[],[],[],[],[]],"gold_per_floor":[109,109,125,143,68,101,101,127,127,139,183,214,226,267,279,363,375,403,427,439,455,1,1],"floor_reached":23,"playtime":815,"items_purged":["Strike_B","Zap"],"score":538,"play_id":"2323d50d-8cd8-49fc-bbaa-a3a18d9b0a4a","local_time":"20240204202842","score_breakdown":["Floors Climbed (23): 115","Enemies Slain (7): 14","Exordium Elites Killed (4): 40","City Elites Killed (0): 0","Bosses Slain (1): 50","Perfect (1): 50","Ascension (20): 269"],"is_ascension_mode":true,"potions_obtained_alchemize":[[],[],[],[],[],[],[],[],[],[],[],[],[],[],[],[],[],[],[],[],[],[],[]],"campfire_choices":[{"data":"Streamline","floor":7,"key":"SMITH"},{"floor":10,"key":"REST"},{"data":"Beam Cell","floor":15,"key":"SMITH"}],"lesson_learned_per_floor":[[],[],[],[],[],[],[],[],[],[],[],[],[],[],[],[],[],[],[],[],[],[],[]],"neow_cost":"NONE","improvable_cards":{},"seed_source_timestamp":14670156196388,"shop_contents":[{"floor":5,"relics":["Oddly Smooth Stone","Potion Belt","OrangePellets"],"cards":["Lockon","Scrape","Steam","Fusion","Hello World","Enlightenment","Mayhem"],"potions":["ColorlessPotion","FocusPotion","ColorlessPotion"]},{"floor":22,"relics":["TheAbacus"],"cards":["FTL","Redo","Conserve Battery","Heatsinks","Forethought","Sadistic Nature"],"potions":["Fire Potion","Strength Potion","Weak Potion"]}],"circlet_count":0,"master_deck":["AscendersBane","Strike_B","Strike_B","Defend_B","Defend_B","Defend_B","Defend_B","Dualcast","Hello World","Steam","Streamline+1","FTL","Ball Lightning","BootSequence","Coolheaded","Beam Cell+1","Hyperbeam","Sweeping Beam","Cold Snap","Conserve Battery+1","Doom and Gloom"],"potion_use_per_floor":[[],[],[],[],[],["Fire Potion"],[],["Strength Potion"],[],[],[],[],[],[],[],[],[],[],[],[],[],[],[]],"relics":["Cracked Core","NeowsBlessing","Bag of Preparation","Cables","Mercury Hourglass","Dream Catcher","Black Star","Nloth\u0027s Gift","Akabeko","Vajra"],"potions_floor_usage":[6,8],"damage_taken":[{"damage":0,"enemies":"2 Louse","floor":1,"turns":1},{"damage":0,"enemies":"Cultist","floor":3,"turns":1},{"damage":0,"enemies":"Jaw Worm","floor":4,"turns":1},{"damage":33,"enemies":"Gremlin Nob","floor":6,"turns":4},{"damage":14,"enemies":"3 Sentries","floor":8,"turns":7},{"damage":11,"enemies":"Gremlin Nob","floor":11,"turns":3},{"damage":0,"enemies":"Looter","floor":12,"turns":2},{"damage":11,"enemies":"3 Sentries","floor":14,"turns":6},{"damage":0,"enemies":"Slime Boss","floor":16,"turns":7},{"damage":13,"enemies":"Spheric Guardian","floor":18,"turns":4},{"damage":18,"enemies":"3 Byrds","floor":19,"turns":3},{"damage":1,"enemies":"3 Cultists","floor":21,"turns":3},{"damage":32,"enemies":"Book of Stabbing","floor":23,"turns":4}],"green_key_taken_log":14,"seed_played":"2238235691030042494","neow_bonus_log":{"cardsObtained":[],"cardsUpgraded":[],"cardsRemoved":[],"cardsTransformed":[],"relicsObtained":["NeowsBlessing"],"maxHpGained":0,"goldGained":0,"damageTaken":0,"goldLost":0,"maxHpLost":0},"potions_obtained":[{"floor":1,"key":"Strength Potion"},{"floor":4,"key":"Fire Potion"},{"floor":12,"key":"Ancient Potion"},{"floor":14,"key":"BlessingOfTheForge"},{"floor":16,"key":"PowerPotion"}],"is_trial":false,"path_per_floor":["M","?","M","M","$","E","R","E","T","R","E","M","?","E","R","B",null,"M","M","?","M","$","E"],"character_chosen":"DEFECT","basemod:card_modifiers":[null,null,null,null,null,null,null,null,null,null,null,null,null,null,null,null,null,null,null,null,null],"items_purchased":["Doom and Gloom","Akabeko","Vajra"],"campfire_rested":1,"item_purchase_floors":[22,22,22],"current_hp_per_floor":[64,64,64,64,64,31,31,17,17,38,27,27,50,39,39,39,63,50,32,32,31,31,0],"gold":1,"neow_bonus":"THREE_ENEMY_KILL","is_prod":false,"is_daily":false,"rewards_skipped":[],"chose_seed":false,"campfire_upgraded":2,"win_rate":0,"floor_exit_playtime":[54,60,72,79,96,163,169,245,248,268,306,322,325,409,413,510,563,615,672,679,719,744],"timestamp":1707096522,"path_taken":["M","?","?","?","$","E","R","E","T","R","E","M","?","E","R","BOSS","M","M","?","M","$","E"],"build_version":"2022-12-18","purchased_purges":2,"victory":false,"max_hp_per_floor":[71,71,71,71,71,71,71,71,71,71,71,71,71,71,71,71,71,71,71,71,71,71,71],"relic_stats":{"Dream Catcher":0,"counters":[13,46],"Bag of Preparation":[18],"Black Star":0,"Nloth\u0027s Gift":1,"obtain_stats":[{"Dream Catcher":14,"NeowsBlessing":0,"Vajra":22,"Bag of Preparation":6,"Black Star":17,"Nloth\u0027s Gift":20,"Cracked Core":0,"MawBank":9,"Akabeko":22,"Cables":8,"Mercury Hourglass":11},{"Dream Catcher":8,"NeowsBlessing":0,"Vajra":12,"Bag of Preparation":4,"Black Star":9,"Nloth\u0027s Gift":11,"Cracked Core":0,"MawBank":5,"Akabeko":12,"Cables":5,"Mercury Hourglass":6},{"Dream Catcher":25,"NeowsBlessing":0,"Vajra":42,"Bag of Preparation":7,"Black Star":32,"Nloth\u0027s Gift":39,"Cracked Core":0,"MawBank":14,"Akabeko":42,"Cables":14,"Mercury Hourglass":17}],"Cables":[24,16,8,0,0],"Mercury Hourglass":[141]},"card_choices":[{"not_picked":["Gash","Storm"],"picked":"Hello World","floor":1},{"not_picked":["Turbo","Storm"],"picked":"Steam","floor":3},{"not_picked":["Leap","Hologram"],"picked":"Streamline","floor":4},{"not_picked":["Creative AI","Redo"],"picked":"FTL","floor":6},{"not_picked":["Turbo","Gash"],"picked":"Ball Lightning","floor":8},{"not_picked":["Aggregate","Double Energy"],"picked":"BootSequence","floor":11},{"not_picked":["Barrage","Rebound"],"picked":"Coolheaded","floor":12},{"not_picked":["Hologram","Steam"],"picked":"Beam Cell","floor":14},{"not_picked":["Reboot","Thunder Strike"],"picked":"Hyperbeam","floor":16},{"not_picked":["Compile Driver","Scrape"],"picked":"Sweeping Beam","floor":18},{"not_picked":["Barrage","Stack"],"picked":"Cold Snap","floor":19},{"not_picked":["Fusion","Amplify"],"picked":"Conserve Battery+1","floor":21}],"player_experience":5857450,"relics_obtained":[{"floor":6,"key":"Bag of Preparation"},{"floor":8,"key":"Cables"},{"floor":9,"key":"MawBank"},{"floor":11,"key":"Mercury Hourglass"},{"floor":14,"key":"Dream Catcher"}],"event_choices":[{"cards_removed":["Strike_B"],"damage_healed":0,"gold_gain":0,"player_choice":"Purged","damage_taken":0,"max_hp_gain":0,"max_hp_loss":0,"event_name":"Purifier","floor":2,"gold_loss":0},{"damage_healed":23,"gold_gain":0,"player_choice":"Banana","damage_taken":0,"max_hp_gain":0,"max_hp_loss":0,"event_name":"Big Fish","floor":13,"gold_loss":0},{"damage_healed":0,"gold_gain":0,"player_choice":"Traded Relic","damage_taken":0,"relics_obtained":["Nloth\u0027s Gift"],"max_hp_gain":0,"max_hp_loss":0,"event_name":"N\u0027loth","floor":20,"relics_lost":["MawBank"],"gold_loss":0}],"is_beta":false,"boss_relics":[{"not_picked":["Snecko Eye","Pandora\u0027s Box"],"picked":"Black Star"}],"items_purged_floors":[5,22],"is_endless":false,"potions_floor_spawned":[1,4,12,14,16],"killed_by":"Book of Stabbing","ascension_level":20,"potion_discard_per_floor":[[],[],[],[],[],[],[],[],[],[],[],[],[],[],[],["BlessingOfTheForge"],[],[],[],[],[],[],[]]}