{"neow_bonuses_skipped_log":["REMOVE_CARD","TRANSFORM_TWO_CARDS","BOSS_RELIC"],"neow_costs_skipped_log":["NONE","CURSE","NONE"],"potions_obtained_entropic_brew":[[],[],[],[],[],[],[],[],[],[],[],[],[],[],[],[],[],[],[],[],[],[],[],[],[],[],[],[],[],[],[],[],[],[],[],[],[],[],[],[],[],[],[],[],[],[],[],[],[],[],[],[],[],[],[],[],[]],"gold_per_floor":[112,129,0,16,16,49,49,49,118,153,166,87,122,142,142,219,219,231,191,191,106,122,156,174,193,193,228,244,255,274,305,305,380,380,393,42,57,73,73,73,98,125,125,125,151,165,183,218,218,218,218,218,218,89,123,123],"floor_reached":57,"playtime":3508,"items_purged":["Strike_B","Zap"],"score":2848,"play_id":"8a018c38-7209-48df-b43f-71886314066b","local_time":"20240207223432","score_breakdown":["Floors Climbed (57): 285","Enemies Slain (17): 34","Exordium Elites Killed (3): 30","City Elites Killed (3): 60","Beyond Elites Killed (3): 90","Bosses Slain (5): 750","Speedster: 25","Librarian: 25","Overkill: 25","Ascension (20): 1274","Heartbreaker: 250"],"is_ascension_mode":true,"potions_obtained_alchemize":[[],[],[],[],[],[],[],[],[],[],[],[],[],[],[],[],[],[],[],[],[],[],[],[],[],[],[],[],[],[],[],[],[],[],[],[],[],[],[],[],[],[],[],[],[],[],[],[],[],[],[],[],[],[],[],[],[]],"campfire_choices":[{"floor":8,"key":"REST"},{"data":"Electrodynamics","floor":15,"key":"SMITH"},{"data":"Defragment","floor":32,"key":"SMITH"},{"data":"Seek","floor":40,"key":"SMITH"},{"data":"Apotheosis","floor":44,"key":"SMITH"},{"floor":49,"key":"RECALL"},{"data":"Coolheaded","floor":53,"key":"SMITH"}],"lesson_learned_per_floor":[[],[],[],[],[],[],[],[],[],[],[],[],[],[],[],[],[],[],[],[],[],[],[],[],[],[],[],[],[],[],[],[],[],[],[],[],[],[],[],[],[],[],[],[],[],[],[],[],[],[],[],[],[],[],[],[],[]],"neow_cost":"NONE","improvable_cards":{},"seed_source_timestamp":18386248699039,"shop_contents":[{"floor":3,"relics":["Bottled Flame","Pear","Orrery"],"cards":["Barrage","Leap","Static Discharge","Deep Breath","Magnetism"],"potions":["FearPotion","EntropicBrew"]},{"floor":7,"relics":["Regal Pillow","Akabeko","Runic Capacitor"],"cards":["Core Surge","Sweeping Beam","Conserve Battery","Seek","Hello World","Dramatic Entrance","Apotheosis"],"potions":["SkillPotion","CultistPotion","EssenceOfSteel"]},{"floor":12,"relics":["Gremlin Horn","White Beast Statue","Lee\u0027s Waffle"],"cards":["Lockon","Streamline","Aggregate","Fusion","Madness","Transmutation"],"potions":["FearPotion","ColorlessPotion","Weak Potion"]},{"floor":36,"relics":["StrikeDummy","Strawberry","Strange Spoon"],"cards":["Sweeping Beam","Rebound","Consume","Hello World","Deep Breath"],"potions":["BlessingOfTheForge","FocusPotion","ColorlessPotion"]},{"floor":54,"relics":["Nunchaku","Blood Vial","TheAbacus"],"cards":["Barrage","Go for the Eyes","Conserve Battery","Buffer","Impatience","Violence"],"potions":["Explosive Potion","FairyPotion","SkillPotion"]}],"circlet_count":0,"master_deck":["AscendersBane","Defend_B","Defend_B","Defend_B","Defend_B","Dualcast","Lockon","Beam Cell","Conserve Battery","Sweeping Beam","Cold Snap","FTL","Coolheaded","Hello World","Electrodynamics+1","Rainbow","Hyperbeam+1","Consume+1","Buffer+1","Glacier","Sunder","Seek+1","Defragment+1","Coolheaded+1","Redo","Compile Driver+1","Echo Form","Core Surge","Skim","Apotheosis+1","Steam+1","Glacier+1","Rainbow","Aggregate+1","Coolheaded","Defragment+1","Seek","Reboot"],"potion_use_per_floor":[[],[],[],[],[],["ColorlessPotion"],[],[],[],[],[],[],[],[],[],[],[],[],[],[],[],[],["PowerPotion"],[],[],[],[],[],[],[],[],[],[],[],[],[],[],[],[],[],[],[],[],[],[],[],[],[],[],[],[],[],[],[],["Swift Potion","GamblersBrew"],["PowerPotion","FocusPotion","Fire Potion"],[]],"relics":["Cracked Core","Tiny Chest","Potion Belt","Pantograph","Meat on the Bone","TungstenRod","Astrolabe","Shuriken","Eternal Feather","PreservedInsect","Calipers","Cables","Ginger","Coffee Dripper","Lizard Tail","Smiling Mask","Happy Flower","StoneCalendar","Turnip","Bird Faced Urn"],"potions_floor_usage":[6,23,55,55,56,56,56],"damage_taken":[{"damage":0,"enemies":"Cultist","floor":1,"turns":3},{"damage":7,"enemies":"Jaw Worm","floor":2,"turns":2},{"damage":0,"enemies":"Small Slimes","floor":4,"turns":2},{"damage":37,"enemies":"Gremlin Nob","floor":6,"turns":4},{"damage":11,"enemies":"Lagavulin","floor":10,"turns":6},{"damage":10,"enemies":"Exordium Wildlife","floor":11,"turns":3},{"damage":20,"enemies":"3 Sentries","floor":13,"turns":9},{"damage":4,"enemies":"Lots of Slimes","floor":14,"turns":4},{"damage":40,"enemies":"Hexaghost","floor":16,"turns":11},{"damage":8,"enemies":"Spheric Guardian","floor":18,"turns":7},{"damage":0,"enemies":"Chosen","floor":22,"turns":6},{"damage":36,"enemies":"Book of Stabbing","floor":23,"turns":6},{"damage":4,"enemies":"Snecko","floor":24,"turns":4},{"damage":7,"enemies":"Cultist and Chosen","floor":25,"turns":11},{"damage":14,"enemies":"Gremlin Leader","floor":27,"turns":6},{"damage":9,"enemies":"Sentry and Sphere","floor":28,"turns":7},{"damage":12,"enemies":"Centurion and Healer","floor":29,"turns":13},{"damage":17,"enemies":"Shelled Parasite and Fungi","floor":30,"turns":6},{"damage":11,"enemies":"Slavers","floor":31,"turns":3},{"damage":10,"enemies":"Automaton","floor":33,"turns":12},{"damage":18,"enemies":"3 Darklings","floor":35,"turns":2},{"damage":8,"enemies":"Orb Walker","floor":37,"turns":3},{"damage":0,"enemies":"Maw","floor":38,"turns":6},{"damage":0,"enemies":"Mind Bloom Boss Battle","floor":41,"turns":7},{"damage":48,"enemies":"Nemesis","floor":42,"turns":9},{"damage":26,"enemies":"Reptomancer","floor":45,"turns":6},{"damage":8,"enemies":"Writhing Mass","floor":46,"turns":7},{"damage":0,"enemies":"Spire Growth","floor":47,"turns":4},{"damage":2,"enemies":"Giant Head","floor":48,"turns":9},{"damage":32,"enemies":"Time Eater","floor":50,"turns":12},{"damage":41,"enemies":"Donu and Deca","floor":51,"turns":12},{"damage":41,"enemies":"Shield and Spear","floor":55,"turns":15},{"damage":31,"enemies":"The Heart","floor":56,"turns":11}],"green_key_taken_log":27,"seed_played":"-3432121102173346172","neow_bonus_log":{"cardsObtained":[],"cardsUpgraded":[],"cardsRemoved":[],"cardsTransformed":[],"relicsObtained":["Tiny Chest"],"maxHpGained":0,"goldGained":0,"damageTaken":0,"goldLost":0,"maxHpLost":0},"potions_obtained":[{"floor":10,"key":"PowerPotion"},{"floor":11,"key":"SteroidPotion"},{"floor":13,"key":"Energy Potion"},{"floor":14,"key":"Energy Potion"},{"floor":16,"key":"ColorlessPotion"},{"floor":19,"key":"GamblersBrew"},{"floor":19,"key":"FocusPotion"},{"floor":24,"key":"AttackPotion"},{"floor":25,"key":"Swift Potion"},{"floor":37,"key":"PowerPotion"},{"floor":55,"key":"Fire Potion"}],"is_trial":false,"path_per_floor":["M","M","$","M","?","E","$","R","T","E","M","$","E","M","R","B",null,"M","?","T","?","M","E","M","M","T","E","M","M","M","E","R","B",null,"M","$","M","M","T","R","?","E","T","R","E","M","M","E","R","B","B",null,"R","$","E","B",null],"character_chosen":"DEFECT","basemod:card_modifiers":[null,null,null,null,null,null,null,null,null,null,null,null,null,null,null,null,null,null,null,null,null,null,null,null,null,null,null,null,null,null,null,null,null,null,null,null,null,null],"items_purchased":["Conserve Battery","ColorlessPotion","Sweeping Beam","Hello World","Skim","Apotheosis","Seek"],"campfire_rested":1,"item_purchase_floors":[3,3,3,12,36,36,54],"current_hp_per_floor":[64,57,57,57,71,34,34,55,55,44,46,46,38,46,46,43,64,56,56,56,56,56,32,40,45,45,43,46,46,41,42,57,61,69,51,51,43,43,43,61,71,35,35,53,39,43,43,41,62,39,35,62,71,71,42,51],"gold":123,"neow_bonus":"RANDOM_COMMON_RELIC","is_prod":false,"is_daily":false,"rewards_skipped":[{"floor":18,"relics":[],"potions":["Strength Potion"]},{"floor":19,"relics":[],"potions":["Dexterity Potion"]},{"floor":27,"relics":[],"potions":["FearPotion"]},{"floor":28,"relics":[],"potions":["SmokeBomb"]},{"floor":38,"relics":[],"potions":["BlessingOfTheForge"]},{"floor":46,"relics":[],"potions":["LiquidBronze"]}],"chose_seed":false,"campfire_upgraded":5,"win_rate":0,"floor_exit_playtime":[79,111,132,164,171,220,228,243,245,318,347,374,470,512,539,672,720,805,822,834,839,909,1059,1101,1229,1232,1310,1402,1527,1605,1642,1651,1788,1811,1854,1873,1935,2000,2012,2021,2084,2199,2202,2211,2312,2418,2462,2587,2591,2741,2893,2904,2925,2944,3267,3508],"timestamp":1707363272,"blue_key_relic_skipped_log":{"floor":39,"relicID":"Darkstone Periapt"},"path_taken":["M","?","$","M","?","E","$","R","T","E","M","$","E","M","R","BOSS","M","?","?","?","M","E","M","?","T","E","M","M","M","E","R","BOSS","M","$","M","?","?","R","?","E","T","R","E","M","M","E","R","BOSS","BOSS","R","$","E","BOSS"],"build_version":"2022-12-18","purchased_purges":2,"victory":true,"max_hp_per_floor":[71,71,71,71,71,71,71,71,71,71,71,71,71,71,71,71,71,71,71,71,71,71,71,71,71,71,71,71,71,71,71,71,71,71,71,71,71,71,71,71,71,71,71,71,71,71,71,71,71,71,71,71,71,71,71,71],"relic_stats":{"Calipers":[2110],"Happy Flower":[25],"counters":[33,228],"Astrolabe":["Hyperbeam","Consume","Buffer"],"Eternal Feather":81,"StoneCalendar":[239],"PreservedInsect":418,"Ginger":[15],"Smiling Mask":50,"Cables":[127,52,57,18,0],"Lizard Tail":0,"Shuriken":[37],"Pantograph":108,"Bird Faced Urn":[15],"Tiny Chest":2,"Turnip":[3],"obtain_stats":[{"Potion Belt":6,"Calipers":26,"Happy Flower":43,"Astrolabe":17,"Eternal Feather":21,"StoneCalendar":45,"PreservedInsect":23,"Ginger":31,"Smiling Mask":42,"Cables":27,"Lizard Tail":41,"Shuriken":20,"Pantograph":9,"Bird Faced Urn":55,"Tiny Chest":0,"Turnip":48,"Coffee Dripper":34,"Cracked Core":0,"TungstenRod":13,"Meat on the Bone":10},{"Potion Belt":4,"Calipers":14,"Happy Flower":25,"Astrolabe":9,"Eternal Feather":10,"StoneCalendar":26,"PreservedInsect":12,"Ginger":19,"Smiling Mask":25,"Cables":15,"Lizard Tail":24,"Shuriken":10,"Pantograph":4,"Bird Faced Urn":32,"Tiny Chest":0,"Turnip":29,"Coffee Dripper":20,"Cracked Core":0,"TungstenRod":7,"Meat on the Bone":5},{"Potion Belt":11,"Calipers":78,"Happy Flower":152,"Astrolabe":44,"Eternal Feather":51,"StoneCalendar":158,"PreservedInsect":63,"Ginger":113,"Smiling Mask":152,"Cables":84,"Lizard Tail":143,"Shuriken":51,"Pantograph":11,"Bird Faced Urn":217,"Tiny Chest":0,"Turnip":178,"Coffee Dripper":125,"Cracked Core":0,"TungstenRod":29,"Meat on the Bone":17}],"TungstenRod":77,"Meat on the Bone":204},"card_choices":[{"not_picked":["Compile Driver","Go for the Eyes"],"picked":"Lockon","floor":1},{"not_picked":["Steam","Turbo"],"picked":"Beam Cell","floor":2},{"not_picked":["Coolheaded","Chaos"],"picked":"Cold Snap","floor":4},{"not_picked":["Conserve Battery","Tempest"],"picked":"FTL","floor":6},{"not_picked":["Ball Lightning","Go for the Eyes"],"picked":"Coolheaded","floor":11},{"not_picked":["Stack","Ball Lightning","FTL"],"picked":"SKIP","floor":13},{"not_picked":["Go for the Eyes","FTL"],"picked":"Electrodynamics","floor":14},{"not_picked":["Hyperbeam","All For One"],"picked":"Rainbow","floor":16},{"not_picked":["Steam Power","Barrage","Sweeping Beam"],"picked":"SKIP","floor":18},{"not_picked":["Go for the Eyes","Gash"],"picked":"Glacier","floor":22},{"not_picked":["Gash","Rebound"],"picked":"Sunder","floor":23},{"not_picked":["Sweeping Beam","Leap","Rebound"],"picked":"SKIP","floor":24},{"not_picked":["Streamline","Redo"],"picked":"Seek","floor":25},{"not_picked":["Sweeping Beam","Go for the Eyes"],"picked":"Defragment","floor":27},{"not_picked":["Gash","Cold Snap"],"picked":"Coolheaded","floor":28},{"not_picked":["Streamline","White Noise"],"picked":"Redo","floor":29},{"not_picked":["Streamline","Conserve Battery"],"picked":"Compile Driver+1","floor":30},{"not_picked":["Go for the Eyes","Meteor Strike"],"picked":"Echo Form","floor":31},{"not_picked":["Rainbow","Thunder Strike"],"picked":"Core Surge","floor":33},{"not_picked":["Redo","Turbo","Rip and Tear"],"picked":"SKIP","floor":35},{"not_picked":["Sweeping Beam","Stack","Hyperbeam"],"picked":"SKIP","floor":37},{"not_picked":["Rebound","Stack"],"picked":"Steam+1","floor":38},{"not_picked":["Redo","Undo"],"picked":"Glacier+1","floor":41},{"not_picked":["Conserve Battery","Force Field"],"picked":"Rainbow","floor":42},{"not_picked":["Rebound+1","Double Energy"],"picked":"Aggregate+1","floor":45},{"not_picked":["Streamline","Beam Cell+1"],"picked":"Coolheaded","floor":47},{"not_picked":["Go for the Eyes+1","Rebound+1"],"picked":"Defragment+1","floor":48},{"not_picked":["Conserve Battery","Turbo"],"picked":"Reboot","floor":55}],"player_experience":5922119,"relics_obtained":[{"floor":6,"key":"Potion Belt"},{"floor":9,"key":"Pantograph"},{"floor":10,"key":"Meat on the Bone"},{"floor":13,"key":"TungstenRod"},{"floor":20,"key":"Shuriken"},{"floor":23,"key":"PreservedInsect"},{"floor":26,"key":"Calipers"},{"floor":27,"key":"Cables"},{"floor":31,"key":"Ginger"},{"floor":41,"key":"Lizard Tail"},{"floor":42,"key":"Smiling Mask"},{"floor":43,"key":"Happy Flower"},{"floor":45,"key":"StoneCalendar"},{"floor":48,"key":"Turnip"},{"floor":55,"key":"Bird Faced Urn"}],"event_choices":[{"damage_healed":23,"gold_gain":0,"player_choice":"Banana","damage_taken":0,"max_hp_gain":0,"max_hp_loss":0,"event_name":"Big Fish","floor":5,"gold_loss":0},{"damage_healed":0,"gold_gain":0,"player_choice":"Bought 3 Potions","damage_taken":0,"max_hp_gain":0,"max_hp_loss":0,"event_name":"The Woman in Blue","floor":19,"gold_loss":0},{"damage_healed":0,"gold_gain":0,"player_choice":"Obtained Relic","damage_taken":0,"relics_obtained":["Eternal Feather"],"max_hp_gain":0,"max_hp_loss":0,"event_name":"Addict","floor":21,"gold_loss":85},{"damage_healed":0,"gold_gain":0,"player_choice":"Fight","damage_taken":0,"max_hp_gain":0,"max_hp_loss":0,"event_name":"MindBloom","floor":41,"gold_loss":0}],"is_beta":false,"boss_relics":[{"not_picked":["Tiny House","Busted Crown"],"picked":"Astrolabe"},{"not_picked":["Runic Dome","FrozenCore"],"picked":"Coffee Dripper"}],"items_purged_floors":[36,54],"is_endless":false,"potions_floor_spawned":[10,11,13,14,16,18,24,25,27,28,37,38,46,55],"ascension_level":20,"potion_discard_per_floor":[[],[],[],[],[],[],[],[],[],[],[],[],[],[],[],["Energy Potion"],[],[],["SteroidPotion","ColorlessPotion"],[],[],[],[],[],["AttackPotion"],[],[],[],[],[],[],[],[],[],[],[],["Energy Potion"],[],[],[],[],[],[],[],[],[],[],[],[],[],[],[],[],[],[],[],[]]}