{"neow_bonuses_skipped_log":["TRANSFORM_CARD","TEN_PERCENT_HP_BONUS","BOSS_RELIC"],"potions_obtained_entropic_brew":[[],[],[],[],[],[],[],[],[],[],[],[],[],[],[],[],[],[],[],[],[],[],[],[],[],[],[],[],[],[],[],[],[],[],[],[],[],[],[],[],[],[],[],[],[],[],[],[],[],[],[],[],[],[],[],[],[]],"neow_costs_skipped_log":["NONE","NONE","NONE"],"gold_per_floor":[118,133,143,143,154,186,186,214,252,289,115,150,150,150,150,227,227,238,250,267,267,13,13,13,13,13,13,46,46,88,113,113,199,199,228,253,280,136,165,200,200,235,235,235,276,297,322,333,333,333,333,333,333,13,51,51],"floor_reached":57,"playtime":4842,"items_purged":["Strike_B","Strike_B","Strike_B","Zap"],"score":3512,"play_id":"33d50787-41fb-41cb-9d7f-6e8695b76ae6","local_time":"20240209193254","score_breakdown":["Floors Climbed (57): 285","Enemies Slain (13): 26","Exordium Elites Killed (4): 40","City Elites Killed (2): 40","Beyond Elites Killed (3): 90","Bosses Slain (5): 750","Collector (1): 25","Librarian: 25","Champion (5): 125","Beyond Perfect: 200","Overkill: 25","C-c-c-combo: 25","Ascension (20): 1606","Heartbreaker: 250"],"is_ascension_mode":true,"potions_obtained_alchemize":[[],[],[],[],[],[],[],[],[],[],[],[],[],[],[],[],[],[],[],[],[],[],[],[],[],[],[],[],[],[],[],[],[],[],[],[],[],[],[],[],[],[],[],[],[],[],[],[],[],[],[],[],[],[],[],[],[]],"campfire_choices":[{"data":"Buffer","floor":7,"key":"SMITH"},{"floor":13,"key":"REST"},{"data":"Apotheosis","floor":15,"key":"SMITH"},{"data":"Defragment","floor":23,"key":"SMITH"},{"floor":25,"key":"REST"},{"data":"Buffer","floor":27,"key":"SMITH"},{"data":"Skim","floor":32,"key":"SMITH"},{"floor":41,"key":"RECALL"},{"floor":44,"key":"REST"},{"floor":49,"key":"REST"},{"floor":53,"key":"REST"}],"lesson_learned_per_floor":[[],[],[],[],[],[],[],[],[],[],[],[],[],[],[],[],[],[],[],[],[],[],[],[],[],[],[],[],[],[],[],[],[],[],[],[],[],[],[],[],[],[],[],[],[],[],[],[],[],[],[],[],[],[],[],[],[]],"neow_cost":"TEN_PERCENT_HP_LOSS","improvable_cards":{},"seed_source_timestamp":7988544835647,"shop_contents":[{"floor":11,"relics":["Vajra","War Paint","Sling"],"cards":["FTL","Blizzard","White Noise","Good Instincts","Transmutation"],"potions":["Fire Potion","PotionOfCapacity","Block Potion"]},{"floor":22,"relics":["Incense Burner","Pantograph"],"cards":["Beam Cell","White Noise","Conserve Battery","Buffer","Dark Shackles","HandOfGreed"],"potions":["Regen Potion","LiquidBronze","BlessingOfTheForge"]},{"floor":38,"relics":["MealTicket","Shuriken","PrismaticShard"],"cards":["Thunder Strike","Rip and Tear","Hello World","Transmutation"],"potions":["PotionOfCapacity","Explosive Potion","SpeedPotion"]},{"floor":54,"relics":["Kunai"],"cards":["Sweeping Beam","Gash","Auto Shields","Darkness","Swift Strike","Mayhem+1"],"potions":["SkillPotion","Fruit Juice"]}],"circlet_count":0,"master_deck":["AscendersBane","Defend_B","Defend_B","Defend_B","Defend_B","Dualcast","Apotheosis+1","Coolheaded","Steam","Darkness","Static Discharge","Buffer+1","Cold Snap","Rainbow","Skim+1","Defragment+1","Coolheaded","Conserve Battery","Hello World","Buffer+1","Self Repair","Meteor Strike","Capacitor","Hologram","Fission","Redo","Sweeping Beam+1","Master of Strategy","Blind","PanicButton","Aggregate","Dark Shackles","Coolheaded","Hologram","Aggregate","Coolheaded+1","Redo+1","Go for the Eyes+1","Echo Form+1","Aggregate+1"],"potion_use_per_floor":[[],[],[],[],[],["Strength Potion"],[],[],[],[],[],[],[],[],[],[],[],[],[],[],[],[],[],[],[],[],[],["EssenceOfDarkness"],[],[],[],[],[],[],[],[],[],[],[],[],[],[],[],[],[],[],[],[],[],[],[],[],[],[],[],["Swift Potion","PotionOfCapacity","FocusPotion","DuplicationPotion"],[]],"relics":["Cracked Core","Unceasing Top","MawBank","Toy Ornithopter","Akabeko","Bag of Preparation","Nuclear Battery","Nilry\u0027s Codex","Membership Card","Juzu Bracelet","Gambling Chip","CeramicFish","Turnip","Fusion Hammer","Art of War","Potion Belt","Frozen Egg 2","Pocketwatch","Centennial Puzzle","Toolbox","Dead Branch"],"potions_floor_usage":[6,28,56,56,56,56],"damage_taken":[{"damage":2,"enemies":"Jaw Worm","floor":1,"turns":3},{"damage":3,"enemies":"Cultist","floor":2,"turns":4},{"damage":0,"enemies":"2 Louse","floor":3,"turns":3},{"damage":4,"enemies":"Looter","floor":5,"turns":4},{"damage":24,"enemies":"3 Sentries","floor":6,"turns":6},{"damage":0,"enemies":"Lagavulin","floor":8,"turns":7},{"damage":18,"enemies":"3 Sentries","floor":10,"turns":8},{"damage":7,"enemies":"Gremlin Nob","floor":12,"turns":6},{"damage":4,"enemies":"Hexaghost","floor":16,"turns":6},{"damage":8,"enemies":"3 Byrds","floor":18,"turns":4},{"damage":0,"enemies":"Chosen","floor":19,"turns":5},{"damage":1,"enemies":"Snecko","floor":20,"turns":6},{"damage":0,"enemies":"Gremlin Leader","floor":28,"turns":9},{"damage":33,"enemies":"Book of Stabbing","floor":30,"turns":7},{"damage":0,"enemies":"Centurion and Healer","floor":31,"turns":27},{"damage":0,"enemies":"Champ","floor":33,"turns":40},{"damage":13,"enemies":"3 Darklings","floor":35,"turns":10},{"damage":0,"enemies":"Orb Walker","floor":36,"turns":3},{"damage":0,"enemies":"Writhing Mass","floor":39,"turns":6},{"damage":0,"enemies":"Nemesis","floor":40,"turns":13},{"damage":0,"enemies":"Reptomancer","floor":42,"turns":7},{"damage":0,"enemies":"Nemesis","floor":45,"turns":5},{"damage":0,"enemies":"Sphere and 2 Shapes","floor":46,"turns":6},{"damage":0,"enemies":"Mind Bloom Boss Battle","floor":47,"turns":5},{"damage":0,"enemies":"Transient","floor":48,"turns":6},{"damage":0,"enemies":"Donu and Deca","floor":50,"turns":9},{"damage":0,"enemies":"Time Eater","floor":51,"turns":29},{"damage":10,"enemies":"Shield and Spear","floor":55,"turns":8},{"damage":30,"enemies":"The Heart","floor":56,"turns":9}],"green_key_taken_log":42,"seed_played":"-3863662627045626831","neow_bonus_log":{"cardsObtained":[],"cardsUpgraded":[],"cardsRemoved":[],"cardsTransformed":[],"relicsObtained":[],"maxHpGained":0,"goldGained":0,"damageTaken":0,"goldLost":0,"maxHpLost":7},"potions_obtained":[{"floor":3,"key":"EssenceOfDarkness"},{"floor":5,"key":"Strength Potion"},{"floor":6,"key":"SpeedPotion"},{"floor":10,"key":"FocusPotion"},{"floor":30,"key":"Energy Potion"},{"floor":31,"key":"Swift Potion"},{"floor":42,"key":"DistilledChaos"},{"floor":45,"key":"Regen Potion"},{"floor":46,"key":"PotionOfCapacity"}],"is_trial":false,"path_per_floor":["M","M","M","?","M","E","R","E","T","E","$","E","R","?","R","B",null,"M","M","M","?","$","R","?","R","T","R","E","?","E","M","R","B",null,"M","M","?","$","M","E","R","E","T","R","E","M","?","M","R","B","B",null,"R","$","E","B",null],"character_chosen":"DEFECT","basemod:card_modifiers":[null,null,null,null,null,null,null,null,null,null,null,null,null,null,null,null,null,null,null,null,null,null,null,null,null,null,null,null,null,null,null,null,null,null,null,null,null,null,null,null],"items_purchased":["Defragment","Coolheaded","Membership Card","Meteor Strike","Aggregate","Dark Shackles","Coolheaded","Echo Form+1","Centennial Puzzle","Toolbox","DuplicationPotion"],"campfire_rested":5,"item_purchase_floors":[11,11,22,22,38,38,38,54,54,54,54],"current_hp_per_floor":[62,59,59,59,55,31,31,31,31,13,13,6,25,25,25,21,53,45,45,44,23,23,23,23,42,42,42,57,48,35,64,64,64,64,61,64,54,54,64,64,64,64,64,64,64,64,64,64,64,64,64,64,64,64,64,64],"gold":51,"neow_bonus":"RANDOM_COLORLESS_2","is_prod":false,"is_daily":false,"rewards_skipped":[{"floor":12,"relics":[],"potions":["SteroidPotion"]},{"floor":16,"relics":[],"potions":["Strength Potion"]},{"floor":18,"relics":[],"potions":["Block Potion"]},{"floor":19,"relics":[],"potions":["Strength Potion"]},{"floor":35,"relics":[],"potions":["FocusPotion"]},{"floor":55,"relics":[],"potions":["DuplicationPotion"]}],"chose_seed":false,"campfire_upgraded":5,"win_rate":0,"floor_exit_playtime":[37,72,97,115,150,214,221,271,275,354,380,464,468,475,482,551,563,629,691,741,762,796,802,809,826,828,843,1113,1125,1255,1645,1657,2130,2141,2314,2379,2393,2407,2533,2816,2820,2988,2997,3001,3126,3293,3413,3541,3544,3758,4197,4208,4211,4246,4492,4842],"timestamp":1707525174,"blue_key_relic_skipped_log":{"floor":43,"relicID":"Blue Candle"},"path_taken":["M","M","M","?","?","E","R","E","T","E","$","E","R","?","R","BOSS","M","M","M","?","$","R","?","R","T","R","E","?","E","M","R","BOSS","M","M","?","$","M","E","R","E","T","R","E","M","?","M","R","BOSS","BOSS","R","$","E","BOSS"],"build_version":"2022-12-18","purchased_purges":4,"victory":true,"max_hp_per_floor":[64,64,64,64,64,64,64,64,64,64,64,64,64,64,64,64,64,64,64,64,64,64,64,64,64,64,64,64,64,64,64,64,64,64,64,64,64,64,64,64,64,64,64,64,64,64,64,64,64,64,64,64,64,64,64,64],"relic_stats":{"counters":[29,260],"Nilry\u0027s Codex":[11,44,29,100],"CeramicFish":162,"Dead Branch":[15],"Bag of Preparation":[42],"Juzu Bracelet":2,"MawBank":36,"Centennial Puzzle":[6],"Gambling Chip":[82],"Turnip":[52],"Art of War":[33],"Membership Card":589,"obtain_stats":[{"Potion Belt":42,"Nilry\u0027s Codex":21,"CeramicFish":28,"Dead Branch":55,"Bag of Preparation":12,"Juzu Bracelet":24,"Frozen Egg 2":45,"MawBank":8,"Akabeko":10,"Nuclear Battery":17,"Centennial Puzzle":54,"Gambling Chip":26,"Toolbox":54,"Turnip":30,"Fusion Hammer":34,"Art of War":40,"Membership Card":22,"Cracked Core":0,"Unceasing Top":6,"Toy Ornithopter":9,"Pocketwatch":47},{"Potion Belt":21,"Nilry\u0027s Codex":12,"CeramicFish":13,"Dead Branch":28,"Bag of Preparation":8,"Juzu Bracelet":12,"Frozen Egg 2":22,"MawBank":6,"Akabeko":7,"Nuclear Battery":9,"Centennial Puzzle":27,"Gambling Chip":12,"Toolbox":27,"Turnip":14,"Fusion Hammer":16,"Art of War":20,"Membership Card":12,"Cracked Core":0,"Unceasing Top":5,"Toy Ornithopter":6,"Pocketwatch":24},{"Potion Belt":184,"Nilry\u0027s Codex":62,"CeramicFish":71,"Dead Branch":252,"Bag of Preparation":41,"Juzu Bracelet":62,"Frozen Egg 2":189,"MawBank":27,"Akabeko":35,"Nuclear Battery":47,"Centennial Puzzle":244,"Gambling Chip":62,"Toolbox":244,"Turnip":78,"Fusion Hammer":145,"Art of War":177,"Membership Card":62,"Cracked Core":0,"Unceasing Top":20,"Toy Ornithopter":27,"Pocketwatch":200}],"Unceasing Top":[27],"Toy Ornithopter":25,"Pocketwatch":[48]},"card_choices":[{"not_picked":["Master of Strategy","Panache"],"picked":"Apotheosis","floor":0},{"not_picked":["Turbo","FTL"],"picked":"Coolheaded","floor":1},{"not_picked":["Loop","Recycle"],"picked":"Steam","floor":2},{"not_picked":["Hello World","Compile Driver"],"picked":"Darkness","floor":3},{"not_picked":["Go for the Eyes","Sweeping Beam"],"picked":"Buffer","floor":5},{"not_picked":["Doom and Gloom","Stack"],"picked":"Cold Snap","floor":6},{"not_picked":["Recycle","Go for the Eyes"],"picked":"Rainbow","floor":8},{"not_picked":["Consume","Auto Shields"],"picked":"Skim","floor":10},{"not_picked":["Reinforced Body","Reprogram"],"picked":"Conserve Battery","floor":12},{"not_picked":["All For One","Multi-Cast"],"picked":"Buffer","floor":16},{"not_picked":["Leap","Rebound"],"picked":"Turbo","floor":18},{"not_picked":["Go for the Eyes","Lockon","Turbo"],"picked":"SKIP","floor":19},{"not_picked":["Go for the Eyes","Double Energy"],"picked":"Self Repair","floor":20},{"not_picked":["Go for the Eyes","Rebound","Machine Learning"],"picked":"SKIP","floor":28},{"not_picked":["Cold Snap","Undo"],"picked":"Capacitor","floor":30},{"not_picked":["Auto Shields","Steam"],"picked":"Hologram","floor":31},{"not_picked":["All For One","Creative AI"],"picked":"Fission","floor":33},{"not_picked":["Stack","Hologram"],"picked":"Redo","floor":35},{"not_picked":["Darkness","Rebound+1"],"picked":"Sweeping Beam+1","floor":36},{"not_picked":["Impatience","Finesse"],"picked":"Master of Strategy","floor":37},{"not_picked":["Finesse","Purity"],"picked":"Blind","floor":37},{"not_picked":["Deep Breath","Swift Strike"],"picked":"PanicButton","floor":37},{"not_picked":["Redo","Leap"],"picked":"Hologram","floor":39},{"not_picked":["Reinforced Body","Streamline"],"picked":"Aggregate","floor":40},{"not_picked":["Beam Cell","Double Energy"],"picked":"Coolheaded+1","floor":42},{"not_picked":["Sweeping Beam","Fission"],"picked":"Redo+1","floor":45},{"not_picked":["Redo","Leap"],"picked":"Go for the Eyes+1","floor":46},{"not_picked":["Rebound+1","Sweeping Beam+1","Hologram"],"picked":"SKIP","floor":47},{"not_picked":["Sweeping Beam","Go for the Eyes+1","Steam"],"picked":"SKIP","floor":48},{"not_picked":["Darkness","Rebound"],"picked":"Aggregate+1","floor":55}],"player_experience":5942144,"relics_obtained":[{"floor":6,"key":"Unceasing Top"},{"floor":8,"key":"MawBank"},{"floor":9,"key":"Toy Ornithopter"},{"floor":10,"key":"Akabeko"},{"floor":12,"key":"Bag of Preparation"},{"floor":21,"key":"Nilry\u0027s Codex"},{"floor":26,"key":"Gambling Chip"},{"floor":28,"key":"CeramicFish"},{"floor":30,"key":"Turnip"},{"floor":40,"key":"Art of War"},{"floor":42,"key":"Potion Belt"},{"floor":45,"key":"Frozen Egg 2"},{"floor":47,"key":"Pocketwatch"},{"floor":55,"key":"Dead Branch"}],"event_choices":[{"damage_healed":0,"gold_gain":0,"player_choice":"1 cards matched","damage_taken":0,"max_hp_gain":0,"max_hp_loss":0,"event_name":"Match and Keep!","floor":4,"gold_loss":0,"cards_obtained":["Static Discharge"]},{"damage_healed":0,"gold_gain":0,"cards_transformed":["Strike_B"],"player_choice":"Change","damage_taken":0,"max_hp_gain":0,"max_hp_loss":0,"event_name":"Living Wall","floor":14,"gold_loss":0,"cards_obtained":["Hello World"]},{"damage_healed":0,"gold_gain":0,"player_choice":"Obtained Book","damage_taken":21,"max_hp_gain":0,"max_hp_loss":0,"event_name":"Cursed Tome","floor":21,"gold_loss":0},{"cards_removed":["Turbo"],"damage_healed":0,"gold_gain":0,"player_choice":"Gave Card","damage_taken":0,"relics_obtained":["Juzu Bracelet"],"max_hp_gain":0,"max_hp_loss":0,"event_name":"WeMeetAgain","floor":24,"gold_loss":0},{"damage_healed":0,"gold_gain":0,"player_choice":"Damaged","damage_taken":9,"max_hp_gain":0,"max_hp_loss":0,"event_name":"Wheel of Change","floor":29,"gold_loss":0},{"damage_healed":0,"gold_gain":0,"player_choice":"Memory 3","damage_taken":10,"max_hp_gain":0,"max_hp_loss":0,"event_name":"SensoryStone","floor":37,"gold_loss":0},{"damage_healed":0,"gold_gain":0,"player_choice":"Fight","damage_taken":0,"max_hp_gain":0,"max_hp_loss":0,"event_name":"MindBloom","floor":47,"gold_loss":0}],"is_beta":false,"boss_relics":[{"not_picked":["Empty Cage","Philosopher\u0027s Stone"],"picked":"Nuclear Battery"},{"not_picked":["Black Star","Astrolabe"],"picked":"Fusion Hammer"}],"items_purged_floors":[11,22,38,54],"is_endless":false,"potions_floor_spawned":[3,5,6,10,12,16,18,19,30,31,35,42,45,46,55],"ascension_level":20,"potion_discard_per_floor":[[],[],[],[],[],[],[],[],[],["SpeedPotion"],[],[],[],[],[],[],[],[],[],[],[],[],[],[],[],[],[],[],[],[],["Energy Potion"],[],[],[],[],[],[],[],[],[],[],[],[],[],[],["Regen Potion"],[],[],[],[],[],[],[],["DistilledChaos"],[],[],[]]}