{"neow_bonuses_skipped_log":["TRANSFORM_CARD","THREE_ENEMY_KILL","BOSS_RELIC"],"potions_obtained_entropic_brew":[[],[],[],[],[],[],[],[],[],[],[],[],[],[],[],[],[],[],[],[],[],[],[],[],[],[],[],[],[],[],[],[],[],[],[],[],[],[],[],[],[],[],[],[],[],[],[],[],[],[],[],[],[],[],[],[],[]],"neow_costs_skipped_log":["NONE","NONE","NONE"],"gold_per_floor":[367,387,406,406,19,55,55,86,86,99,99,130,130,151,151,247,247,266,284,76,95,95,130,145,145,145,145,170,206,224,244,244,333,333,349,362,386,402,426,461,461,461,461,494,60,101,124,147,147,147,147,147,147,12,56,56],"floor_reached":57,"playtime":3934,"items_purged":["Injury","Strike_B"],"score":3216,"play_id":"7fc1be53-22f1-46a9-8558-e8873f5ad313","local_time":"20240220235104","score_breakdown":["Floors Climbed (57): 285","Enemies Slain (19): 38","Exordium Elites Killed (3): 30","City Elites Killed (2): 40","Beyond Elites Killed (3): 90","Bosses Slain (5): 750","Money Money (1121): 25","Librarian: 25","Champion (5): 125","Perfect (1): 50","Overkill: 25","C-c-c-combo: 25","Ascension (20): 1458","Heartbreaker: 250"],"is_ascension_mode":true,"potions_obtained_alchemize":[[],[],[],[],[],[],[],[],[],[],[],[],[],[],[],[],[],[],[],[],[],[],[],[],[],[],[],[],[],[],[],[],[],[],[],[],[],[],[],[],[],[],[],[],[],[],[],[],[],[],[],[],[],[],[],[],[]],"campfire_choices":[{"data":"Sunder","floor":7,"key":"SMITH"},{"data":"Coolheaded","floor":13,"key":"SMITH"},{"floor":15,"key":"REST"},{"data":"Seek","floor":25,"key":"SMITH"},{"data":"Seek","floor":27,"key":"SMITH"},{"data":"Capacitor","floor":32,"key":"SMITH"},{"floor":41,"key":"RECALL"},{"data":"Fusion","floor":49,"key":"SMITH"},{"data":"Heatsinks","floor":53,"key":"SMITH"}],"lesson_learned_per_floor":[[],[],[],[],[],[],[],[],[],[],[],[],[],[],[],[],[],[],[],[],[],[],[],[],[],[],[],[],[],[],[],[],[],[],[],[],[],[],[],[],[],[],[],[],[],[],[],[],[],[],[],[],[],[],[],[],[]],"neow_cost":"CURSE","improvable_cards":{},"seed_source_timestamp":21306036283726,"shop_contents":[{"floor":5,"relics":["Blood Vial","TheAbacus"],"cards":["Compile Driver","Rip and Tear","Fission","Creative AI","Trip","Metamorphosis"],"potions":["PowerPotion","BlessingOfTheForge","PotionOfCapacity"]},{"floor":20,"relics":["CaptainsWheel","Sundial","PrismaticShard"],"cards":["Melter+1","Reinforced Body","Chaos","Madness","Mayhem"],"potions":["DuplicationPotion","Energy Potion","DistilledChaos"]},{"floor":45,"relics":["Shovel","HandDrill"],"cards":["Rainbow+1","Machine Learning","Good Instincts+1","Panache"],"potions":["PotionOfCapacity","Fire Potion","BlessingOfTheForge"]},{"floor":54,"relics":["Centennial Puzzle","Strawberry","Medical Kit"],"cards":["Sunder+1","Ball Lightning+1","Echo Form","Finesse+1","Metamorphosis+1"],"potions":["Dexterity Potion","Strength Potion","LiquidMemories"]}],"circlet_count":0,"master_deck":["AscendersBane","Strike_B","Strike_B","Defend_B","Defend_B","Defend_B","Defend_B+1","Dualcast","Defragment+1","Rebound","FTL","Coolheaded+1","Sunder+1","Compile Driver","Go for the Eyes+1","Cold Snap+1","Seek+1","Turbo+1","Defragment+1","Self Repair","Cold Snap+1","Blizzard+1","All For One+1","Seek+1","Fusion+1","Sweeping Beam+1","Hologram+1","Capacitor+1","Fission+1","Meteor Strike+1","Coolheaded+1","Glacier+1","Rainbow+1","Panacea+1","Dark Shackles+1","Good Instincts+1","Turbo+1","Seek+1","Compile Driver+1","Cold Snap+1","Heatsinks+1","Coolheaded+1","Aggregate+1","Redo+1","Darkness+1"],"potion_use_per_floor":[[],[],[],[],[],["Strength Potion","DuplicationPotion"],[],["SkillPotion"],[],[],[],["FearPotion"],[],[],[],["PotionOfCapacity"],[],["SkillPotion"],[],[],["SteroidPotion"],[],[],[],[],[],[],[],["FearPotion"],[],[],[],[],[],["DistilledChaos"],[],[],[],[],[],[],[],[],[],[],["AttackPotion"],[],[],[],[],["FairyPotion"],[],[],[],[],["PotionOfCapacity","Fire Potion"],[]],"relics":["Cracked Core","Golden Idol","White Beast Statue","Akabeko","PreservedInsect","Molten Egg 2","Symbiotic Virus","Runic Pyramid","Lantern","Toxic Egg 2","Omamori","Cursed Key","Pen Nib","StrikeDummy","Happy Flower","Prayer Wheel","War Paint"],"potions_floor_usage":[6,6,8,12,16,18,21,29,35,46,56,56],"damage_taken":[{"damage":8,"enemies":"Small Slimes","floor":1,"turns":3},{"damage":6,"enemies":"2 Louse","floor":2,"turns":3},{"damage":1,"enemies":"Cultist","floor":3,"turns":3},{"damage":5,"enemies":"Gremlin Nob","floor":6,"turns":3},{"damage":9,"enemies":"Lagavulin","floor":8,"turns":6},{"damage":7,"enemies":"Lots of Slimes","floor":10,"turns":4},{"damage":0,"enemies":"Gremlin Nob","floor":12,"turns":2},{"damage":13,"enemies":"Blue Slaver","floor":14,"turns":2},{"damage":3,"enemies":"The Guardian","floor":16,"turns":11},{"damage":7,"enemies":"Shell Parasite","floor":18,"turns":4},{"damage":0,"enemies":"Chosen","floor":19,"turns":3},{"damage":0,"enemies":"3 Cultists","floor":21,"turns":4},{"damage":6,"enemies":"Gremlin Leader","floor":23,"turns":6},{"damage":27,"enemies":"Snake Plant","floor":24,"turns":4},{"damage":18,"enemies":"Centurion and Healer","floor":28,"turns":5},{"damage":0,"enemies":"Book of Stabbing","floor":29,"turns":3},{"damage":11,"enemies":"3 Cultists","floor":30,"turns":4},{"damage":0,"enemies":"Sentry and Sphere","floor":31,"turns":4},{"damage":0,"enemies":"Automaton","floor":33,"turns":11},{"damage":38,"enemies":"3 Darklings","floor":35,"turns":3},{"damage":4,"enemies":"Orb Walker","floor":36,"turns":3},{"damage":7,"enemies":"Writhing Mass","floor":37,"turns":6},{"damage":0,"enemies":"Maw","floor":38,"turns":7},{"damage":0,"enemies":"Transient","floor":39,"turns":6},{"damage":0,"enemies":"Nemesis","floor":40,"turns":11},{"damage":0,"enemies":"Giant Head","floor":44,"turns":7},{"damage":12,"enemies":"Nemesis","floor":46,"turns":3},{"damage":0,"enemies":"3 Darklings","floor":47,"turns":3},{"damage":0,"enemies":"Maw","floor":48,"turns":5},{"damage":42,"enemies":"Time Eater","floor":50,"turns":14},{"damage":35,"enemies":"Donu and Deca","floor":51,"turns":10},{"damage":0,"enemies":"Shield and Spear","floor":55,"turns":3},{"damage":54,"enemies":"The Heart","floor":56,"turns":11}],"green_key_taken_log":40,"seed_played":"598504381445980898","neow_bonus_log":{"cardsObtained":["Injury"],"cardsUpgraded":[],"cardsRemoved":[],"cardsTransformed":[],"relicsObtained":[],"maxHpGained":0,"goldGained":250,"damageTaken":0,"goldLost":0,"maxHpLost":0},"potions_obtained":[{"floor":1,"key":"Strength Potion"},{"floor":2,"key":"DuplicationPotion"},{"floor":6,"key":"SkillPotion"},{"floor":8,"key":"FearPotion"},{"floor":10,"key":"PotionOfCapacity"},{"floor":12,"key":"BlessingOfTheForge"},{"floor":14,"key":"FairyPotion"},{"floor":16,"key":"SkillPotion"},{"floor":18,"key":"LiquidBronze"},{"floor":19,"key":"SteroidPotion"},{"floor":21,"key":"Explosive Potion"},{"floor":28,"key":"FearPotion"},{"floor":29,"key":"Energy Potion"},{"floor":30,"key":"DistilledChaos"},{"floor":35,"key":"Explosive Potion"},{"floor":37,"key":"AttackPotion"},{"floor":46,"key":"PotionOfCapacity"},{"floor":55,"key":"Fire Potion"}],"is_trial":false,"path_per_floor":["M","M","M","?","$","E","R","E","T","M","?","E","R","M","R","B",null,"M","M","$","M","?","E","M","R","T","R","M","E","M","M","R","B",null,"M","M","M","M","M","E","R","?","T","E","$","E","M","M","R","B","B",null,"R","$","E","B",null],"character_chosen":"DEFECT","basemod:card_modifiers":[null,null,null,null,null,null,null,null,null,null,null,null,null,null,null,null,null,null,null,null,null,null,null,null,null,null,null,null,null,null,null,null,null,null,null,null,null,null,null,null,null,null,null,null,null],"items_purchased":["Coolheaded","White Beast Statue","Self Repair","Cold Snap+1","Seek+1","Compile Driver+1","Cold Snap+1","Happy Flower","Aggregate+1","Redo+1"],"campfire_rested":1,"item_purchase_floors":[5,5,20,20,45,45,45,45,54,54],"current_hp_per_floor":[56,50,49,49,49,44,44,35,35,28,28,28,28,15,34,31,56,49,49,49,56,56,57,37,37,37,37,26,33,29,36,36,43,59,28,31,31,38,45,52,52,42,42,49,49,44,51,58,58,23,26,55,55,55,62,15],"gold":56,"neow_bonus":"TWO_FIFTY_GOLD","is_prod":false,"is_daily":false,"rewards_skipped":[{"floor":23,"relics":[],"potions":["ColorlessPotion"]},{"floor":24,"relics":[],"potions":["Dexterity Potion"]},{"floor":31,"relics":[],"potions":["ColorlessPotion"]},{"floor":33,"relics":[],"potions":["BlessingOfTheForge"]},{"floor":36,"relics":[],"potions":["CultistPotion"]},{"floor":38,"relics":[],"potions":["FearPotion"]},{"floor":39,"relics":[],"potions":["Dexterity Potion"]},{"floor":40,"relics":[],"potions":["ColorlessPotion"]},{"floor":44,"relics":[],"potions":["ColorlessPotion"]},{"floor":47,"relics":[],"potions":["FearPotion"]},{"floor":48,"relics":[],"potions":["AttackPotion"]}],"chose_seed":false,"campfire_upgraded":7,"win_rate":0,"floor_exit_playtime":[48,76,101,105,125,183,191,257,260,323,329,359,365,400,472,569,589,662,689,721,826,842,969,1029,1036,1039,1046,1111,1214,1284,1336,1343,1537,1552,1608,1645,1760,1904,2040,2193,2198,2232,2235,2418,2463,2573,2665,2787,2797,3113,3355,3366,3372,3398,3527,3934],"timestamp":1708491064,"blue_key_relic_skipped_log":{"floor":43,"relicID":"Smiling Mask"},"path_taken":["M","M","M","?","$","E","R","E","T","M","?","E","R","M","R","BOSS","M","M","$","M","?","E","M","R","T","R","?","E","M","?","R","BOSS","M","M","M","M","M","E","R","?","T","E","$","E","M","M","R","BOSS","BOSS","R","$","E","BOSS"],"build_version":"2022-12-18","purchased_purges":2,"victory":true,"max_hp_per_floor":[71,71,71,64,64,64,64,64,64,64,64,64,64,64,64,64,64,64,64,64,64,64,64,64,64,64,64,64,64,64,64,64,64,64,64,64,64,64,64,64,64,64,64,64,64,64,64,64,64,64,64,64,64,64,64,64],"relic_stats":{"Happy Flower":[16],"counters":[33,177],"Golden Idol":222,"Prayer Wheel":2,"PreservedInsect":431,"Pen Nib":[18],"Omamori":1,"War Paint":["Turbo","Defend_B"],"Cursed Key":1,"obtain_stats":[{"Lantern":23,"Happy Flower":45,"Golden Idol":4,"PreservedInsect":8,"Pen Nib":40,"Omamori":29,"War Paint":55,"Cursed Key":34,"White Beast Statue":5,"Akabeko":6,"Molten Egg 2":9,"Prayer Wheel":46,"Toxic Egg 2":26,"Cracked Core":0,"Symbiotic Virus":12,"StrikeDummy":44,"Runic Pyramid":17},{"Lantern":13,"Happy Flower":26,"Golden Idol":3,"PreservedInsect":5,"Pen Nib":25,"Omamori":16,"War Paint":32,"Cursed Key":19,"White Beast Statue":3,"Akabeko":4,"Molten Egg 2":5,"Prayer Wheel":27,"Toxic Egg 2":14,"Cracked Core":0,"Symbiotic Virus":7,"StrikeDummy":26,"Runic Pyramid":9},{"Lantern":54,"Happy Flower":128,"Golden Idol":9,"PreservedInsect":18,"Pen Nib":121,"Omamori":66,"War Paint":166,"Cursed Key":85,"White Beast Statue":9,"Akabeko":12,"Molten Egg 2":18,"Prayer Wheel":131,"Toxic Egg 2":58,"Cracked Core":0,"Symbiotic Virus":24,"StrikeDummy":128,"Runic Pyramid":37}],"White Beast Statue":[0.0,0.0,0.0,0.4,0.0,0.6000000000000001,0.0,0.0,0.0,0.0,0.0,11.769518182400008]},"card_choices":[{"not_picked":["Leap","Coolheaded"],"picked":"Defragment","floor":1},{"not_picked":["Leap","Beam Cell"],"picked":"Rebound","floor":2},{"not_picked":["Aggregate","Steam"],"picked":"FTL","floor":3},{"not_picked":["Cold Snap","Sweeping Beam"],"picked":"Sunder","floor":6},{"not_picked":["Storm","FTL"],"picked":"Compile Driver","floor":8},{"not_picked":["Fusion","Darkness"],"picked":"Go for the Eyes+1","floor":12},{"not_picked":["Turbo","Leap"],"picked":"Cold Snap+1","floor":14},{"not_picked":["Multi-Cast","Rainbow"],"picked":"Seek","floor":16},{"not_picked":["Go for the Eyes+1","Rebound+1"],"picked":"Turbo","floor":18},{"not_picked":["Compile Driver+1","Double Energy"],"picked":"Defragment+1","floor":19},{"not_picked":["Sweeping Beam+1","Scrape+1"],"picked":"Blizzard+1","floor":21},{"not_picked":["Steam Power+1","Lockon+1"],"picked":"Fusion","floor":23},{"not_picked":["Reprogram","Fusion"],"picked":"Sweeping Beam+1","floor":24},{"not_picked":["Rip and Tear+1","Steam+1"],"picked":"Hologram+1","floor":28},{"not_picked":["Recycle+1","Compile Driver+1"],"picked":"Capacitor","floor":29},{"not_picked":["Hello World","Auto Shields+1","Rebound+1"],"picked":"SKIP","floor":30},{"not_picked":["Steam+1","Self Repair+1"],"picked":"Fission+1","floor":31},{"not_picked":["Creative AI","Multi-Cast+1"],"picked":"Meteor Strike+1","floor":33},{"not_picked":["Go for the Eyes+1","Stack+1"],"picked":"Coolheaded+1","floor":35},{"not_picked":["Gash+1","Leap+1","Beam Cell+1"],"picked":"SKIP","floor":36},{"not_picked":["Auto Shields+1","Leap+1","Fusion+1"],"picked":"SKIP","floor":37},{"not_picked":["Consume+1","Streamline+1"],"picked":"Glacier+1","floor":38},{"not_picked":["Streamline+1","Steam+1","Stack+1"],"picked":"SKIP","floor":39},{"not_picked":["Streamline+1","Steam+1","Stack+1"],"picked":"SKIP","floor":39},{"not_picked":["Creative AI","Conserve Battery+1"],"picked":"Rainbow+1","floor":40},{"not_picked":["Dramatic Entrance+1","Mayhem"],"picked":"Panacea+1","floor":42},{"not_picked":["Panacea+1","Impatience+1"],"picked":"Dark Shackles+1","floor":42},{"not_picked":["The Bomb+1","Swift Strike+1"],"picked":"Good Instincts+1","floor":42},{"not_picked":["Self Repair","Barrage+1"],"picked":"Turbo+1","floor":44},{"not_picked":["Cold Snap+1","Doom and Gloom+1"],"picked":"Heatsinks","floor":46},{"not_picked":["Gash+1","Darkness+1"],"picked":"Coolheaded+1","floor":47},{"not_picked":["Static Discharge","Rip and Tear+1","Go for the Eyes+1"],"picked":"SKIP","floor":47},{"not_picked":["Storm","Creative AI"],"picked":"Darkness+1","floor":55}],"player_experience":6228559,"relics_obtained":[{"floor":6,"key":"Akabeko"},{"floor":8,"key":"PreservedInsect"},{"floor":9,"key":"Molten Egg 2"},{"floor":12,"key":"Symbiotic Virus"},{"floor":23,"key":"Lantern"},{"floor":26,"key":"Toxic Egg 2"},{"floor":29,"key":"Omamori"},{"floor":40,"key":"Pen Nib"},{"floor":44,"key":"StrikeDummy"},{"floor":46,"key":"Prayer Wheel"},{"floor":55,"key":"War Paint"}],"event_choices":[{"damage_healed":0,"gold_gain":0,"player_choice":"Lose Max HP","damage_taken":0,"relics_obtained":["Golden Idol"],"max_hp_gain":0,"max_hp_loss":7,"event_name":"Golden Idol","floor":4,"gold_loss":0},{"damage_healed":0,"gold_gain":0,"player_choice":"Forge","damage_taken":0,"max_hp_gain":0,"max_hp_loss":0,"event_name":"Accursed Blacksmith","floor":11,"gold_loss":0,"cards_upgraded":["Defragment"]},{"damage_healed":0,"gold_gain":0,"cards_transformed":["Strike_B","Zap"],"player_choice":"Became Test Subject","damage_taken":0,"max_hp_gain":0,"max_hp_loss":0,"event_name":"Drug Dealer","floor":22,"gold_loss":0,"cards_obtained":["All For One","Seek"]},{"damage_healed":0,"gold_gain":0,"player_choice":"Memory 3","damage_taken":10,"max_hp_gain":0,"max_hp_loss":0,"event_name":"SensoryStone","floor":42,"gold_loss":0}],"is_beta":false,"boss_relics":[{"not_picked":["Busted Crown","Empty Cage"],"picked":"Runic Pyramid"},{"not_picked":["Sozu","FrozenCore"],"picked":"Cursed Key"}],"items_purged_floors":[5,20],"is_endless":false,"potions_floor_spawned":[1,2,6,8,10,12,14,16,18,19,21,23,24,28,29,30,31,33,35,36,37,38,39,40,44,46,47,48,55],"ascension_level":20,"potion_discard_per_floor":[[],[],[],[],[],[],[],[],[],[],[],[],[],["BlessingOfTheForge"],[],[],[],[],["LiquidBronze"],[],[],[],[],[],[],[],[],["Explosive Potion"],[],["Energy Potion"],[],[],[],[],[],[],["Explosive Potion"],[],[],[],[],[],[],[],[],[],[],[],[],[],[],[],[],[],[],[],[]]}