{"neow_bonuses_skipped_log":["THREE_CARDS","RANDOM_COMMON_RELIC","BOSS_RELIC"],"neow_costs_skipped_log":["NONE","NONE","NONE"],"potions_obtained_entropic_brew":[[],[],[],[],[],[],[],[],[],[],[],[],[],[],[],[]],"gold_per_floor":[359,25,25,175,175,175,193,204,230,230,261,261,273,307,307,307],"floor_reached":16,"playtime":471,"items_purged":["Decay"],"score":216,"play_id":"47f56878-8f34-4e80-86f0-76c6a045bc42","local_time":"20240219184927","score_breakdown":["Floors Climbed (16): 80","Enemies Slain (4): 8","Exordium Elites Killed (2): 20","Bosses Slain (0): 0","Ascension (20): 108"],"is_ascension_mode":true,"potions_obtained_alchemize":[[],[],[],[],[],[],[],[],[],[],[],[],[],[],[],[]],"campfire_choices":[{"data":"Defragment","floor":6,"key":"SMITH"},{"data":"Coolheaded","floor":10,"key":"SMITH"},{"data":"Electrodynamics","floor":15,"key":"SMITH"}],"lesson_learned_per_floor":[[],[],[],[],[],[],[],[],[],[],[],[],[],[],[],[]],"neow_cost":"CURSE","improvable_cards":{},"seed_source_timestamp":20013499034400,"shop_contents":[{"floor":2,"relics":["Juzu Bracelet","Blue Candle"],"cards":["Melter","Madness","Mayhem"],"potions":["DistilledChaos","Strength Potion","Fruit Juice"]}],"circlet_count":0,"master_deck":["AscendersBane","Strike_B","Strike_B","Strike_B","Strike_B","Defend_B","Defend_B","Defend_B","Defend_B","Zap","Dualcast","Conserve Battery","Defragment+1","Chill","Ball Lightning","BootSequence","Coolheaded+1","Cold Snap","Electrodynamics+1","Coolheaded+1"],"potion_use_per_floor":[[],[],[],[],[],[],[],[],[],[],[],[],[],[],[],["Dexterity Potion","SteroidPotion"]],"relics":["Cracked Core","Membership Card","Blood Vial","Toxic Egg 2","Mango"],"potions_floor_usage":[16,16],"damage_taken":[{"damage":8,"enemies":"Cultist","floor":1,"turns":3},{"damage":0,"enemies":"2 Louse","floor":7,"turns":2},{"damage":0,"enemies":"Jaw Worm","floor":8,"turns":3},{"damage":40,"enemies":"Gremlin Nob","floor":11,"turns":6},{"damage":5,"enemies":"3 Louse","floor":13,"turns":2},{"damage":2,"enemies":"3 Sentries","floor":14,"turns":4},{"damage":44,"enemies":"Hexaghost","floor":16,"turns":11}],"seed_played":"2647250215694867480","neow_bonus_log":{"cardsObtained":["Decay"],"cardsUpgraded":[],"cardsRemoved":[],"cardsTransformed":[],"relicsObtained":[],"maxHpGained":0,"goldGained":250,"damageTaken":0,"goldLost":0,"maxHpLost":0},"potions_obtained":[{"floor":7,"key":"SteroidPotion"},{"floor":8,"key":"Dexterity Potion"}],"is_trial":false,"path_per_floor":["M","$","?","?","?","R","M","M","T","R","E","?","M","E","R","B"],"character_chosen":"DEFECT","basemod:card_modifiers":[null,null,null,null,null,null,null,null,null,null,null,null,null,null,null,null,null,null,null,null],"items_purchased":["Membership Card","Defragment","Chill","Ball Lightning","BootSequence"],"campfire_rested":0,"item_purchase_floors":[2,2,2,2,2],"current_hp_per_floor":[56,56,71,71,64,64,64,64,64,64,26,26,23,37,37,0],"gold":307,"neow_bonus":"TWO_FIFTY_GOLD","is_prod":false,"is_daily":false,"rewards_skipped":[{"floor":11,"relics":[],"potions":["PotionOfCapacity"]},{"floor":13,"relics":[],"potions":["FearPotion"]}],"chose_seed":false,"campfire_upgraded":3,"win_rate":0,"floor_exit_playtime":[47,64,76,96,108,114,130,150,153,165,262,266,286,348,355],"timestamp":1708386567,"path_taken":["M","$","?","?","?","R","M","M","T","R","E","?","M","E","R","BOSS"],"build_version":"2022-12-18","purchased_purges":1,"victory":false,"max_hp_per_floor":[71,71,71,71,71,71,71,71,71,71,71,71,71,85,85,85],"relic_stats":{"Blood Vial":8,"counters":[7,31],"Membership Card":166,"obtain_stats":[{"Blood Vial":9,"Mango":14,"Membership Card":2,"Toxic Egg 2":11,"Cracked Core":0},{"Blood Vial":3,"Mango":6,"Membership Card":1,"Toxic Egg 2":4,"Cracked Core":0},{"Blood Vial":8,"Mango":20,"Membership Card":3,"Toxic Egg 2":14,"Cracked Core":0}]},"card_choices":[{"not_picked":["Go for the Eyes","Stack"],"picked":"Conserve Battery","floor":1},{"not_picked":["Stack","Rebound"],"picked":"Coolheaded","floor":7},{"not_picked":["Go for the Eyes","Stack"],"picked":"Cold Snap","floor":8},{"not_picked":["Streamline","Gash"],"picked":"Electrodynamics","floor":11},{"not_picked":["Turbo+1","Go for the Eyes"],"picked":"Coolheaded+1","floor":13},{"not_picked":["Force Field+1","Rebound","Thunder Strike"],"picked":"SKIP","floor":14}],"player_experience":6203878,"relics_obtained":[{"floor":9,"key":"Blood Vial"},{"floor":11,"key":"Toxic Egg 2"},{"floor":14,"key":"Mango"}],"event_choices":[{"damage_healed":15,"gold_gain":0,"player_choice":"Full Heal","damage_taken":0,"max_hp_gain":0,"max_hp_loss":0,"event_name":"Wheel of Change","floor":3,"gold_loss":0},{"damage_healed":0,"gold_gain":150,"player_choice":"AGREE","damage_taken":0,"max_hp_gain":0,"max_hp_loss":0,"event_name":"Liars Game","floor":4,"gold_loss":0,"cards_obtained":["Doubt"]},{"cards_removed":["Doubt"],"damage_healed":0,"gold_gain":0,"player_choice":"Card Removal","damage_taken":7,"max_hp_gain":0,"max_hp_loss":0,"event_name":"Golden Wing","floor":5,"gold_loss":0},{"damage_healed":0,"gold_gain":0,"player_choice":"Ignored","damage_taken":0,"max_hp_gain":0,"max_hp_loss":0,"event_name":"Shining Light","floor":12,"gold_loss":0}],"is_beta":false,"boss_relics":[],"items_purged_floors":[2],"is_endless":false,"potions_floor_spawned":[7,8,11,13],"killed_by":"Hexaghost","ascension_level":20,"potion_discard_per_floor":[[],[],[],[],[],[],[],[],[],[],[],[],[],[],[],[]]}