{"neow_bonuses_skipped_log":["THREE_ENEMY_KILL","TRANSFORM_TWO_CARDS","BOSS_RELIC"],"potions_obtained_entropic_brew":[[],[],[],[],[],[],[],[],[],["Regen Potion","FocusPotion"],[],[],[],[],[],[],[],[],[],[],[],[],[],[],[],[],[],[],[],[],[],[],["CultistPotion","SteroidPotion"],[],[],[],[],[],[],[],[],[],[],[],[],[],[],[],[],[],[],[],[],[],[],[],[]],"neow_costs_skipped_log":["NONE","NO_GOLD","NONE"],"gold_per_floor":[110,125,144,158,308,308,18,51,51,86,99,126,126,137,137,212,212,222,222,61,71,71,96,96,96,96,96,116,146,0,0,0,71,71,86,99,99,146,159,186,186,220,243,243,259,290,290,317,317,317,317,317,317,133,165,165],"floor_reached":57,"playtime":4655,"items_purged":["Doubt","Zap"],"score":3002,"play_id":"05b5dbb0-467c-40ba-8cf0-334da698be64","local_time":"20240217212856","score_breakdown":["Floors Climbed (57): 285","Enemies Slain (13): 26","Exordium Elites Killed (3): 30","City Elites Killed (2): 40","Beyond Elites Killed (4): 120","Bosses Slain (5): 750","Librarian: 25","Well Fed: 25","Champion (3): 75","Overkill: 25","Ascension (20): 1351","Heartbreaker: 250"],"is_ascension_mode":true,"potions_obtained_alchemize":[[],[],[],[],[],[],[],[],[],[],[],[],[],[],[],[],[],[],[],[],[],[],[],[],[],[],[],[],[],[],[],[],[],[],[],[],[],[],[],[],[],[],[],[],[],[],[],[],[],[],[],[],[],[],[],[],[]],"campfire_choices":[{"data":"Beam Cell","floor":6,"key":"SMITH"},{"data":"Buffer","floor":13,"key":"SMITH"},{"data":"Reboot","floor":15,"key":"SMITH"},{"data":"Defragment","floor":24,"key":"SMITH"},{"floor":27,"key":"REST"},{"data":"Discovery","floor":32,"key":"SMITH"},{"data":"Aggregate","floor":41,"key":"SMITH"},{"floor":44,"key":"RECALL"},{"data":"Hologram","floor":49,"key":"SMITH"},{"data":"Coolheaded","floor":53,"key":"SMITH"}],"lesson_learned_per_floor":[[],[],[],[],[],[],[],[],[],[],[],[],[],[],[],[],[],[],[],[],[],[],[],[],[],[],[],[],[],[],[],[],[],[],[],[],[],[],[],[],[],[],[],[],[],[],[],[],[],[],[],[],[],[],[],[],[]],"neow_cost":"NONE","improvable_cards":{},"seed_source_timestamp":30085254966261,"shop_contents":[{"floor":7,"relics":["Omamori","Toolbox"],"cards":["Streamline","Rebound","Consume","Steam","Hello World","Dark Shackles","Transmutation"],"potions":["LiquidMemories","EssenceOfSteel"]},{"floor":20,"relics":["Mercury Hourglass","Meat on the Bone"],"cards":["Blizzard","Sweeping Beam","Redo","Leap","Static Discharge","Discovery","Transmutation"],"potions":["FairyPotion","AttackPotion","FearPotion"]},{"floor":54,"relics":["Unceasing Top","Oddly Smooth Stone","TheAbacus"],"cards":["Scrape","Beam Cell","Double Energy","Tempest","Storm+1","Mind Blast","Apotheosis"],"potions":["Ancient Potion","Energy Potion"]}],"circlet_count":0,"master_deck":["AscendersBane","Strike_B","Strike_B","Defend_B","Defend_B","Defend_B","Defend_B","Dualcast","Discovery+1","FTL","Ball Lightning","Reboot+1","Beam Cell+1","Conserve Battery","Self Repair","Buffer+1","Machine Learning","Coolheaded+1","Melter","All For One","Defragment+1","Redo+1","BootSequence","Glacier","Echo Form+1","CurseOfTheBell","Cold Snap+1","Hologram+1","Master of Strategy","Secret Technique","Doom and Gloom","Aggregate+1","Steam+1","Skim","Writhe","Coolheaded+1"],"potion_use_per_floor":[[],[],[],[],[],[],[],["Block Potion"],[],["Dexterity Potion","EntropicBrew"],["Regen Potion"],[],[],[],[],["FocusPotion"],[],[],[],[],[],[],["LiquidMemories"],[],[],[],[],[],["Weak Potion"],[],[],[],["Strength Potion","EntropicBrew","CultistPotion"],[],[],[],[],[],[],[],[],[],[],[],[],[],[],[],[],[],[],[],[],[],[],["PotionOfCapacity"],[]],"relics":["Cracked Core","Bag of Preparation","Lantern","Turnip","CaptainsWheel","InkBottle","Runic Pyramid","Frozen Eye","Bottled Lightning","Incense Burner","Blue Candle","Frozen Egg 2","Calling Bell","Akabeko","Mummified Hand","Emotion Chip","Ice Cream","Pear","Darkstone Periapt","Boot","PreservedInsect","Sundial"],"potions_floor_usage":[8,10,10,11,16,23,29,33,33,33,56],"damage_taken":[{"damage":0,"enemies":"Cultist","floor":1,"turns":3},{"damage":2,"enemies":"Jaw Worm","floor":2,"turns":3},{"damage":3,"enemies":"2 Louse","floor":3,"turns":2},{"damage":0,"enemies":"2 Fungi Beasts","floor":4,"turns":3},{"damage":5,"enemies":"Lagavulin","floor":8,"turns":7},{"damage":10,"enemies":"3 Sentries","floor":10,"turns":7},{"damage":6,"enemies":"Large Slime","floor":11,"turns":5},{"damage":19,"enemies":"Gremlin Nob","floor":12,"turns":4},{"damage":0,"enemies":"Blue Slaver","floor":14,"turns":4},{"damage":18,"enemies":"Hexaghost","floor":16,"turns":9},{"damage":0,"enemies":"Chosen","floor":18,"turns":5},{"damage":27,"enemies":"2 Thieves","floor":21,"turns":5},{"damage":38,"enemies":"Book of Stabbing","floor":23,"turns":5},{"damage":0,"enemies":"3 Cultists","floor":28,"turns":7},{"damage":4,"enemies":"Gremlin Leader","floor":29,"turns":8},{"damage":3,"enemies":"Automaton","floor":33,"turns":10},{"damage":0,"enemies":"3 Darklings","floor":35,"turns":7},{"damage":9,"enemies":"Orb Walker","floor":36,"turns":3},{"damage":3,"enemies":"2 Orb Walkers","floor":38,"turns":11},{"damage":1,"enemies":"Spire Growth","floor":39,"turns":7},{"damage":1,"enemies":"Nemesis","floor":40,"turns":7},{"damage":16,"enemies":"Reptomancer","floor":42,"turns":10},{"damage":0,"enemies":"Maw","floor":45,"turns":10},{"damage":5,"enemies":"Giant Head","floor":46,"turns":8},{"damage":2,"enemies":"Nemesis","floor":48,"turns":7},{"damage":5,"enemies":"Awakened One","floor":50,"turns":17},{"damage":22,"enemies":"Time Eater","floor":51,"turns":18},{"damage":1,"enemies":"Shield and Spear","floor":55,"turns":12},{"damage":18,"enemies":"The Heart","floor":56,"turns":11}],"green_key_taken_log":12,"seed_played":"-287228542739547906","neow_bonus_log":{"cardsObtained":[],"cardsUpgraded":[],"cardsRemoved":[],"cardsTransformed":[],"relicsObtained":[],"maxHpGained":0,"goldGained":0,"damageTaken":0,"goldLost":0,"maxHpLost":0},"potions_obtained":[{"floor":1,"key":"Dexterity Potion"},{"floor":10,"key":"EntropicBrew"},{"floor":11,"key":"LiquidMemories"},{"floor":18,"key":"EntropicBrew"},{"floor":23,"key":"Weak Potion"},{"floor":29,"key":"Strength Potion"},{"floor":36,"key":"LiquidMemories"},{"floor":40,"key":"Ancient Potion"}],"is_trial":false,"path_per_floor":["M","M","M","M","?","R","$","E","T","E","M","E","R","M","R","B",null,"M","?","$","M","?","E","R","?","T","R","M","E","?","?","R","B",null,"M","M","?","?","M","E","R","E","T","R","M","E","?","E","R","B","B",null,"R","$","E","B",null],"character_chosen":"DEFECT","basemod:card_modifiers":[null,null,null,null,null,null,null,null,null,null,null,null,null,null,null,null,null,null,null,null,null,null,null,null,null,null,null,null,null,null,null,null,null,null,null,null],"items_purchased":["Bag of Preparation","Block Potion","Frozen Eye","PotionOfCapacity"],"campfire_rested":1,"item_purchase_floors":[7,7,20,54],"current_hp_per_floor":[64,62,59,59,59,59,59,54,54,44,59,47,47,54,54,43,64,71,66,66,53,53,22,22,2,2,24,31,34,34,34,34,38,67,76,74,64,68,76,86,86,84,84,84,86,86,92,92,92,92,91,92,92,92,92,81],"gold":165,"neow_bonus":"RANDOM_COLORLESS","is_prod":false,"is_daily":false,"rewards_skipped":[{"floor":14,"relics":[],"potions":["Weak Potion"]},{"floor":38,"relics":[],"potions":["FearPotion"]},{"floor":39,"relics":[],"potions":["Energy Potion"]},{"floor":46,"relics":[],"potions":["BlessingOfTheForge"]},{"floor":48,"relics":[],"potions":["EntropicBrew"]}],"chose_seed":false,"campfire_upgraded":8,"win_rate":0,"floor_exit_playtime":[46,71,103,137,142,147,181,254,258,394,469,534,540,580,586,682,696,738,747,764,854,874,996,1002,1009,1013,1023,1134,1339,1362,1376,1390,1547,1610,1727,1791,1824,2030,2185,2343,2350,2532,2535,2539,2722,2934,2963,3132,3147,3514,3890,3901,3915,3994,4286,4655],"timestamp":1708223336,"blue_key_relic_skipped_log":{"floor":43,"relicID":"Anchor"},"path_taken":["M","M","M","M","?","R","$","E","T","E","M","E","R","M","R","BOSS","M","?","$","M","?","E","R","?","T","R","M","E","?","?","R","BOSS","M","M","?","?","M","E","R","E","T","R","?","E","?","E","R","BOSS","BOSS","R","$","E","BOSS"],"build_version":"2022-12-18","purchased_purges":2,"victory":true,"max_hp_per_floor":[71,71,71,71,71,71,71,71,71,71,71,71,71,71,71,71,71,71,71,71,71,71,71,71,76,76,76,76,76,76,76,76,76,76,76,76,76,76,76,86,86,86,86,86,86,86,92,92,92,92,92,92,92,92,92,92],"relic_stats":{"Ice Cream":[357],"Darkstone Periapt":6,"counters":[29,215],"Blue Candle":[18],"PreservedInsect":77,"Bag of Preparation":[50],"Boot":[54],"Frozen Eye":142.31058,"Emotion Chip":[72,17,40,15,0],"Mummified Hand":[136],"Sundial":[2],"Turnip":[12],"Bottled Lightning":"Reboot","obtain_stats":[{"Ice Cream":38,"Darkstone Periapt":42,"Lantern":8,"Pear":40,"Blue Candle":29,"PreservedInsect":48,"Bag of Preparation":7,"Incense Burner":26,"Frozen Egg 2":30,"Boot":46,"Akabeko":34,"Calling Bell":34,"Frozen Eye":20,"CaptainsWheel":10,"Emotion Chip":34,"Mummified Hand":34,"Sundial":55,"Turnip":9,"Bottled Lightning":23,"Cracked Core":0,"InkBottle":12,"Runic Pyramid":17},{"Ice Cream":19,"Darkstone Periapt":22,"Lantern":5,"Pear":21,"Blue Candle":15,"PreservedInsect":25,"Bag of Preparation":4,"Incense Burner":13,"Frozen Egg 2":15,"Boot":24,"Akabeko":16,"Calling Bell":16,"Frozen Eye":11,"CaptainsWheel":6,"Emotion Chip":16,"Mummified Hand":16,"Sundial":28,"Turnip":5,"Bottled Lightning":13,"Cracked Core":0,"InkBottle":8,"Runic Pyramid":10},{"Ice Cream":108,"Darkstone Periapt":132,"Lantern":18,"Pear":122,"Blue Candle":77,"PreservedInsect":157,"Bag of Preparation":11,"Incense Burner":62,"Frozen Egg 2":77,"Boot":150,"Akabeko":87,"Calling Bell":87,"Frozen Eye":52,"CaptainsWheel":25,"Emotion Chip":87,"Mummified Hand":87,"Sundial":204,"Turnip":18,"Bottled Lightning":62,"Cracked Core":0,"InkBottle":34,"Runic Pyramid":47}],"InkBottle":[106]},"card_choices":[{"not_picked":["Flash of Steel","Enlightenment"],"picked":"Discovery","floor":0},{"not_picked":["Go for the Eyes","Rebound"],"picked":"FTL","floor":1},{"not_picked":["Steam","Redo"],"picked":"Ball Lightning","floor":2},{"not_picked":["Steam","Ball Lightning"],"picked":"Reboot","floor":3},{"not_picked":["Stack","Static Discharge"],"picked":"Beam Cell","floor":4},{"not_picked":["Stack","Beam Cell"],"picked":"Conserve Battery","floor":8},{"not_picked":["Rip and Tear","Reprogram"],"picked":"Self Repair","floor":10},{"not_picked":["Undo","Amplify"],"picked":"Buffer","floor":12},{"not_picked":["Turbo","Go for the Eyes","Rip and Tear"],"picked":"SKIP","floor":14},{"not_picked":["Multi-Cast","Hyperbeam"],"picked":"Machine Learning","floor":16},{"not_picked":["Gash","Rip and Tear"],"picked":"Coolheaded","floor":18},{"not_picked":["Turbo","Gash"],"picked":"Defragment","floor":23},{"not_picked":["Lockon","Scrape"],"picked":"Redo+1","floor":28},{"not_picked":["Double Energy","Blizzard"],"picked":"BootSequence","floor":29},{"not_picked":["Doom and Gloom","Hologram","Aggregate","Ball Lightning","Recycle","Force Field","Coolheaded","Leap","Go for the Eyes","Core Surge","Compile Driver","Sweeping Beam","Redo","Gash","White Noise","Darkness","Conserve Battery","Cold Snap","Steam Power"],"picked":"Glacier","floor":31},{"not_picked":["Amplify","Fission"],"picked":"Echo Form+1","floor":33},{"not_picked":["Barrage","Conserve Battery+1"],"picked":"Cold Snap+1","floor":35},{"not_picked":["Compile Driver","Sweeping Beam"],"picked":"Hologram","floor":36},{"not_picked":["PanicButton","HandOfGreed"],"picked":"Master of Strategy","floor":37},{"not_picked":["Master of Strategy","Panacea"],"picked":"Secret Technique","floor":37},{"not_picked":["Forethought","Purity","Madness"],"picked":"SKIP","floor":37},{"not_picked":["Streamline","Reprogram"],"picked":"Doom and Gloom","floor":38},{"not_picked":["Doom and Gloom","Hologram"],"picked":"Aggregate","floor":39},{"not_picked":["Lockon+1","Sweeping Beam"],"picked":"Steam+1","floor":40},{"not_picked":["Storm+1","Darkness"],"picked":"Skim","floor":45},{"not_picked":["Self Repair+1","Beam Cell+1","Rip and Tear"],"picked":"SKIP","floor":46},{"not_picked":["Turbo","Go for the Eyes+1"],"picked":"Coolheaded+1","floor":48},{"not_picked":["Beam Cell","Fusion+1","Conserve Battery"],"picked":"SKIP","floor":55}],"player_experience":6164524,"relics_obtained":[{"floor":8,"key":"Lantern"},{"floor":9,"key":"Turnip"},{"floor":10,"key":"CaptainsWheel"},{"floor":12,"key":"InkBottle"},{"floor":23,"key":"Bottled Lightning"},{"floor":26,"key":"Incense Burner"},{"floor":29,"key":"Blue Candle"},{"floor":34,"key":"Akabeko"},{"floor":34,"key":"Mummified Hand"},{"floor":34,"key":"Emotion Chip"},{"floor":38,"key":"Ice Cream"},{"floor":40,"key":"Pear"},{"floor":42,"key":"Darkstone Periapt"},{"floor":46,"key":"Boot"},{"floor":48,"key":"PreservedInsect"},{"floor":55,"key":"Sundial"}],"event_choices":[{"damage_healed":0,"gold_gain":150,"player_choice":"AGREE","damage_taken":0,"max_hp_gain":0,"max_hp_loss":0,"event_name":"Liars Game","floor":5,"gold_loss":0,"cards_obtained":["Doubt"]},{"damage_healed":0,"gold_gain":0,"player_choice":"Punched","damage_taken":5,"max_hp_gain":0,"max_hp_loss":0,"event_name":"Designer","floor":19,"gold_loss":0},{"damage_healed":0,"gold_gain":0,"cards_transformed":["Strike_B","Strike_B"],"player_choice":"Became Test Subject","damage_taken":0,"max_hp_gain":0,"max_hp_loss":0,"event_name":"Drug Dealer","floor":22,"gold_loss":0,"cards_obtained":["Melter","All For One"]},{"damage_healed":0,"gold_gain":0,"player_choice":"Shed Blood","damage_taken":25,"max_hp_gain":5,"max_hp_loss":0,"event_name":"Forgotten Altar","floor":25,"gold_loss":0},{"damage_healed":0,"gold_gain":0,"player_choice":"Paid Gold","damage_taken":0,"relics_obtained":["Frozen Egg 2"],"max_hp_gain":0,"max_hp_loss":0,"event_name":"WeMeetAgain","floor":30,"gold_loss":146},{"damage_healed":0,"gold_gain":0,"player_choice":"Read","damage_taken":0,"max_hp_gain":0,"max_hp_loss":0,"event_name":"The Library","floor":31,"gold_loss":0,"cards_obtained":["Glacier"]},{"damage_healed":0,"gold_gain":0,"player_choice":"Memory 3","damage_taken":10,"max_hp_gain":0,"max_hp_loss":0,"event_name":"SensoryStone","floor":37,"gold_loss":0},{"damage_healed":0,"gold_gain":0,"player_choice":"Fight","damage_taken":0,"max_hp_gain":0,"max_hp_loss":0,"event_name":"Mysterious Sphere","floor":38,"gold_loss":0},{"damage_healed":17,"gold_gain":0,"player_choice":"Writhe","damage_taken":0,"max_hp_gain":0,"max_hp_loss":0,"event_name":"Winding Halls","floor":47,"gold_loss":0,"cards_obtained":["Writhe"]}],"is_beta":false,"boss_relics":[{"not_picked":["SacredBark","FrozenCore"],"picked":"Runic Pyramid"},{"not_picked":["Empty Cage","Black Star"],"picked":"Calling Bell"}],"items_purged_floors":[7,54],"is_endless":false,"potions_floor_spawned":[1,10,11,14,18,23,29,36,38,39,40,46,48],"ascension_level":20,"potion_discard_per_floor":[[],[],[],[],[],[],[],[],[],[],[],[],[],[],[],[],[],[],[],[],[],[],[],[],[],[],[],[],[],[],[],[],[],[],[],[],[],[],[],["SteroidPotion"],[],[],[],[],[],[],[],[],[],[],[],[],[],["Ancient Potion"],[],[],[]]}