{"neow_bonuses_skipped_log":["THREE_CARDS","THREE_ENEMY_KILL","BOSS_RELIC"],"neow_costs_skipped_log":["NONE","NONE","NONE"],"potions_obtained_entropic_brew":[[],[],[],[],[],[],[],[],[],[],[],[],[],[],[],[],[],[],[],[],[],[],[],[],[],[],[],[],[],[],[],[],[],[],[],[],[],[],[],[],[],[],[],[],[],[],[],[],[],[],[],[],[],[],[],[],[]],"gold_per_floor":[366,366,12,29,48,78,78,107,132,132,132,152,49,66,66,144,144,160,160,75,86,86,86,105,105,105,105,105,125,125,135,135,209,209,229,239,129,148,164,64,64,97,97,97,122,122,148,167,167,167,167,167,167,14,42,42],"floor_reached":57,"playtime":3848,"items_purged":["Strike_B","Zap"],"score":2900,"play_id":"eea5c682-0cd8-4359-aa04-17f06e414740","local_time":"20240221210422","falling_options_log":["Hologram+1","Defragment+1"],"score_breakdown":["Floors Climbed (57): 285","Enemies Slain (15): 30","Exordium Elites Killed (2): 20","City Elites Killed (0): 0","Beyond Elites Killed (3): 90","Bosses Slain (5): 750","Champion (3): 75","Perfect (1): 50","C-c-c-combo: 25","Ascension (20): 1325","Heartbreaker: 250"],"is_ascension_mode":true,"potions_obtained_alchemize":[[],[],[],[],[],[],[],[],[],[],[],[],[],[],[],[],[],[],[],[],[],[],[],[],[],[],[],[],[],[],[],[],[],[],[],[],[],[],[],[],[],[],[],[],[],[],[],[],[],[],[],[],[],[],[],[],[]],"campfire_choices":[{"data":"Fission","floor":7,"key":"SMITH"},{"floor":11,"key":"REST"},{"data":"Redo","floor":15,"key":"SMITH"},{"data":"Seek","floor":23,"key":"SMITH"},{"data":"Coolheaded","floor":25,"key":"SMITH"},{"data":"Doom and Gloom","floor":30,"key":"SMITH"},{"floor":32,"key":"REST"},{"floor":41,"key":"RECALL"},{"data":"Recycle","floor":46,"key":"SMITH"},{"data":"Seek","floor":49,"key":"SMITH"},{"data":"Dualcast","floor":53,"key":"SMITH"}],"lesson_learned_per_floor":[[],[],[],[],[],[],[],[],[],[],[],[],[],[],[],[],[],[],[],[],[],[],[],[],[],[],[],[],[],[],[],[],[],[],[],[],[],[],[],[],[],[],[],[],[],[],[],[],[],[],[],[],[],[],[],[],[]],"neow_cost":"TEN_PERCENT_HP_LOSS","improvable_cards":{},"seed_source_timestamp":8166642568767,"shop_contents":[{"floor":3,"relics":["Whetstone","Kunai"],"cards":["Blizzard","Redo","Heatsinks","Discovery","Sadistic Nature"],"potions":["AttackPotion","ColorlessPotion"]},{"floor":13,"relics":["Tiny Chest","Orichalcum","Strange Spoon"],"cards":["Cold Snap","Genetic Algorithm","Coolheaded","Hello World","Impatience","Secret Technique"],"potions":["AttackPotion","Weak Potion","DistilledChaos"]},{"floor":40,"relics":["Bag of Preparation","Girya","Medical Kit"],"cards":["Rebound","Gash","Skim","Hologram","Heatsinks","Bandage Up","Violence"],"potions":["Fire Potion","Block Potion","Ancient Potion"]},{"floor":54,"relics":["Nunchaku","Cables","Toolbox"],"cards":["Gash","Beam Cell","Steam","Stack","Heatsinks","Apotheosis"],"potions":["FearPotion","Strength Potion"]}],"circlet_count":0,"master_deck":["AscendersBane","Defend_B","Defend_B","Defend_B","Dualcast+1","Doom and Gloom+1","Conserve Battery+1","Fission+1","Coolheaded+1","Compile Driver","Redo+1","Seek+1","Fusion+1","Defragment+1","Seek+1","Hologram","Hologram+1","Recycle+1","Compile Driver","Dark Shackles"],"potion_use_per_floor":[[],[],[],[],[],["SpeedPotion"],[],[],[],[],[],[],[],[],[],[],[],[],[],[],[],[],[],[],[],[],[],[],[],[],[],[],[],[],[],[],[],[],[],[],[],["SkillPotion"],[],[],[],[],[],[],[],[],[],[],[],[],[],["Fire Potion","Weak Potion"],[]],"relics":["Cracked Core","Frozen Eye","Happy Flower","Sundial","Lantern","Gambling Chip","Empty Cage","Regal Pillow","Enchiridion","Ornamental Fan","Runic Pyramid","Eternal Feather","MealTicket","Boot","Strawberry"],"potions_floor_usage":[6,42,56,56],"damage_taken":[{"damage":7,"enemies":"Small Slimes","floor":1,"turns":3},{"damage":2,"enemies":"2 Louse","floor":4,"turns":3},{"damage":12,"enemies":"Jaw Worm","floor":5,"turns":4},{"damage":11,"enemies":"3 Sentries","floor":6,"turns":6},{"damage":18,"enemies":"Lagavulin","floor":8,"turns":6},{"damage":0,"enemies":"Looter","floor":12,"turns":5},{"damage":2,"enemies":"3 Louse","floor":14,"turns":2},{"damage":28,"enemies":"Slime Boss","floor":16,"turns":7},{"damage":2,"enemies":"3 Byrds","floor":18,"turns":3},{"damage":0,"enemies":"Chosen","floor":21,"turns":3},{"damage":0,"enemies":"3 Cultists","floor":24,"turns":3},{"damage":0,"enemies":"Centurion and Healer","floor":29,"turns":3},{"damage":4,"enemies":"Cultist and Chosen","floor":31,"turns":5},{"damage":22,"enemies":"Champ","floor":33,"turns":12},{"damage":0,"enemies":"3 Darklings","floor":35,"turns":4},{"damage":8,"enemies":"Orb Walker","floor":36,"turns":3},{"damage":0,"enemies":"Transient","floor":38,"turns":6},{"damage":0,"enemies":"Maw","floor":39,"turns":6},{"damage":6,"enemies":"Nemesis","floor":42,"turns":5},{"damage":0,"enemies":"Giant Head","floor":45,"turns":4},{"damage":0,"enemies":"Reptomancer","floor":47,"turns":3},{"damage":0,"enemies":"3 Darklings","floor":48,"turns":3},{"damage":0,"enemies":"Awakened One","floor":50,"turns":3},{"damage":19,"enemies":"Time Eater","floor":51,"turns":9},{"damage":0,"enemies":"Shield and Spear","floor":55,"turns":3},{"damage":16,"enemies":"The Heart","floor":56,"turns":6}],"green_key_taken_log":47,"seed_played":"-2289882773700251574","neow_bonus_log":{"cardsObtained":[],"cardsUpgraded":[],"cardsRemoved":[],"cardsTransformed":[],"relicsObtained":[],"maxHpGained":0,"goldGained":250,"damageTaken":0,"goldLost":0,"maxHpLost":7},"potions_obtained":[{"floor":1,"key":"SpeedPotion"},{"floor":6,"key":"Strength Potion"},{"floor":14,"key":"SkillPotion"}],"is_trial":false,"path_per_floor":["M","?","$","M","M","E","R","E","T","?","R","M","$","M","R","B",null,"M","?","?","M","?","R","M","R","T","?","?","M","R","M","R","B",null,"M","M","?","M","M","$","R","E","T","?","E","R","E","M","R","B","B",null,"R","$","E","B",null],"character_chosen":"DEFECT","basemod:card_modifiers":[null,null,null,null,null,null,null,null,null,null,null,null,null,null,null,null,null,null,null,null],"items_purchased":["Frozen Eye","Doom and Gloom","Fire Potion","Conserve Battery","Compile Driver","Weak Potion","Dark Shackles"],"campfire_rested":2,"item_purchase_floors":[3,3,3,3,13,54,54],"current_hp_per_floor":[57,57,57,55,43,32,32,14,14,14,33,33,33,31,31,3,49,47,64,64,64,43,43,43,43,43,43,43,43,43,39,64,42,59,59,51,51,51,51,51,51,45,45,45,45,54,54,54,63,63,44,59,64,64,71,55],"gold":42,"neow_bonus":"TWO_FIFTY_GOLD","is_prod":false,"is_daily":false,"rewards_skipped":[{"floor":31,"relics":[],"potions":["EssenceOfSteel"]},{"floor":33,"relics":[],"potions":["LiquidBronze"]},{"floor":35,"relics":[],"potions":["LiquidBronze"]},{"floor":36,"relics":[],"potions":["Weak Potion"]}],"chose_seed":false,"campfire_upgraded":8,"win_rate":0,"floor_exit_playtime":[64,70,92,131,170,241,247,324,338,344,348,422,469,524,536,694,731,821,834,838,895,908,914,966,980,1002,1014,1018,1095,1112,1206,1226,1453,1469,1616,1687,1696,1843,2012,2028,2039,2166,2169,2178,2360,2367,2555,2664,2670,2912,3233,3243,3251,3273,3472,3848],"timestamp":1708567462,"blue_key_relic_skipped_log":{"floor":43,"relicID":"Smiling Mask"},"path_taken":["M","?","$","M","M","E","R","E","T","?","R","?","?","M","R","BOSS","M","?","?","M","?","R","M","R","T","?","?","M","R","M","R","BOSS","M","M","?","?","M","$","R","E","T","?","E","R","E","M","R","BOSS","BOSS","R","$","E","BOSS"],"build_version":"2022-12-18","purchased_purges":2,"victory":true,"max_hp_per_floor":[64,64,64,64,64,64,64,64,64,64,64,64,64,64,64,64,64,64,64,64,64,64,64,64,64,64,64,64,64,64,64,64,64,64,64,64,64,64,64,64,64,64,64,64,64,64,64,64,64,64,64,64,64,64,71,71],"relic_stats":{"Frozen Eye":215.2524,"Regal Pillow":6,"Happy Flower":[34],"counters":[26,120],"Sundial":[398],"Ornamental Fan":[380],"Gambling Chip":[53],"Eternal Feather":23,"MealTicket":0,"Boot":[6],"obtain_stats":[{"Lantern":9,"Regal Pillow":20,"Happy Flower":6,"Enchiridion":22,"Eternal Feather":42,"Empty Cage":17,"Boot":47,"Frozen Eye":3,"Sundial":8,"Ornamental Fan":26,"Gambling Chip":10,"Strawberry":55,"MealTicket":45,"Cracked Core":0,"Runic Pyramid":34},{"Lantern":5,"Regal Pillow":9,"Happy Flower":4,"Enchiridion":10,"Eternal Feather":19,"Empty Cage":8,"Boot":21,"Frozen Eye":1,"Sundial":5,"Ornamental Fan":11,"Gambling Chip":5,"Strawberry":25,"MealTicket":20,"Cracked Core":0,"Runic Pyramid":14},{"Lantern":22,"Regal Pillow":39,"Happy Flower":16,"Enchiridion":42,"Eternal Feather":89,"Empty Cage":36,"Boot":96,"Frozen Eye":3,"Sundial":22,"Ornamental Fan":45,"Gambling Chip":22,"Strawberry":114,"MealTicket":93,"Cracked Core":0,"Runic Pyramid":65}]},"card_choices":[{"not_picked":["Genetic Algorithm","Tempest"],"picked":"Hello World","floor":1},{"not_picked":["Sweeping Beam","Turbo"],"picked":"Ball Lightning","floor":4},{"not_picked":["Heatsinks","Rebound"],"picked":"Fission","floor":6},{"not_picked":["Stack","Fusion"],"picked":"Coolheaded","floor":8},{"not_picked":["Hello World","Beam Cell"],"picked":"Redo","floor":14},{"not_picked":["Fission","Rainbow"],"picked":"Seek","floor":16},{"not_picked":["Coolheaded","Tempest"],"picked":"Fusion+1","floor":21},{"not_picked":["Steam+1","Conserve Battery","Scrape"],"picked":"SKIP","floor":29},{"not_picked":["Hologram","Loop"],"picked":"Defragment+1","floor":31},{"not_picked":["Hyperbeam","Thunder Strike"],"picked":"Seek","floor":33},{"not_picked":["Streamline+1","Doom and Gloom"],"picked":"Hologram","floor":35},{"not_picked":["Rebound+1","Fusion","Conserve Battery"],"picked":"SKIP","floor":36},{"not_picked":["Leap+1","Chaos"],"picked":"Hologram+1","floor":38},{"not_picked":["Stack","Turbo+1","Fission"],"picked":"SKIP","floor":39},{"not_picked":["Conserve Battery+1","Chaos","Stack"],"picked":"SKIP","floor":42},{"not_picked":["Compile Driver","Scrape"],"picked":"Recycle","floor":45},{"not_picked":["Stack","Ball Lightning+1","Fusion"],"picked":"SKIP","floor":47},{"not_picked":["Conserve Battery","Blizzard"],"picked":"Compile Driver","floor":48},{"not_picked":["Darkness","Heatsinks","Chaos+1"],"picked":"SKIP","floor":55}],"player_experience":6245001,"relics_obtained":[{"floor":6,"key":"Happy Flower"},{"floor":8,"key":"Sundial"},{"floor":9,"key":"Lantern"},{"floor":22,"key":"Enchiridion"},{"floor":26,"key":"Ornamental Fan"},{"floor":42,"key":"Eternal Feather"},{"floor":45,"key":"MealTicket"},{"floor":47,"key":"Boot"},{"floor":55,"key":"Strawberry"}],"event_choices":[{"damage_healed":0,"gold_gain":0,"player_choice":"Leave","damage_taken":0,"max_hp_gain":0,"max_hp_loss":0,"event_name":"The Cleric","floor":2,"gold_loss":0},{"damage_healed":0,"gold_gain":0,"player_choice":"Gave Potion","damage_taken":0,"relics_obtained":["Gambling Chip"],"max_hp_gain":0,"max_hp_loss":0,"event_name":"WeMeetAgain","floor":10,"gold_loss":0},{"cards_removed":["Hello World"],"damage_healed":17,"gold_gain":0,"player_choice":"Offered Uncommon","damage_taken":0,"max_hp_gain":0,"max_hp_loss":0,"event_name":"Bonfire Elementals","floor":19,"gold_loss":0},{"damage_healed":0,"gold_gain":0,"player_choice":"Obtained Relic","damage_taken":0,"relics_obtained":["Regal Pillow"],"max_hp_gain":0,"max_hp_loss":0,"event_name":"Addict","floor":20,"gold_loss":85},{"damage_healed":0,"gold_gain":0,"player_choice":"Obtained Book","damage_taken":21,"max_hp_gain":0,"max_hp_loss":0,"event_name":"Cursed Tome","floor":22,"gold_loss":0},{"cards_removed":["Strike_B"],"damage_healed":0,"gold_gain":0,"player_choice":"Elegance","damage_taken":0,"max_hp_gain":0,"max_hp_loss":0,"event_name":"Back to Basics","floor":27,"gold_loss":0},{"damage_healed":0,"gold_gain":0,"player_choice":"Ignored","damage_taken":0,"max_hp_gain":0,"max_hp_loss":0,"event_name":"Ghosts","floor":28,"gold_loss":0},{"cards_removed":["Defend_B"],"damage_healed":0,"gold_gain":0,"player_choice":"Upgrade and Remove","damage_taken":0,"max_hp_gain":0,"max_hp_loss":0,"event_name":"Designer","floor":37,"gold_loss":110,"cards_upgraded":["Conserve Battery"]},{"cards_removed":["Ball Lightning"],"damage_healed":0,"gold_gain":0,"player_choice":"Removed Attack","damage_taken":0,"max_hp_gain":0,"max_hp_loss":0,"event_name":"Falling","floor":44,"gold_loss":0}],"is_beta":false,"boss_relics":[{"not_picked":["Ectoplasm","Snecko Eye"],"picked":"Empty Cage"},{"not_picked":["Inserter","Pandora\u0027s Box"],"picked":"Runic Pyramid"}],"items_purged_floors":[13,40],"is_endless":false,"potions_floor_spawned":[1,6,14,31,33,35,36],"ascension_level":20,"potion_discard_per_floor":[[],[],[],[],[],[],[],[],[],[],[],[],[],[],[],[],[],[],[],[],[],[],[],[],[],[],[],[],[],[],[],[],[],[],[],[],[],[],[],[],[],[],[],[],[],[],[],[],[],[],[],[],[],[],[],[],[]]}