{"neow_bonuses_skipped_log":["TRANSFORM_CARD","HUNDRED_GOLD","BOSS_RELIC"],"potions_obtained_entropic_brew":[[],[],[],[],[],[],[],[],[],[],[],[],[],[],[],[],[],[],[],[],[],[],[],[],[],[],[]],"neow_costs_skipped_log":["NONE","NONE","NONE"],"gold_per_floor":[19,36,46,60,60,92,92,110,110,136,136,170,170,203,203,276,276,286,297,297,313,8,8,19,44,69,69],"floor_reached":27,"playtime":1383,"items_purged":[],"score":576,"play_id":"9395c8c3-b361-40a5-9678-09a971f647b1","local_time":"20240218175340","score_breakdown":["Floors Climbed (27): 135","Enemies Slain (9): 18","Exordium Elites Killed (4): 40","City Elites Killed (1): 20","Bosses Slain (1): 50","Champion (1): 25","Ascension (20): 288"],"is_ascension_mode":true,"potions_obtained_alchemize":[[],[],[],[],[],[],[],[],[],[],[],[],[],[],[],[],[],[],[],[],[],[],[],[],[],[],[]],"campfire_choices":[{"floor":7,"key":"REST"},{"data":"Streamline","floor":11,"key":"SMITH"},{"floor":13,"key":"REST"},{"data":"Doom and Gloom","floor":15,"key":"SMITH"},{"data":"Redo","floor":23,"key":"SMITH"}],"lesson_learned_per_floor":[[],[],[],[],[],[],[],[],[],[],[],[],[],[],[],[],[],[],[],[],[],[],[],[],[],[],[]],"neow_cost":"NO_GOLD","improvable_cards":{},"seed_source_timestamp":15696807664175,"shop_contents":[{"floor":22,"relics":["CeramicFish","Sundial","Chemical X"],"cards":["Beam Cell","Melter","Hologram","Leap","Creative AI","PanicButton","Master of Strategy"],"potions":["PotionOfCapacity","SkillPotion","Fire Potion"]}],"circlet_count":0,"master_deck":["AscendersBane","Strike_B","Strike_B","Strike_B","Strike_B","Defend_B","Defend_B","Defend_B","Dualcast","Streamline+1","Cold Snap","Doom and Gloom+1","Undo","Skim","Turbo","Chill","BootSequence","Chill","Buffer","FTL+1","Buffer","Undo","Loop+1","Redo+1","Coolheaded","Consume","Core Surge"],"potion_use_per_floor":[[],[],[],[],[],["ColorlessPotion"],[],[],[],[],[],["LiquidMemories"],[],[],[],["LiquidMemories"],[],[],["AttackPotion"],[],[],[],[],[],["BlessingOfTheForge","FairyPotion"],[],[]],"relics":["Cracked Core","WingedGreaves","The Courier","StrikeDummy","Gambling Chip","Toy Ornithopter","Eternal Feather","Coffee Dripper","Gremlin Horn","Blue Candle","Vajra"],"potions_floor_usage":[6,12,16,19,25],"damage_taken":[{"damage":2,"enemies":"Jaw Worm","floor":1,"turns":3},{"damage":3,"enemies":"Small Slimes","floor":2,"turns":3},{"damage":4,"enemies":"Cultist","floor":3,"turns":3},{"damage":10,"enemies":"3 Louse","floor":4,"turns":3},{"damage":32,"enemies":"Gremlin Nob","floor":6,"turns":4},{"damage":1,"enemies":"2 Fungi Beasts","floor":8,"turns":4},{"damage":12,"enemies":"Lagavulin","floor":10,"turns":7},{"damage":8,"enemies":"Gremlin Nob","floor":12,"turns":3},{"damage":0,"enemies":"3 Sentries","floor":14,"turns":6},{"damage":38,"enemies":"Slime Boss","floor":16,"turns":11},{"damage":3,"enemies":"Spheric Guardian","floor":18,"turns":4},{"damage":0,"enemies":"2 Thieves","floor":19,"turns":3},{"damage":0,"enemies":"Centurion and Healer","floor":21,"turns":7},{"damage":0,"enemies":"Shelled Parasite and Fungi","floor":24,"turns":7},{"damage":78,"enemies":"Book of Stabbing","floor":25,"turns":9},{"damage":14,"enemies":"Snake Plant","floor":27,"turns":2}],"green_key_taken_log":25,"seed_played":"4964464661443301429","neow_bonus_log":{"cardsObtained":[],"cardsUpgraded":[],"cardsRemoved":[],"cardsTransformed":[],"relicsObtained":["WingedGreaves"],"maxHpGained":0,"goldGained":0,"damageTaken":0,"goldLost":99,"maxHpLost":0},"potions_obtained":[{"floor":1,"key":"LiquidMemories"},{"floor":3,"key":"ColorlessPotion"},{"floor":12,"key":"LiquidMemories"},{"floor":14,"key":"FairyPotion"},{"floor":16,"key":"Swift Potion"},{"floor":18,"key":"AttackPotion"},{"floor":19,"key":"BlessingOfTheForge"}],"is_trial":false,"path_per_floor":["M","M","M","M","?","E","R","M","T","E","R","E","R","E","R","B",null,"M","M","?","M","$","R","M","E","T","M"],"character_chosen":"DEFECT","basemod:card_modifiers":[null,null,null,null,null,null,null,null,null,null,null,null,null,null,null,null,null,null,null,null,null,null,null,null,null,null,null],"items_purchased":["Gremlin Horn","Redo","Coolheaded"],"campfire_rested":2,"item_purchase_floors":[22,22,22],"current_hp_per_floor":[62,59,55,45,45,13,34,33,33,21,21,13,34,34,46,13,57,54,59,59,59,59,71,71,14,14,0],"gold":69,"neow_bonus":"ONE_RARE_RELIC","is_prod":false,"is_daily":false,"rewards_skipped":[{"floor":24,"relics":[],"potions":["Dexterity Potion"]}],"chose_seed":false,"campfire_upgraded":3,"win_rate":0,"floor_exit_playtime":[144,161,182,219,233,286,318,358,361,434,458,544,550,651,661,845,869,913,963,978,1060,1090,1100,1183,1356,1363],"timestamp":1708296820,"path_taken":["M","M","M","M","?","E","R","M","T","E","R","E","R","E","R","BOSS","M","M","?","M","$","R","M","E","T","M"],"build_version":"2022-12-18","purchased_purges":0,"victory":false,"max_hp_per_floor":[71,71,71,71,71,71,71,71,71,71,71,71,71,71,71,71,71,71,71,71,71,71,71,71,71,71,71],"relic_stats":{"Gremlin Horn":[1,1],"counters":[16,79],"Gambling Chip":[28],"Blue Candle":[0],"Eternal Feather":24,"WingedGreaves":3,"The Courier":77,"obtain_stats":[{"Gremlin Horn":22,"Gambling Chip":10,"Blue Candle":25,"Vajra":26,"Eternal Feather":14,"WingedGreaves":0,"The Courier":6,"Coffee Dripper":17,"Cracked Core":0,"StrikeDummy":9,"Toy Ornithopter":12},{"Gremlin Horn":13,"Gambling Chip":7,"Blue Candle":15,"Vajra":15,"Eternal Feather":9,"WingedGreaves":0,"The Courier":5,"Coffee Dripper":10,"Cracked Core":0,"StrikeDummy":6,"Toy Ornithopter":8},{"Gremlin Horn":61,"Gambling Chip":27,"Blue Candle":77,"Vajra":77,"Eternal Feather":36,"WingedGreaves":0,"The Courier":16,"Coffee Dripper":47,"Cracked Core":0,"StrikeDummy":20,"Toy Ornithopter":30}],"Toy Ornithopter":10},"card_choices":[{"not_picked":["Gash","Turbo"],"picked":"Streamline","floor":1},{"not_picked":["Leap","Hologram"],"picked":"Cold Snap","floor":2},{"not_picked":["Stack","Cold Snap"],"picked":"Doom and Gloom","floor":3},{"not_picked":["Beam Cell","Storm"],"picked":"Undo","floor":4},{"not_picked":["Doom and Gloom","Leap"],"picked":"Skim","floor":6},{"not_picked":["Hyperbeam","Gash"],"picked":"Turbo","floor":8},{"not_picked":["Loop","Hologram"],"picked":"Chill","floor":10},{"not_picked":["Leap","Compile Driver"],"picked":"BootSequence","floor":12},{"not_picked":["Redo","All For One"],"picked":"Chill","floor":14},{"not_picked":["All For One","Rainbow"],"picked":"Buffer","floor":16},{"not_picked":["Chaos","Reprogram"],"picked":"FTL+1","floor":18},{"not_picked":["Beam Cell","Sweeping Beam","Ball Lightning"],"picked":"SKIP","floor":19},{"not_picked":["Reprogram","Barrage"],"picked":"Loop+1","floor":21},{"not_picked":["Conserve Battery","Redo"],"picked":"Consume","floor":24},{"not_picked":["Tempest","Sweeping Beam"],"picked":"Core Surge","floor":25}],"player_experience":6180095,"relics_obtained":[{"floor":6,"key":"The Courier"},{"floor":9,"key":"StrikeDummy"},{"floor":10,"key":"Gambling Chip"},{"floor":12,"key":"Toy Ornithopter"},{"floor":14,"key":"Eternal Feather"},{"floor":25,"key":"Blue Candle"},{"floor":26,"key":"Vajra"}],"event_choices":[{"damage_healed":0,"gold_gain":0,"player_choice":"Ignored","damage_taken":0,"max_hp_gain":0,"max_hp_loss":0,"event_name":"Liars Game","floor":5,"gold_loss":0},{"damage_healed":0,"gold_gain":0,"cards_transformed":["Defend_B","Zap"],"player_choice":"Became Test Subject","damage_taken":0,"max_hp_gain":0,"max_hp_loss":0,"event_name":"Drug Dealer","floor":20,"gold_loss":0,"cards_obtained":["Buffer","Undo"]}],"is_beta":false,"boss_relics":[{"not_picked":["SacredBark","FrozenCore"],"picked":"Coffee Dripper"}],"items_purged_floors":[],"is_endless":false,"potions_floor_spawned":[1,3,12,14,16,18,19,24],"killed_by":"Snake Plant","ascension_level":20,"potion_discard_per_floor":[[],[],[],[],[],[],[],[],[],[],[],[],[],[],[],[],[],["Swift Potion"],[],[],[],[],[],[],[],[],[]]}