{"neow_bonuses_skipped_log":["THREE_SMALL_POTIONS","RANDOM_COLORLESS_2","BOSS_RELIC"],"potions_obtained_entropic_brew":[[],[],[],[],[],[],[],[],[],[],[],[],[],[],[],[],[],[],[],[],[],[],[],[],[],[],[],[],[],[],[],[],[],[],[],[],[],[],[],[],[],[],[],[],[],[],[],[],[],[],[],[],[],[],[],["AttackPotion","Explosive Potion"],[]],"neow_costs_skipped_log":["NONE","PERCENT_DAMAGE","NONE"],"gold_per_floor":[111,5,16,16,26,26,97,122,122,2,22,41,53,82,82,153,153,166,91,107,122,37,37,72,84,84,84,101,101,117,152,152,228,228,238,250,250,262,17,46,46,46,46,380,380,330,330,168,168,168,168,168,168,94,124,124],"floor_reached":57,"playtime":4118,"items_purged":["Pain"],"score":2695,"play_id":"52d66544-6e3e-4f8b-a785-7bf6a640a511","local_time":"20240223160720","score_breakdown":["Floors Climbed (57): 285","Enemies Slain (15): 30","Exordium Elites Killed (2): 20","City Elites Killed (2): 40","Beyond Elites Killed (2): 60","Bosses Slain (5): 750","Well Fed: 25","Overkill: 25","Ascension (20): 1210","Heartbreaker: 250"],"is_ascension_mode":true,"potions_obtained_alchemize":[[],[],[],[],[],[],[],[],[],[],[],[],[],[],[],[],[],[],[],[],[],[],[],[],[],[],[],[],[],[],[],[],[],[],[],[],[],[],[],[],[],[],[],[],[],[],[],[],[],[],[],[],[],[],[],[],[]],"campfire_choices":[{"floor":6,"key":"REST"},{"floor":15,"key":"REST"},{"data":"Fission","floor":23,"key":"SMITH"},{"floor":27,"key":"REST"},{"floor":29,"key":"REST"},{"data":"Loop","floor":32,"key":"SMITH"},{"data":"Defragment","floor":41,"key":"SMITH"},{"floor":47,"key":"RECALL"},{"floor":49,"key":"REST"},{"floor":53,"key":"REST"}],"lesson_learned_per_floor":[[],[],[],[],[],[],[],[],[],[],[],[],[],[],[],[],[],[],[],[],[],[],[],[],[],[],[],[],[],[],[],[],[],[],[],[],[],[],[],[],[],[],[],[],[],[],[],[],[],[],[],[],[],[],[],[],[]],"neow_cost":"NONE","improvable_cards":{"Genetic Algorithm":[36]},"seed_source_timestamp":944940417976,"shop_contents":[{"floor":2,"relics":["Art of War","WingedGreaves","Membership Card"],"cards":["Gash","Redo","Steam","Loop","Good Instincts","Transmutation"],"potions":["SpeedPotion","SpeedPotion"]},{"floor":10,"relics":["Symbiotic Virus","Letter Opener","DollysMirror"],"cards":["Rip and Tear","Scrape","Conserve Battery","Heatsinks","Trip","Magnetism"],"potions":["EssenceOfDarkness","Dexterity Potion","FearPotion"]},{"floor":39,"relics":["Bottled Tornado","HandDrill"],"cards":["Beam Cell","Lockon","Glacier","Turbo","Flash of Steel","Mayhem"],"potions":["FearPotion","Ancient Potion","SpeedPotion"]},{"floor":42,"relics":["Pear","Strawberry","PrismaticShard"],"cards":["Sweeping Beam","Melter","Fission","Glacier","Loop","Deep Breath","Thinking Ahead"],"potions":["BlessingOfTheForge","Strength Potion","Strength Potion"]},{"floor":48,"relics":["Molten Egg 2","Sling"],"cards":["Melter","Rip and Tear","White Noise","Redo","Self Repair","Finesse","HandOfGreed"],"potions":["DistilledChaos","CultistPotion","ColorlessPotion"]},{"floor":54,"relics":["Orichalcum","Sundial","Chemical X"],"cards":["Doom and Gloom","Sunder","Double Energy","Storm","Bandage Up","Transmutation"],"potions":["Explosive Potion","Fruit Juice","Strength Potion"]}],"circlet_count":0,"master_deck":["AscendersBane","Strike_B","Strike_B","Strike_B","Strike_B","Defend_B","Defend_B","Defend_B","Dualcast","Panacea","Rip and Tear","Sweeping Beam","Doom and Gloom","White Noise","Chill","Redo","Biased Cognition","Fission+1","Blizzard","Conserve Battery+1","Sunder+1","Genetic Algorithm","Loop+1","Seek+1","CurseOfTheBell","Chaos","Hologram+1","Defragment+1","Self Repair","Defragment+1","Amplify","Force Field"],"potion_use_per_floor":[[],[],[],[],["BlessingOfTheForge"],[],[],["Weak Potion"],[],[],[],[],["Ancient Potion"],["Block Potion"],[],[],[],["SkillPotion"],[],[],[],[],[],[],[],[],[],[],[],[],["DistilledChaos"],[],[],[],[],[],[],[],[],[],[],[],[],["Energy Potion"],[],[],[],[],[],[],[],[],[],[],[],["DuplicationPotion","EntropicBrew","Explosive Potion","AttackPotion"],[]],"relics":["FrozenCore","WarpedTongs","Bottled Lightning","Juzu Bracelet","Pen Nib","Bronze Scales","Singing Bowl","Gambling Chip","Vajra","Mummified Hand","Calling Bell","Nunchaku","Ornamental Fan","Mango","PreservedInsect","Centennial Puzzle","Old Coin","Bag of Preparation","Incense Burner"],"potions_floor_usage":[5,8,13,14,18,31,44,56,56,56,56],"damage_taken":[{"damage":12,"enemies":"Cultist","floor":1,"turns":4},{"damage":9,"enemies":"2 Louse","floor":3,"turns":2},{"damage":1,"enemies":"Small Slimes","floor":5,"turns":2},{"damage":35,"enemies":"Gremlin Nob","floor":8,"turns":5},{"damage":14,"enemies":"Gremlin Gang","floor":11,"turns":3},{"damage":6,"enemies":"2 Fungi Beasts","floor":12,"turns":3},{"damage":5,"enemies":"Exordium Thugs","floor":13,"turns":3},{"damage":2,"enemies":"Lagavulin","floor":14,"turns":7},{"damage":1,"enemies":"Slime Boss","floor":16,"turns":9},{"damage":5,"enemies":"3 Byrds","floor":18,"turns":3},{"damage":0,"enemies":"Spheric Guardian","floor":20,"turns":9},{"damage":1,"enemies":"Chosen and Byrds","floor":21,"turns":6},{"damage":33,"enemies":"Gremlin Leader","floor":24,"turns":7},{"damage":0,"enemies":"Snecko","floor":25,"turns":7},{"damage":12,"enemies":"Snake Plant","floor":28,"turns":4},{"damage":2,"enemies":"Centurion and Healer","floor":30,"turns":6},{"damage":12,"enemies":"Book of Stabbing","floor":31,"turns":5},{"damage":15,"enemies":"Collector","floor":33,"turns":18},{"damage":12,"enemies":"3 Darklings","floor":35,"turns":11},{"damage":0,"enemies":"3 Shapes","floor":36,"turns":15},{"damage":13,"enemies":"Maw","floor":38,"turns":7},{"damage":18,"enemies":"Reptomancer","floor":40,"turns":10},{"damage":31,"enemies":"Giant Head","floor":44,"turns":9},{"damage":11,"enemies":"Time Eater","floor":50,"turns":22},{"damage":20,"enemies":"Donu and Deca","floor":51,"turns":20},{"damage":1,"enemies":"Shield and Spear","floor":55,"turns":16},{"damage":40,"enemies":"The Heart","floor":56,"turns":13}],"green_key_taken_log":40,"seed_played":"-4578523737491586119","neow_bonus_log":{"cardsObtained":[],"cardsUpgraded":[],"cardsRemoved":[],"cardsTransformed":[],"relicsObtained":[],"maxHpGained":0,"goldGained":0,"damageTaken":0,"goldLost":0,"maxHpLost":0},"potions_obtained":[{"floor":3,"key":"Ancient Potion"},{"floor":5,"key":"Weak Potion"},{"floor":13,"key":"Block Potion"},{"floor":16,"key":"SkillPotion"},{"floor":20,"key":"SmokeBomb"},{"floor":28,"key":"FearPotion"},{"floor":30,"key":"DistilledChaos"},{"floor":33,"key":"Energy Potion"},{"floor":40,"key":"DuplicationPotion"},{"floor":44,"key":"SteroidPotion"},{"floor":55,"key":"EntropicBrew"}],"is_trial":false,"path_per_floor":["M","$","M","?","M","R","T","E","T","$","M","M","M","E","R","B",null,"M","?","M","M","?","R","E","M","T","R","M","R","M","E","R","B",null,"M","M","?","M","$","E","R","$","T","E","?","?","R","$","R","B","B",null,"R","$","E","B",null],"character_chosen":"DEFECT","basemod:card_modifiers":[null,null,null,null,null,null,null,null,null,null,null,null,null,null,null,null,null,null,null,null,null,null,null,null,null,null,null,null,null,null,null,null],"items_purchased":["Sweeping Beam","BlessingOfTheForge","Chill","PreservedInsect","Defragment","Bag of Preparation","Amplify"],"campfire_rested":6,"item_purchase_floors":[2,2,10,39,39,48,54],"current_hp_per_floor":[52,52,43,43,42,63,63,28,28,28,14,8,3,1,22,21,59,54,54,54,53,53,53,20,20,20,41,31,52,52,40,40,25,77,67,69,69,56,56,38,38,38,38,16,16,16,16,16,44,43,23,77,95,95,95,62],"gold":124,"neow_bonus":"RANDOM_COLORLESS","is_prod":false,"is_daily":false,"rewards_skipped":[],"chose_seed":false,"campfire_upgraded":3,"win_rate":0,"floor_exit_playtime":[67,90,110,138,176,187,197,265,268,277,319,357,414,527,531,660,677,731,753,831,902,907,915,1013,1087,1090,1094,1156,1160,1237,1320,1326,1558,1593,1769,1917,1925,2062,2150,2327,2333,2339,2342,2530,2551,2566,2576,2589,2595,2894,3252,3265,3281,3319,3634,4118],"timestamp":1708722440,"blue_key_relic_skipped_log":{"floor":43,"relicID":"Prayer Wheel"},"path_taken":["M","$","M","?","M","R","?","E","T","$","M","M","M","E","R","BOSS","M","?","M","M","?","R","E","M","T","R","M","R","M","E","R","BOSS","M","M","?","M","$","E","R","?","T","E","?","?","R","$","R","BOSS","BOSS","R","$","E","BOSS"],"build_version":"2022-12-18","purchased_purges":1,"victory":true,"max_hp_per_floor":[71,71,71,71,71,71,71,71,71,71,71,71,71,71,71,71,71,71,71,71,71,71,71,71,71,71,71,73,73,75,75,75,75,89,91,93,93,93,93,93,93,93,93,95,95,95,95,95,95,95,95,95,95,95,95,95],"relic_stats":{"Singing Bowl":10,"counters":[27,226],"Pen Nib":[27],"PreservedInsect":284,"Juzu Bracelet":2,"Bag of Preparation":[8],"FrozenCore":[67],"WarpedTongs":[204],"Nunchaku":[14],"Centennial Puzzle":[15],"Mummified Hand":[60],"Ornamental Fan":[72],"Bronze Scales":[851],"Gambling Chip":[46],"Bottled Lightning":"Panacea","obtain_stats":[{"Singing Bowl":22,"Vajra":26,"Mango":34,"Pen Nib":9,"PreservedInsect":39,"Juzu Bracelet":8,"Bag of Preparation":48,"Incense Burner":55,"WarpedTongs":4,"FrozenCore":17,"Old Coin":44,"Calling Bell":34,"Nunchaku":34,"Centennial Puzzle":40,"Mummified Hand":31,"Ornamental Fan":34,"Bronze Scales":14,"Gambling Chip":24,"Bottled Lightning":7,"Cracked Core":0},{"Singing Bowl":12,"Vajra":14,"Mango":18,"Pen Nib":4,"PreservedInsect":21,"Juzu Bracelet":4,"Bag of Preparation":23,"Incense Burner":26,"WarpedTongs":2,"FrozenCore":9,"Old Coin":23,"Calling Bell":18,"Nunchaku":18,"Centennial Puzzle":22,"Mummified Hand":17,"Ornamental Fan":18,"Bronze Scales":8,"Gambling Chip":13,"Bottled Lightning":3,"Cracked Core":0},{"Singing Bowl":56,"Vajra":70,"Mango":103,"Pen Nib":13,"PreservedInsect":136,"Juzu Bracelet":13,"Bag of Preparation":155,"Incense Burner":213,"WarpedTongs":6,"FrozenCore":38,"Old Coin":155,"Calling Bell":103,"Nunchaku":103,"Centennial Puzzle":146,"Mummified Hand":85,"Ornamental Fan":103,"Bronze Scales":29,"Gambling Chip":63,"Bottled Lightning":8,"Cracked Core":0}]},"card_choices":[{"not_picked":["Madness","Impatience"],"picked":"Panacea","floor":0},{"not_picked":["Barrage","Go for the Eyes"],"picked":"Rip and Tear","floor":1},{"not_picked":["Leap","Stack","Barrage"],"picked":"SKIP","floor":3},{"not_picked":["Aggregate","Rebound"],"picked":"Doom and Gloom","floor":5},{"not_picked":["Sweeping Beam","Darkness"],"picked":"White Noise","floor":8},{"not_picked":["Ball Lightning","Stack","Sweeping Beam"],"picked":"SKIP","floor":11},{"not_picked":["Leap","Gash","Sweeping Beam"],"picked":"SKIP","floor":12},{"not_picked":["Go for the Eyes","Doom and Gloom"],"picked":"Redo","floor":13},{"not_picked":["Steam Power","Compile Driver"],"picked":"Biased Cognition","floor":14},{"not_picked":["Creative AI","All For One"],"picked":"Fission","floor":16},{"not_picked":["Leap","Ball Lightning"],"picked":"Blizzard","floor":18},{"not_picked":["Steam","Recycle"],"picked":"Conserve Battery+1","floor":20},{"not_picked":["Hello World+1","Streamline","Static Discharge"],"picked":"SKIP","floor":21},{"not_picked":["FTL","Beam Cell"],"picked":"Sunder+1","floor":24},{"not_picked":["Darkness","Aggregate"],"picked":"Genetic Algorithm","floor":25},{"not_picked":["Hello World+1","Rip and Tear","Redo"],"picked":"Singing Bowl","floor":28},{"not_picked":["Rebound","Hello World","Gash"],"picked":"Singing Bowl","floor":30},{"not_picked":["Go for the Eyes+1","Beam Cell"],"picked":"Loop","floor":31},{"not_picked":["Hyperbeam","Thunder Strike"],"picked":"Seek","floor":33},{"not_picked":["Darkness","Turbo","Gash"],"picked":"Singing Bowl","floor":35},{"not_picked":["Static Discharge+1","Rip and Tear","Reprogram"],"picked":"Singing Bowl","floor":36},{"not_picked":["Blizzard","Loop"],"picked":"Hologram+1","floor":38},{"not_picked":["Turbo","Recycle"],"picked":"Self Repair","floor":40},{"not_picked":["Sweeping Beam","Double Energy","Fusion"],"picked":"Singing Bowl","floor":44},{"not_picked":["Storm","Tempest+1"],"picked":"Force Field","floor":55}],"player_experience":6268698,"relics_obtained":[{"floor":7,"key":"Bottled Lightning"},{"floor":8,"key":"Juzu Bracelet"},{"floor":9,"key":"Pen Nib"},{"floor":14,"key":"Bronze Scales"},{"floor":24,"key":"Gambling Chip"},{"floor":26,"key":"Vajra"},{"floor":31,"key":"Mummified Hand"},{"floor":34,"key":"Nunchaku"},{"floor":34,"key":"Ornamental Fan"},{"floor":34,"key":"Mango"},{"floor":40,"key":"Centennial Puzzle"},{"floor":44,"key":"Old Coin"},{"floor":55,"key":"Incense Burner"}],"event_choices":[{"damage_healed":0,"gold_gain":0,"player_choice":"Rummage","damage_taken":0,"relics_obtained":["WarpedTongs"],"max_hp_gain":0,"max_hp_loss":0,"event_name":"Accursed Blacksmith","floor":4,"gold_loss":0,"cards_obtained":["Pain"]},{"cards_removed":["Zap"],"damage_healed":0,"gold_gain":0,"player_choice":"Gave Gold","damage_taken":0,"max_hp_gain":0,"max_hp_loss":0,"event_name":"Beggar","floor":19,"gold_loss":75},{"damage_healed":0,"gold_gain":0,"player_choice":"Obtained Relic","damage_taken":0,"relics_obtained":["Singing Bowl"],"max_hp_gain":0,"max_hp_loss":0,"event_name":"Addict","floor":22,"gold_loss":85},{"damage_healed":0,"gold_gain":0,"cards_transformed":["Defend_B"],"player_choice":"Transformed","damage_taken":0,"max_hp_gain":0,"max_hp_loss":0,"event_name":"Transmorgrifier","floor":37,"gold_loss":0,"cards_obtained":["Chaos"]},{"damage_healed":0,"gold_gain":0,"player_choice":"Copied","damage_taken":0,"max_hp_gain":0,"max_hp_loss":0,"event_name":"Duplicator","floor":45,"gold_loss":0,"cards_obtained":["Defragment"]},{"damage_healed":0,"gold_gain":0,"player_choice":"Upgrade","damage_taken":0,"max_hp_gain":0,"max_hp_loss":0,"event_name":"Designer","floor":46,"gold_loss":50,"cards_upgraded":["Seek"]}],"is_beta":false,"boss_relics":[{"not_picked":["Runic Dome","Sozu"],"picked":"FrozenCore"},{"not_picked":["Empty Cage","Black Star"],"picked":"Calling Bell"}],"items_purged_floors":[10],"is_endless":false,"potions_floor_spawned":[3,5,13,16,20,28,30,33,40,44,55],"ascension_level":20,"potion_discard_per_floor":[[],[],[],[],[],[],[],[],[],[],[],[],[],[],[],[],[],[],[],[],[],[],[],[],[],[],[],[],[],["SmokeBomb"],[],[],[],[],[],[],[],[],[],["FearPotion"],[],[],[],[],[],[],[],[],[],[],[],[],[],[],["SteroidPotion"],[],[]]}