{"neow_bonuses_skipped_log":["REMOVE_CARD","THREE_SMALL_POTIONS","TWENTY_PERCENT_HP_BONUS"],"potions_obtained_entropic_brew":[[],[],[],[],[],[],[],[],[],[],[],[],[],[],[],[],[],[],[],[],[],[],[],[],[],[],[],[],[],[],[],[],[],[],[],[],[],[],[],[],[],[],[],[],[],[],[],[],[],[],[],[],[],[],[],[],[]],"neow_costs_skipped_log":["NONE","NONE","CURSE"],"gold_per_floor":[117,133,151,151,169,169,202,219,219,219,219,104,104,114,114,191,241,260,260,279,69,69,97,97,113,162,196,196,223,223,234,234,309,309,325,343,159,182,207,207,236,236,288,323,338,12,23,35,35,35,35,35,35,35,65,65],"floor_reached":57,"playtime":4355,"items_purged":["Strike_B","Bite"],"score":3140,"play_id":"a87b8eb8-f2d5-47fc-a558-d978111a3a4e","local_time":"20240225220305","score_breakdown":["Floors Climbed (57): 285","Enemies Slain (15): 30","Exordium Elites Killed (1): 10","City Elites Killed (3): 60","Beyond Elites Killed (2): 60","Bosses Slain (5): 750","Collector (1): 25","Librarian: 25","Beyond Perfect: 200","Overkill: 25","Ascension (20): 1420","Heartbreaker: 250"],"is_ascension_mode":true,"potions_obtained_alchemize":[[],[],[],[],[],[],[],[],[],[],[],[],[],[],[],[],[],[],[],[],[],[],[],[],[],[],[],[],[],[],[],[],[],[],[],[],[],[],[],[],[],[],[],[],[],[],[],[],[],[],[],[],[],[],[],[],[]],"campfire_choices":[{"data":"Zap","floor":6,"key":"SMITH"},{"floor":11,"key":"REST"},{"data":"Chaos","floor":15,"key":"SMITH"},{"data":"Sunder","floor":24,"key":"SMITH"},{"data":"Consume","floor":30,"key":"SMITH"},{"data":"Turbo","floor":32,"key":"SMITH"},{"data":"Aggregate","floor":40,"key":"SMITH"},{"data":"Coolheaded","floor":42,"key":"SMITH"},{"floor":49,"key":"RECALL"},{"data":"Barrage","floor":53,"key":"SMITH"}],"lesson_learned_per_floor":[[],[],[],[],[],[],[],[],[],[],[],[],[],[],[],[],[],[],[],[],[],[],[],[],[],[],[],[],[],[],[],[],[],[],[],[],[],[],[],[],[],[],[],[],[],[],[],[],[],[],[],[],[],[],[],[],[]],"neow_cost":"NONE","improvable_cards":{},"seed_source_timestamp":24176363678855,"shop_contents":[{"floor":12,"relics":["Question Card","Pear","PrismaticShard"],"cards":["Beam Cell","Sweeping Beam","Leap","Storm","Purity","Secret Technique"],"potions":["LiquidBronze","Block Potion","AttackPotion"]},{"floor":21,"relics":["Symbiotic Virus","Ornamental Fan"],"cards":["Cold Snap","Doom and Gloom","Auto Shields","Storm","Purity","Secret Weapon"],"potions":["SpeedPotion","EssenceOfSteel","EssenceOfDarkness"]},{"floor":37,"relics":["Pen Nib","Strawberry","Chemical X"],"cards":["Gash","Barrage","Multi-Cast","Storm+1","Purity","Sadistic Nature+1"],"potions":["DuplicationPotion","AttackPotion","ColorlessPotion"]},{"floor":46,"relics":["White Beast Statue","Sling"],"cards":["Lockon","Sunder","Recycle","Steam","Static Discharge+1","Deep Breath","Mayhem+1"],"potions":["SkillPotion","Swift Potion","Ancient Potion"]},{"floor":54,"relics":["Lantern","Whetstone","Strange Spoon"],"cards":["Streamline","Sweeping Beam","Conserve Battery","Stack","Heatsinks+1","Deep Breath","Transmutation"],"potions":["Weak Potion","Weak Potion","GamblersBrew"]}],"circlet_count":0,"master_deck":["AscendersBane","Defend_B","Defend_B","Defend_B","Defend_B","Zap+1","Dualcast","Auto Shields","Sweeping Beam","Coolheaded+1","FTL","Coolheaded+1","Cold Snap","Chaos+1","Chill","Barrage","Seek+1","Coolheaded+1","Sunder+1","Bite","Bite","Bite","Bite","Cold Snap","Turbo+1","Seek+1","White Noise","Glacier","Self Repair+1","Consume+1","Core Surge","Core Surge","Aggregate+1","Glacier","Defragment+1","Redo+1","Barrage+1","Echo Form+1"],"potion_use_per_floor":[[],[],[],[],[],[],[],[],[],[],[],[],[],["GamblersBrew"],[],["FocusPotion"],[],[],[],[],[],[],["PowerPotion"],[],[],[],["PowerPotion"],[],[],[],[],[],[],[],[],[],[],[],[],[],[],[],[],[],[],[],[],[],[],[],[],[],[],[],[],["DuplicationPotion","DistilledChaos"],[]],"relics":["Inserter","Unceasing Top","Lizard Tail","Tiny House","DollysMirror","Frozen Egg 2","Happy Flower","War Paint","Dream Catcher","Coffee Dripper","Torii","Pantograph","Bronze Scales","Du-Vu Doll","Calipers","Shuriken"],"potions_floor_usage":[14,16,23,27,56,56],"damage_taken":[{"damage":7,"enemies":"Small Slimes","floor":1,"turns":4},{"damage":0,"enemies":"Jaw Worm","floor":2,"turns":6},{"damage":12,"enemies":"Cultist","floor":3,"turns":6},{"damage":13,"enemies":"Looter","floor":5,"turns":5},{"damage":28,"enemies":"3 Sentries","floor":7,"turns":8},{"damage":3,"enemies":"Blue Slaver","floor":8,"turns":7},{"damage":0,"enemies":"3 Louse","floor":14,"turns":4},{"damage":0,"enemies":"Hexaghost","floor":16,"turns":13},{"damage":12,"enemies":"3 Byrds","floor":18,"turns":6},{"damage":14,"enemies":"2 Thieves","floor":20,"turns":5},{"damage":50,"enemies":"Slavers","floor":23,"turns":9},{"damage":0,"enemies":"Snecko","floor":25,"turns":6},{"damage":23,"enemies":"Book of Stabbing","floor":27,"turns":7},{"damage":23,"enemies":"Gremlin Leader","floor":29,"turns":9},{"damage":0,"enemies":"Sentry and Sphere","floor":31,"turns":10},{"damage":0,"enemies":"Champ","floor":33,"turns":27},{"damage":4,"enemies":"3 Shapes","floor":35,"turns":6},{"damage":5,"enemies":"Orb Walker","floor":36,"turns":5},{"damage":15,"enemies":"Mind Bloom Boss Battle","floor":39,"turns":16},{"damage":39,"enemies":"Giant Head","floor":41,"turns":24},{"damage":24,"enemies":"Nemesis","floor":44,"turns":15},{"damage":0,"enemies":"4 Shapes","floor":45,"turns":9},{"damage":0,"enemies":"3 Darklings","floor":47,"turns":7},{"damage":23,"enemies":"Writhing Mass","floor":48,"turns":11},{"damage":0,"enemies":"Awakened One","floor":50,"turns":21},{"damage":7,"enemies":"Donu and Deca","floor":51,"turns":18},{"damage":53,"enemies":"Shield and Spear","floor":55,"turns":27},{"damage":51,"enemies":"The Heart","floor":56,"turns":12}],"green_key_taken_log":41,"seed_played":"-5930228363206332496","neow_bonus_log":{"cardsObtained":[],"cardsUpgraded":[],"cardsRemoved":[],"cardsTransformed":[],"relicsObtained":["Inserter"],"maxHpGained":0,"goldGained":0,"damageTaken":0,"goldLost":0,"maxHpLost":0},"potions_obtained":[{"floor":1,"key":"FocusPotion"},{"floor":5,"key":"GamblersBrew"},{"floor":16,"key":"Energy Potion"},{"floor":17,"key":"PowerPotion"},{"floor":23,"key":"PowerPotion"},{"floor":33,"key":"DuplicationPotion"},{"floor":39,"key":"DistilledChaos"}],"is_trial":false,"path_per_floor":["M","M","M","?","M","R","E","M","T","?","R","$","?","M","R","B",null,"M","?","M","$","?","E","R","M","T","E","?","E","R","M","R","B",null,"M","M","$","T","?","R","E","R","T","E","M","$","M","M","R","B","B",null,"R","$","E","B",null],"character_chosen":"DEFECT","basemod:card_modifiers":[null,null,null,null,null,null,null,null,null,null,null,null,null,null,null,null,null,null,null,null,null,null,null,null,null,null,null,null,null,null,null,null,null,null,null,null,null,null],"items_purchased":["Chaos","Turbo","DollysMirror","Glacier","Calipers"],"campfire_rested":1,"item_purchase_floors":[12,21,21,37,46],"current_hp_per_floor":[57,57,45,45,32,32,4,1,1,1,22,22,22,22,22,22,64,52,52,44,44,41,35,35,45,45,32,32,29,29,53,53,53,53,53,53,53,53,53,53,53,53,53,53,53,53,53,52,52,53,53,53,53,53,52,24],"gold":65,"neow_bonus":"BOSS_RELIC","is_prod":false,"is_daily":false,"rewards_skipped":[{"floor":8,"relics":[],"potions":["CultistPotion"]},{"floor":20,"relics":[],"potions":["SteroidPotion"]},{"floor":25,"relics":[],"potions":["SpeedPotion"]},{"floor":36,"relics":[],"potions":["Strength Potion"]},{"floor":44,"relics":[],"potions":["EntropicBrew"]},{"floor":48,"relics":[],"potions":["SkillPotion"]}],"chose_seed":false,"campfire_upgraded":8,"win_rate":0,"floor_exit_playtime":[53,88,141,143,201,206,290,367,369,385,390,424,431,496,501,633,673,790,823,897,924,932,1081,1087,1147,1150,1260,1283,1454,1461,1548,1556,1798,1814,1885,1947,1982,1998,2179,2186,2421,2435,2452,2610,2773,2787,2888,3045,3048,3307,3523,3534,3546,3551,4042,4355],"timestamp":1708916585,"blue_key_relic_skipped_log":{"floor":38,"relicID":"Akabeko"},"path_taken":["M","M","M","?","M","R","E","M","T","?","R","$","?","M","R","BOSS","M","?","M","$","?","E","R","?","T","E","?","E","R","M","R","BOSS","M","?","$","?","?","R","E","R","T","E","M","$","M","M","R","BOSS","BOSS","R","$","E","BOSS"],"build_version":"2022-12-18","purchased_purges":2,"victory":true,"max_hp_per_floor":[71,71,71,71,71,71,71,71,71,71,71,71,71,71,71,71,76,76,53,53,53,53,53,53,53,53,53,53,53,53,53,53,53,53,53,53,53,53,53,53,53,53,53,53,53,53,53,53,53,53,53,53,53,53,53,53],"relic_stats":{"Inserter":[147],"Calipers":[22350],"Happy Flower":[74],"Torii":28,"counters":[28,303],"War Paint":["Coolheaded","Coolheaded"],"Lizard Tail":26,"Dream Catcher":0,"Shuriken":[6],"Pantograph":2,"Bronze Scales":[570],"obtain_stats":[{"Inserter":0,"Tiny House":17,"Calipers":46,"Happy Flower":26,"Torii":39,"Frozen Egg 2":23,"War Paint":27,"Du-Vu Doll":44,"Lizard Tail":9,"Dream Catcher":29,"DollysMirror":21,"Shuriken":55,"Pantograph":41,"Bronze Scales":43,"Coffee Dripper":34,"Cracked Core":0,"Unceasing Top":7},{"Inserter":0,"Tiny House":8,"Calipers":22,"Happy Flower":12,"Torii":19,"Frozen Egg 2":11,"War Paint":13,"Du-Vu Doll":21,"Lizard Tail":6,"Dream Catcher":14,"DollysMirror":10,"Shuriken":27,"Pantograph":20,"Bronze Scales":20,"Coffee Dripper":16,"Cracked Core":0,"Unceasing Top":5},{"Inserter":0,"Tiny House":53,"Calipers":207,"Happy Flower":79,"Torii":159,"Frozen Egg 2":73,"War Paint":86,"Du-Vu Doll":198,"Lizard Tail":36,"Dream Catcher":95,"DollysMirror":64,"Shuriken":291,"Pantograph":183,"Bronze Scales":183,"Coffee Dripper":132,"Cracked Core":0,"Unceasing Top":29}],"Unceasing Top":[39]},"card_choices":[{"not_picked":["Reprogram","Beam Cell"],"picked":"Auto Shields","floor":1},{"not_picked":["Rebound","Turbo"],"picked":"Sweeping Beam","floor":2},{"not_picked":["Go for the Eyes","Seek"],"picked":"Coolheaded","floor":3},{"not_picked":["Aggregate","Loop"],"picked":"FTL","floor":5},{"not_picked":["BootSequence","Fusion"],"picked":"Coolheaded","floor":7},{"not_picked":["Force Field","Streamline"],"picked":"Cold Snap","floor":8},{"not_picked":["Blizzard","Turbo"],"picked":"Barrage","floor":14},{"not_picked":["Amplify","Reboot"],"picked":"Seek","floor":16},{"not_picked":["Turbo","Blizzard"],"picked":"Coolheaded","floor":17},{"not_picked":["Heatsinks+1","Redo"],"picked":"Sunder","floor":18},{"not_picked":["Reinforced Body","Blizzard"],"picked":"Cold Snap","floor":20},{"not_picked":["Conserve Battery","Leap"],"picked":"White Noise","floor":23},{"not_picked":["Steam","Lockon"],"picked":"Glacier","floor":25},{"not_picked":["FTL","Coolheaded"],"picked":"Self Repair+1","floor":27},{"not_picked":["Leap","Multi-Cast","Stack","Skim","Rebound","Cold Snap","Go for the Eyes","Self Repair+1","Blizzard","Reboot","Biased Cognition+1","Beam Cell","Redo","FTL","Auto Shields","Fission","Turbo","Reinforced Body","Hologram"],"picked":"Consume","floor":28},{"not_picked":["Force Field","Storm+1"],"picked":"Core Surge","floor":29},{"not_picked":["Streamline","Beam Cell","Redo"],"picked":"SKIP","floor":31},{"not_picked":["Meteor Strike","Amplify"],"picked":"Core Surge","floor":33},{"not_picked":["Conserve Battery+1","Go for the Eyes"],"picked":"Aggregate","floor":35},{"not_picked":["Barrage","Go for the Eyes","Gash"],"picked":"SKIP","floor":36},{"not_picked":["Leap","Scrape","Stack"],"picked":"SKIP","floor":39},{"not_picked":["Stack+1","Beam Cell"],"picked":"Defragment+1","floor":41},{"not_picked":["Steam Power","Hello World+1","Sweeping Beam"],"picked":"SKIP","floor":44},{"not_picked":["Storm+1","Chill"],"picked":"Redo+1","floor":45},{"not_picked":["Stack","Steam"],"picked":"Barrage","floor":47},{"not_picked":["BootSequence","Conserve Battery"],"picked":"Echo Form+1","floor":48},{"not_picked":["Compile Driver","Stack+1","Meteor Strike"],"picked":"SKIP","floor":55}],"player_experience":6331191,"relics_obtained":[{"floor":7,"key":"Unceasing Top"},{"floor":9,"key":"Lizard Tail"},{"floor":23,"key":"Frozen Egg 2"},{"floor":26,"key":"Happy Flower"},{"floor":27,"key":"War Paint"},{"floor":29,"key":"Dream Catcher"},{"floor":39,"key":"Torii"},{"floor":41,"key":"Pantograph"},{"floor":43,"key":"Bronze Scales"},{"floor":44,"key":"Du-Vu Doll"},{"floor":55,"key":"Shuriken"}],"event_choices":[{"damage_healed":0,"gold_gain":0,"player_choice":"Fled","damage_taken":0,"max_hp_gain":0,"max_hp_loss":0,"event_name":"Scrap Ooze","floor":4,"gold_loss":0},{"damage_healed":0,"gold_gain":0,"player_choice":"0 cards matched","damage_taken":0,"max_hp_gain":0,"max_hp_loss":0,"event_name":"Match and Keep!","floor":10,"gold_loss":0,"cards_obtained":[]},{"damage_healed":0,"gold_gain":0,"cards_transformed":["Strike_B"],"player_choice":"Change","damage_taken":0,"max_hp_gain":0,"max_hp_loss":0,"event_name":"Living Wall","floor":13,"gold_loss":0,"cards_obtained":["Chill"]},{"damage_healed":0,"gold_gain":0,"player_choice":"Became a vampire","damage_taken":0,"max_hp_gain":0,"max_hp_loss":23,"event_name":"Vampires","floor":19,"gold_loss":0,"cards_obtained":["Bite","Bite","Bite","Bite","Bite"]},{"damage_healed":0,"gold_gain":0,"player_choice":"Bought 0 Potions","damage_taken":0,"max_hp_gain":0,"max_hp_loss":0,"event_name":"The Woman in Blue","floor":22,"gold_loss":0},{"damage_healed":0,"gold_gain":0,"player_choice":"Read","damage_taken":0,"max_hp_gain":0,"max_hp_loss":0,"event_name":"The Library","floor":28,"gold_loss":0,"cards_obtained":["Consume"]},{"damage_healed":0,"gold_gain":0,"player_choice":"Fight","damage_taken":0,"max_hp_gain":0,"max_hp_loss":0,"event_name":"MindBloom","floor":39,"gold_loss":0}],"is_beta":false,"boss_relics":[{"not_picked":["Velvet Choker","Black Star"],"picked":"Tiny House"},{"not_picked":["Astrolabe","Philosopher\u0027s Stone"],"picked":"Coffee Dripper"}],"items_purged_floors":[12,37],"is_endless":false,"potions_floor_spawned":[1,5,8,16,20,23,25,33,36,39,44,48],"ascension_level":20,"potion_discard_per_floor":[[],[],[],[],[],[],[],[],[],[],[],[],[],[],[],[],[],[],[],[],[],[],[],[],[],[],[],[],[],[],[],[],[],[],[],[],[],[],["Energy Potion"],[],[],[],[],[],[],[],[],[],[],[],[],[],[],[],[],[],[]]}