{"neow_bonuses_skipped_log":["ONE_RANDOM_RARE_CARD","HUNDRED_GOLD","BOSS_RELIC"],"neow_costs_skipped_log":["NONE","NONE","NONE"],"potions_obtained_entropic_brew":[[],[],[],[],[],[],[],[],[],[],[],[],[],[],[],[],[],[],[],[],[],[],[],[],[]],"gold_per_floor":[111,125,142,142,66,66,93,168,192,192,219,229,254,254,254,328,328,343,354,3,14,14,40,40,40],"floor_reached":25,"playtime":1052,"items_purged":["Zap"],"score":578,"play_id":"4cdf5792-b33f-43d1-a5be-12cde96e0dd7","local_time":"20240219210611","score_breakdown":["Floors Climbed (25): 125","Enemies Slain (7): 14","Exordium Elites Killed (3): 30","City Elites Killed (1): 20","Bosses Slain (1): 50","Perfect (1): 50","Ascension (20): 289"],"is_ascension_mode":true,"potions_obtained_alchemize":[[],[],[],[],[],[],[],[],[],[],[],[],[],[],[],[],[],[],[],[],[],[],[],[],[]],"campfire_choices":[{"data":"Defragment","floor":6,"key":"SMITH"},{"data":"Defragment","floor":10,"key":"SMITH"},{"data":"Sweeping Beam","floor":15,"key":"SMITH"},{"data":"Seek","floor":24,"key":"SMITH"}],"lesson_learned_per_floor":[[],[],[],[],[],[],[],[],[],[],[],[],[],[],[],[],[],[],[],[],[],[],[],[],[]],"neow_cost":"TEN_PERCENT_HP_LOSS","improvable_cards":{},"seed_source_timestamp":27637620004021,"shop_contents":[{"floor":5,"relics":["White Beast Statue","Shuriken","Orrery"],"cards":["Sweeping Beam","FTL","Stack","Auto Shields","PanicButton","Metamorphosis"],"potions":["DuplicationPotion","BlessingOfTheForge","PowerPotion"]},{"floor":20,"relics":["Torii","WingedGreaves"],"cards":["Lockon","Rebound","Reinforced Body","Transmutation"],"potions":["AttackPotion","Swift Potion"]}],"circlet_count":0,"master_deck":["AscendersBane","Strike_B","Strike_B","Strike_B","Strike_B","Defend_B","Defend_B","Defend_B","Defend_B","Dualcast","Buffer+1","Defragment+1","Conserve Battery","Ball Lightning","Defragment+1","Undo","Sweeping Beam+1","BootSequence","Seek+1","Loop","Coolheaded","Self Repair","Blind","Self Repair"],"potion_use_per_floor":[[],[],[],[],[],[],[],[],[],[],[],[],[],[],[],["SteroidPotion"],[],["DuplicationPotion"],[],[],[],[],["Fire Potion"],[],[]],"relics":["Cracked Core","MealTicket","Pen Nib","Vajra","Lantern","Nuclear Battery","Membership Card","Peace Pipe"],"potions_floor_usage":[16,18,23],"damage_taken":[{"damage":0,"enemies":"2 Louse","floor":1,"turns":4},{"damage":0,"enemies":"Cultist","floor":2,"turns":4},{"damage":1,"enemies":"Small Slimes","floor":3,"turns":4},{"damage":6,"enemies":"3 Sentries","floor":7,"turns":7},{"damage":8,"enemies":"Lagavulin","floor":11,"turns":7},{"damage":8,"enemies":"Blue Slaver","floor":12,"turns":4},{"damage":8,"enemies":"3 Sentries","floor":13,"turns":4},{"damage":0,"enemies":"The Guardian","floor":16,"turns":10},{"damage":14,"enemies":"3 Byrds","floor":18,"turns":5},{"damage":15,"enemies":"Shell Parasite","floor":19,"turns":6},{"damage":7,"enemies":"Snecko","floor":21,"turns":8},{"damage":8,"enemies":"Slavers","floor":23,"turns":8},{"damage":45,"enemies":"Book of Stabbing","floor":25,"turns":5}],"seed_played":"4761201276152618857","neow_bonus_log":{"cardsObtained":[],"cardsUpgraded":[],"cardsRemoved":[],"cardsTransformed":[],"relicsObtained":[],"maxHpGained":0,"goldGained":0,"damageTaken":0,"goldLost":0,"maxHpLost":7},"potions_obtained":[{"floor":1,"key":"DuplicationPotion"},{"floor":2,"key":"SteroidPotion"},{"floor":21,"key":"Explosive Potion"}],"is_trial":false,"path_per_floor":["M","M","M","?","$","R","E","?","T","R","E","M","E","?","R","B",null,"M","M","$","M","?","E","R","E"],"character_chosen":"DEFECT","basemod:card_modifiers":[null,null,null,null,null,null,null,null,null,null,null,null,null,null,null,null,null,null,null,null,null,null,null,null],"items_purchased":["Defragment","Membership Card","Coolheaded","Self Repair","Blind","Fire Potion"],"campfire_rested":0,"item_purchase_floors":[5,20,20,20,20,20],"current_hp_per_floor":[64,64,63,63,63,63,57,46,46,46,38,30,22,22,22,22,54,40,25,40,40,40,39,39,0],"gold":40,"neow_bonus":"THREE_RARE_CARDS","is_prod":false,"is_daily":false,"rewards_skipped":[{"floor":13,"relics":[],"potions":["FocusPotion"]}],"chose_seed":false,"campfire_upgraded":4,"win_rate":0,"floor_exit_playtime":[73,104,133,138,150,157,232,237,241,247,298,344,416,420,427,513,544,650,714,769,842,858,972,981],"timestamp":1708394771,"path_taken":["M","M","M","?","$","R","E","?","T","R","E","M","E","?","R","BOSS","M","M","$","M","?","E","R","E"],"build_version":"2022-12-18","purchased_purges":1,"victory":false,"max_hp_per_floor":[64,64,64,64,64,64,64,64,64,64,64,64,64,64,64,64,64,64,64,64,64,64,64,64,64],"relic_stats":{"Peace Pipe":0,"counters":[13,76],"MealTicket":15,"Pen Nib":[6],"Membership Card":189,"obtain_stats":[{"Peace Pipe":23,"Lantern":13,"Vajra":11,"MealTicket":7,"Pen Nib":9,"Membership Card":20,"Cracked Core":0,"Nuclear Battery":17},{"Peace Pipe":12,"Lantern":7,"Vajra":5,"MealTicket":4,"Pen Nib":4,"Membership Card":10,"Cracked Core":0,"Nuclear Battery":8},{"Peace Pipe":71,"Lantern":34,"Vajra":26,"MealTicket":19,"Pen Nib":19,"Membership Card":55,"Cracked Core":0,"Nuclear Battery":44}]},"card_choices":[{"not_picked":["Fission","Multi-Cast"],"picked":"Buffer","floor":0},{"not_picked":["Sunder","Scrape"],"picked":"Defragment","floor":1},{"not_picked":["Steam","Barrage"],"picked":"Conserve Battery","floor":2},{"not_picked":["Go for the Eyes","Reinforced Body"],"picked":"Ball Lightning","floor":3},{"not_picked":["Skim","Go for the Eyes"],"picked":"Undo","floor":7},{"not_picked":["Hologram","Undo"],"picked":"Sweeping Beam","floor":11},{"not_picked":["Rip and Tear","Redo","Compile Driver"],"picked":"SKIP","floor":12},{"not_picked":["Melter","Gash"],"picked":"BootSequence","floor":13},{"not_picked":["Buffer","Multi-Cast"],"picked":"Seek","floor":16},{"not_picked":["Ball Lightning+1","Streamline"],"picked":"Loop","floor":18},{"not_picked":["Rebound","Barrage","Steam"],"picked":"SKIP","floor":19},{"not_picked":["Buffer","FTL"],"picked":"Self Repair","floor":21},{"not_picked":["Leap","Aggregate","Stack"],"picked":"SKIP","floor":23}],"player_experience":6211356,"relics_obtained":[{"floor":7,"key":"MealTicket"},{"floor":9,"key":"Pen Nib"},{"floor":11,"key":"Vajra"},{"floor":13,"key":"Lantern"},{"floor":23,"key":"Peace Pipe"}],"event_choices":[{"damage_healed":0,"gold_gain":0,"player_choice":"Grow","damage_taken":0,"max_hp_gain":0,"max_hp_loss":0,"event_name":"Living Wall","floor":4,"gold_loss":0,"cards_upgraded":["Buffer"]},{"damage_healed":0,"gold_gain":75,"player_choice":"Gather Gold","damage_taken":11,"max_hp_gain":0,"max_hp_loss":0,"event_name":"World of Goop","floor":8,"gold_loss":0},{"damage_healed":0,"gold_gain":0,"player_choice":"Ignored","damage_taken":0,"max_hp_gain":0,"max_hp_loss":0,"event_name":"Liars Game","floor":14,"gold_loss":0}],"is_beta":false,"boss_relics":[{"not_picked":["Ectoplasm","Cursed Key"],"picked":"Nuclear Battery"}],"items_purged_floors":[20],"is_endless":false,"potions_floor_spawned":[1,2,13,21],"killed_by":"Book of Stabbing","ascension_level":20,"potion_discard_per_floor":[[],[],[],[],[],[],[],[],[],[],[],[],[],[],[],[],[],[],[],[],[],[],[],[],[]]}