{"neow_bonuses_skipped_log":["THREE_SMALL_POTIONS","THREE_RARE_CARDS","BOSS_RELIC"],"potions_obtained_entropic_brew":[[],[],[],[],[],[],[],[],[],[],[],[],[],[],[],[],[],[],[],[],[],[],[],[],[],[],[],[],[],[],[],[],[],[],[],[],[],[],[],[],[],[],[],[],[],[],[],[],[],[],[],[],[],[],[],[],[]],"neow_costs_skipped_log":["NONE","CURSE","NONE"],"gold_per_floor":[110,127,137,156,168,168,198,198,198,198,225,238,238,269,269,360,360,383,383,5,26,61,61,75,111,111,145,161,204,204,223,223,317,380,403,422,422,440,440,34,57,91,142,142,155,174,209,229,229,229,229,229,229,12,43,43],"floor_reached":57,"playtime":4143,"items_purged":["Writhe","Zap"],"score":2992,"play_id":"b6ac1244-e55d-40a2-8472-78715557b9df","local_time":"20240228212403","score_breakdown":["Floors Climbed (57): 285","Enemies Slain (18): 36","Exordium Elites Killed (3): 30","City Elites Killed (3): 60","Beyond Elites Killed (2): 60","Bosses Slain (5): 750","Collector (1): 25","Librarian: 25","Champion (2): 50","Perfect (1): 50","C-c-c-combo: 25","Ascension (20): 1346","Heartbreaker: 250"],"is_ascension_mode":true,"potions_obtained_alchemize":[[],[],[],[],[],[],[],[],[],[],[],[],[],[],[],[],[],[],[],[],[],[],[],[],[],[],[],[],[],[],[],[],[],[],[],[],[],[],[],[],[],[],[],[],[],[],[],[],[],[],[],[],[],[],[],[],[]],"campfire_choices":[{"data":"Doom and Gloom","floor":6,"key":"SMITH"},{"floor":8,"key":"REST"},{"data":"Aggregate","floor":15,"key":"SMITH"},{"data":"Defragment","floor":23,"key":"SMITH"},{"data":"Recycle","floor":32,"key":"SMITH"},{"floor":44,"key":"RECALL"},{"data":"Defragment","floor":49,"key":"SMITH"},{"data":"Loop","floor":53,"key":"SMITH"}],"lesson_learned_per_floor":[[],[],[],[],[],[],[],[],[],[],[],[],[],[],[],[],[],[],[],[],[],[],[],[],[],[],[],[],[],[],[],[],[],[],[],[],[],[],[],[],[],[],[],[],[],[],[],[],[],[],[],[],[],[],[],[],[]],"neow_cost":"NONE","improvable_cards":{},"seed_source_timestamp":8925460332194,"shop_contents":[{"floor":20,"relics":["Dream Catcher","Oddly Smooth Stone"],"cards":["Blizzard","Ball Lightning","Leap","Swift Strike","Apotheosis"],"potions":["DistilledChaos","PotionOfCapacity","PotionOfCapacity"]},{"floor":40,"relics":["Shuriken","Anchor","TheAbacus"],"cards":["Sunder","Barrage","Stack","Fusion","Blind"],"potions":["SneckoOil","Regen Potion","DistilledChaos"]},{"floor":54,"relics":["Happy Flower","War Paint"],"cards":["Sunder","Melter","Coolheaded","Turbo","Defragment","Forethought","Chrysalis"],"potions":["FairyPotion","Regen Potion"]}],"circlet_count":0,"master_deck":["AscendersBane","Defend_B","Defend_B","Defend_B","Dualcast","BootSequence","Aggregate+1","Sweeping Beam","Doom and Gloom+1","Compile Driver+1","Biased Cognition","Coolheaded","Hologram","Core Surge","Cold Snap+1","Defragment+1","Coolheaded","Go for the Eyes","Aggregate","Recycle+1","Glacier","Reboot","Loop+1","Bite","Bite","Bite","Bite","Bite","Biased Cognition","Double Energy","Skim+1","Glacier","Capacitor","Master of Strategy","Skim","Darkness","Defragment+1","Chill","Coolheaded+1"],"potion_use_per_floor":[[],[],[],[],[],[],[],[],[],[],[],[],[],[],[],["PotionOfCapacity"],[],[],[],[],[],[],[],[],[],[],[],[],["EssenceOfDarkness"],[],[],[],[],[],[],[],[],[],[],[],[],[],[],[],[],[],[],[],[],[],[],[],[],[],[],["PowerPotion"],[]],"relics":["Cracked Core","Dead Branch","Emotion Chip","MealTicket","Golden Idol","Symbiotic Virus","Runic Pyramid","Ice Cream","Frozen Eye","Red Mask","Vajra","Letter Opener","Tiny House","CaptainsWheel","Nunchaku","Regal Pillow","OrangePellets","Mummified Hand"],"potions_floor_usage":[16,29,56],"damage_taken":[{"damage":1,"enemies":"Small Slimes","floor":1,"turns":4},{"damage":0,"enemies":"Cultist","floor":2,"turns":3},{"damage":1,"enemies":"2 Louse","floor":3,"turns":2},{"damage":7,"enemies":"Large Slime","floor":4,"turns":5},{"damage":9,"enemies":"2 Fungi Beasts","floor":5,"turns":3},{"damage":20,"enemies":"Lagavulin","floor":7,"turns":6},{"damage":36,"enemies":"Gremlin Nob","floor":11,"turns":4},{"damage":10,"enemies":"Exordium Thugs","floor":12,"turns":3},{"damage":10,"enemies":"3 Sentries","floor":14,"turns":5},{"damage":7,"enemies":"Hexaghost","floor":16,"turns":6},{"damage":3,"enemies":"Chosen","floor":18,"turns":5},{"damage":0,"enemies":"Spheric Guardian","floor":21,"turns":3},{"damage":2,"enemies":"Masked Bandits","floor":22,"turns":2},{"damage":0,"enemies":"Centurion and Healer","floor":24,"turns":9},{"damage":0,"enemies":"Slavers","floor":25,"turns":3},{"damage":2,"enemies":"Book of Stabbing","floor":27,"turns":5},{"damage":1,"enemies":"Sentry and Sphere","floor":28,"turns":3},{"damage":14,"enemies":"Slavers","floor":29,"turns":2},{"damage":0,"enemies":"Snecko","floor":31,"turns":5},{"damage":9,"enemies":"Collector","floor":33,"turns":6},{"damage":0,"enemies":"Orb Walker","floor":35,"turns":4},{"damage":0,"enemies":"3 Shapes","floor":36,"turns":5},{"damage":0,"enemies":"Transient","floor":38,"turns":6},{"damage":0,"enemies":"Maw","floor":41,"turns":7},{"damage":0,"enemies":"Giant Head","floor":42,"turns":6},{"damage":15,"enemies":"4 Shapes","floor":45,"turns":6},{"damage":0,"enemies":"Jaw Worm Horde","floor":46,"turns":1},{"damage":66,"enemies":"Reptomancer","floor":47,"turns":29},{"damage":0,"enemies":"Maw","floor":48,"turns":8},{"damage":0,"enemies":"Donu and Deca","floor":50,"turns":12},{"damage":11,"enemies":"Time Eater","floor":51,"turns":8},{"damage":32,"enemies":"Shield and Spear","floor":55,"turns":17},{"damage":32,"enemies":"The Heart","floor":56,"turns":9}],"green_key_taken_log":29,"seed_played":"-3681355536828998923","neow_bonus_log":{"cardsObtained":["BootSequence"],"cardsUpgraded":[],"cardsRemoved":[],"cardsTransformed":["Strike_B"],"relicsObtained":[],"maxHpGained":0,"goldGained":0,"damageTaken":0,"goldLost":0,"maxHpLost":0},"potions_obtained":[{"floor":1,"key":"CultistPotion"},{"floor":12,"key":"PotionOfCapacity"},{"floor":14,"key":"FocusPotion"},{"floor":16,"key":"Fire Potion"},{"floor":24,"key":"EssenceOfDarkness"},{"floor":29,"key":"Ancient Potion"},{"floor":33,"key":"GamblersBrew"}],"is_trial":false,"path_per_floor":["M","M","M","M","M","R","E","R","T","?","E","M","?","E","R","B",null,"M","?","$","M","?","R","M","E","T","E","M","E","?","M","R","B",null,"M","M","?","M","?","$","M","E","T","R","M","M","E","M","R","B","B",null,"R","$","E","B",null],"character_chosen":"DEFECT","basemod:card_modifiers":[null,null,null,null,null,null,null,null,null,null,null,null,null,null,null,null,null,null,null,null,null,null,null,null,null,null,null,null,null,null,null,null,null,null,null,null,null,null,null],"items_purchased":["Defragment","Frozen Eye","Coolheaded","Capacitor","Master of Strategy","OrangePellets","PowerPotion"],"campfire_rested":1,"item_purchase_floors":[20,20,20,40,40,54,54],"current_hp_per_floor":[63,63,62,55,46,46,26,47,47,70,34,24,24,14,14,7,50,47,47,62,62,60,60,60,60,60,58,57,43,43,55,55,54,67,69,69,69,69,69,69,69,69,69,69,64,66,66,69,69,69,62,67,67,69,69,55],"gold":43,"neow_bonus":"TRANSFORM_CARD","is_prod":false,"is_daily":false,"rewards_skipped":[{"floor":25,"relics":[],"potions":["FearPotion"]},{"floor":27,"relics":[],"potions":["Regen Potion"]},{"floor":34,"relics":[],"potions":["Explosive Potion"]},{"floor":35,"relics":[],"potions":["LiquidMemories"]},{"floor":41,"relics":[],"potions":["ColorlessPotion"]},{"floor":45,"relics":[],"potions":["Weak Potion"]},{"floor":46,"relics":[],"potions":["SkillPotion"]}],"chose_seed":false,"campfire_upgraded":6,"win_rate":0,"floor_exit_playtime":[67,92,117,187,215,227,286,289,292,297,341,383,388,471,478,551,576,622,631,654,734,785,793,915,976,986,1072,1155,1210,1232,1301,1308,1432,1461,1525,1584,1598,1736,1739,1771,1894,2095,2098,2102,2215,2315,2964,3108,3116,3380,3561,3572,3580,3592,3922,4143],"timestamp":1709173443,"blue_key_relic_skipped_log":{"floor":26,"relicID":"Molten Egg 2"},"path_taken":["M","M","M","M","M","R","E","R","T","?","E","M","?","E","R","BOSS","M","?","$","M","?","R","M","E","T","E","M","E","?","M","R","BOSS","M","M","?","M","?","$","M","E","T","R","M","M","E","M","R","BOSS","BOSS","R","$","E","BOSS"],"build_version":"2022-12-18","purchased_purges":2,"victory":true,"max_hp_per_floor":[71,71,71,71,71,71,71,71,71,71,71,71,64,64,64,64,64,64,64,64,64,64,64,64,64,64,64,64,64,64,64,64,64,69,69,69,69,69,69,69,69,69,69,69,69,69,69,69,69,69,69,69,69,69,69,69],"relic_stats":{"Ice Cream":[2472],"Regal Pillow":0,"counters":[33,202],"Golden Idol":210,"Dead Branch":[210],"Letter Opener":[678],"Frozen Eye":208.00175,"OrangePellets":[7],"Emotion Chip":[71,20,20,29,2],"Nunchaku":[20],"Mummified Hand":[21],"MealTicket":17,"obtain_stats":[{"Ice Cream":19,"Regal Pillow":47,"Tiny House":34,"Golden Idol":13,"Dead Branch":7,"Vajra":25,"Letter Opener":27,"Blood Vial":29,"Frozen Eye":20,"OrangePellets":54,"Emotion Chip":9,"CaptainsWheel":42,"Nunchaku":43,"Mummified Hand":55,"MealTicket":11,"Red Mask":22,"Cracked Core":0,"Symbiotic Virus":14,"Runic Pyramid":17},{"Ice Cream":11,"Regal Pillow":28,"Tiny House":20,"Golden Idol":8,"Dead Branch":6,"Vajra":15,"Letter Opener":16,"Blood Vial":18,"Frozen Eye":11,"OrangePellets":31,"Emotion Chip":6,"CaptainsWheel":25,"Nunchaku":25,"Mummified Hand":32,"MealTicket":7,"Red Mask":13,"Cracked Core":0,"Symbiotic Virus":9,"Runic Pyramid":10},{"Ice Cream":46,"Regal Pillow":148,"Tiny House":84,"Golden Idol":30,"Dead Branch":23,"Vajra":63,"Letter Opener":68,"Blood Vial":73,"Frozen Eye":46,"OrangePellets":176,"Emotion Chip":23,"CaptainsWheel":112,"Nunchaku":112,"Mummified Hand":193,"MealTicket":27,"Red Mask":51,"Cracked Core":0,"Symbiotic Virus":35,"Runic Pyramid":41}]},"card_choices":[{"not_picked":["Barrage","Leap"],"picked":"Aggregate","floor":1},{"not_picked":["Redo","Beam Cell"],"picked":"Sweeping Beam","floor":2},{"not_picked":["Conserve Battery","Chaos"],"picked":"Doom and Gloom","floor":3},{"not_picked":["Recycle","Turbo"],"picked":"Compile Driver","floor":5},{"not_picked":["Go for the Eyes","Capacitor"],"picked":"Biased Cognition","floor":7},{"not_picked":["Barrage","Go for the Eyes"],"picked":"Coolheaded","floor":11},{"not_picked":["Barrage","Redo"],"picked":"Hologram","floor":12},{"not_picked":["Compile Driver","Amplify","Static Discharge"],"picked":"SKIP","floor":14},{"not_picked":["Biased Cognition","Buffer"],"picked":"Core Surge","floor":16},{"not_picked":["Compile Driver","Reinforced Body"],"picked":"Cold Snap+1","floor":18},{"not_picked":["Barrage","Rebound"],"picked":"Go for the Eyes","floor":21},{"not_picked":["Stack","Beam Cell","Melter"],"picked":"SKIP","floor":22},{"not_picked":["Leap","Reinforced Body+1"],"picked":"Aggregate","floor":24},{"not_picked":["Leap","Streamline"],"picked":"Recycle","floor":25},{"not_picked":["Ball Lightning","Aggregate"],"picked":"Glacier","floor":27},{"not_picked":["Compile Driver","Go for the Eyes"],"picked":"Reboot","floor":28},{"not_picked":["Compile Driver","Redo"],"picked":"Loop","floor":29},{"not_picked":["Streamline","Reprogram","Turbo"],"picked":"SKIP","floor":31},{"not_picked":["Electrodynamics","Core Surge"],"picked":"Biased Cognition","floor":33},{"not_picked":["Hello World","Conserve Battery"],"picked":"Double Energy","floor":34},{"not_picked":["Ball Lightning","FTL","Rebound"],"picked":"SKIP","floor":35},{"not_picked":["Stack+1","Electrodynamics"],"picked":"Skim+1","floor":36},{"not_picked":["Rebound","Ball Lightning"],"picked":"Glacier","floor":38},{"not_picked":["Ball Lightning+1","Gash"],"picked":"Skim","floor":41},{"not_picked":["Go for the Eyes","Lockon"],"picked":"Darkness","floor":42},{"not_picked":["Conserve Battery","Cold Snap"],"picked":"Defragment","floor":45},{"not_picked":["Self Repair+1","Conserve Battery","Stack"],"picked":"SKIP","floor":46},{"not_picked":["Static Discharge","Reprogram","All For One"],"picked":"SKIP","floor":47},{"not_picked":["Double Energy","Capacitor"],"picked":"Chill","floor":48},{"not_picked":["Tempest","Rip and Tear"],"picked":"Coolheaded+1","floor":55}],"player_experience":6386274,"relics_obtained":[{"floor":7,"key":"Dead Branch"},{"floor":9,"key":"Emotion Chip"},{"floor":11,"key":"MealTicket"},{"floor":14,"key":"Symbiotic Virus"},{"floor":22,"key":"Red Mask"},{"floor":25,"key":"Vajra"},{"floor":27,"key":"Letter Opener"},{"floor":29,"key":"Blood Vial"},{"floor":42,"key":"CaptainsWheel"},{"floor":43,"key":"Nunchaku"},{"floor":47,"key":"Regal Pillow"},{"floor":55,"key":"Mummified Hand"}],"event_choices":[{"damage_healed":23,"gold_gain":0,"player_choice":"Banana","damage_taken":0,"max_hp_gain":0,"max_hp_loss":0,"event_name":"Big Fish","floor":10,"gold_loss":0},{"damage_healed":0,"gold_gain":0,"player_choice":"Lose Max HP","damage_taken":0,"relics_obtained":["Golden Idol"],"max_hp_gain":0,"max_hp_loss":7,"event_name":"Golden Idol","floor":13,"gold_loss":0},{"damage_healed":0,"gold_gain":0,"player_choice":"Opened","damage_taken":0,"relics_obtained":["Ice Cream"],"max_hp_gain":0,"max_hp_loss":0,"event_name":"The Mausoleum","floor":19,"gold_loss":0,"cards_obtained":["Writhe"]},{"damage_healed":0,"gold_gain":0,"player_choice":"Fought Bandits","damage_taken":0,"max_hp_gain":0,"max_hp_loss":0,"event_name":"Masked Bandits","floor":22,"gold_loss":0},{"damage_healed":0,"gold_gain":0,"player_choice":"Became a vampire (Vial)","damage_taken":0,"max_hp_gain":0,"max_hp_loss":0,"event_name":"Vampires","floor":30,"relics_lost":["Blood Vial"],"gold_loss":0,"cards_obtained":["Bite","Bite","Bite","Bite","Bite"]},{"cards_removed":["Defend_B"],"damage_healed":0,"gold_gain":0,"player_choice":"Purged","damage_taken":0,"max_hp_gain":0,"max_hp_loss":0,"event_name":"Purifier","floor":37,"gold_loss":0},{"damage_healed":0,"gold_gain":0,"player_choice":"Ignored","damage_taken":0,"max_hp_gain":0,"max_hp_loss":0,"event_name":"SecretPortal","floor":39,"gold_loss":0}],"is_beta":false,"boss_relics":[{"not_picked":["Nuclear Battery","Black Star"],"picked":"Runic Pyramid"},{"not_picked":["Runic Dome","FrozenCore"],"picked":"Tiny House"}],"items_purged_floors":[20,40],"is_endless":false,"potions_floor_spawned":[1,12,14,16,24,25,27,29,33,35,41,45,46],"ascension_level":20,"potion_discard_per_floor":[[],[],[],[],[],[],[],[],[],[],[],[],[],["CultistPotion"],[],[],[],[],[],[],[],[],[],["Fire Potion"],[],[],[],[],[],[],[],[],["FocusPotion"],[],[],[],[],[],[],[],[],[],[],[],[],[],[],[],[],[],[],[],[],["Ancient Potion"],[],[],[]]}