{"neow_bonuses_skipped_log":["THREE_CARDS","TEN_PERCENT_HP_BONUS","BOSS_RELIC"],"potions_obtained_entropic_brew":[[],[],[],[],[],[],[],[],[],[],[],[],[],[],[],[]],"neow_costs_skipped_log":["NONE","NONE","NONE"],"gold_per_floor":[111,111,125,15,0,32,32,82,107,0,0,39,39,58,58,58],"floor_reached":16,"playtime":853,"items_purged":[],"score":212,"play_id":"83a8e280-a2b1-481e-8eef-fcc9fc97a4d6","local_time":"20240227104522","score_breakdown":["Floors Climbed (16): 80","Enemies Slain (3): 6","Exordium Elites Killed (2): 20","Bosses Slain (0): 0","Ascension (20): 106"],"is_ascension_mode":true,"potions_obtained_alchemize":[[],[],[],[],[],[],[],[],[],[],[],[],[],[],[],[]],"campfire_choices":[{"floor":11,"key":"REST"},{"floor":13,"key":"REST"},{"data":"Lockon","floor":15,"key":"SMITH"}],"lesson_learned_per_floor":[[],[],[],[],[],[],[],[],[],[],[],[],[],[],[],[]],"neow_cost":"TEN_PERCENT_HP_LOSS","improvable_cards":{},"seed_source_timestamp":2794455945497,"shop_contents":[{"floor":4,"relics":["Symbiotic Virus","Toxic Egg 2","TheAbacus"],"cards":["Go for the Eyes","Rebound","Steam","Tempest","Loop","Mind Blast","Secret Weapon"],"potions":["CultistPotion"]},{"floor":10,"relics":["Sundial","Prayer Wheel","Orrery"],"cards":["Rip and Tear","FTL","Conserve Battery","Hologram","Loop","Transmutation"],"potions":["FairyPotion","Energy Potion","FearPotion"]}],"circlet_count":0,"master_deck":["AscendersBane","Strike_B","Strike_B","Strike_B","Defend_B","Defend_B","Defend_B","Zap","Dualcast","Lockon+1","Storm","Chill","Compile Driver","Cold Snap","Bandage Up","Ball Lightning","Undo"],"potion_use_per_floor":[[],[],[],[],[],["PowerPotion","Weak Potion"],[],[],[],[],[],[],[],[],[],["Block Potion"]],"relics":["Cracked Core","Akabeko","Omamori","Golden Idol","Bronze Scales","Smiling Mask"],"potions_floor_usage":[6,6,16],"damage_taken":[{"damage":0,"enemies":"2 Louse","floor":1,"turns":2},{"damage":10,"enemies":"Small Slimes","floor":3,"turns":3},{"damage":29,"enemies":"Gremlin Nob","floor":6,"turns":4},{"damage":24,"enemies":"3 Sentries","floor":12,"turns":11},{"damage":0,"enemies":"Jaw Worm","floor":14,"turns":2},{"damage":41,"enemies":"Slime Boss","floor":16,"turns":10}],"green_key_taken_log":12,"seed_played":"-8404875204747681142","neow_bonus_log":{"cardsObtained":["Lockon","Storm"],"cardsUpgraded":[],"cardsRemoved":[],"cardsTransformed":["Strike_B","Defend_B"],"relicsObtained":[],"maxHpGained":0,"goldGained":0,"damageTaken":0,"goldLost":0,"maxHpLost":7},"potions_obtained":[{"floor":12,"key":"Block Potion"},{"floor":14,"key":"LiquidBronze"}],"is_trial":false,"path_per_floor":["M","?","M","$","?","E","?","?","T","$","R","E","R","M","R","B"],"character_chosen":"DEFECT","basemod:card_modifiers":[null,null,null,null,null,null,null,null,null,null,null,null,null,null,null,null,null],"items_purchased":["PowerPotion","Weak Potion","Bandage Up"],"campfire_rested":2,"item_purchase_floors":[4,4,10],"current_hp_per_floor":[64,64,54,54,54,25,25,19,19,19,38,18,37,37,37,0],"gold":58,"neow_bonus":"TRANSFORM_TWO_CARDS","is_prod":false,"is_daily":false,"rewards_skipped":[],"chose_seed":false,"campfire_upgraded":1,"win_rate":0,"floor_exit_playtime":[170,195,220,238,243,286,306,316,318,328,332,461,470,490,502],"timestamp":1709048722,"path_taken":["M","?","M","$","?","E","?","?","T","$","R","E","R","M","R","BOSS"],"build_version":"2022-12-18","purchased_purges":0,"victory":false,"max_hp_per_floor":[64,64,64,64,64,64,64,64,64,64,64,64,64,64,64,64],"relic_stats":{"counters":[6,32],"Golden Idol":12,"Bronze Scales":[53],"Omamori":1,"Smiling Mask":0,"obtain_stats":[{"Golden Idol":7,"Bronze Scales":9,"Omamori":6,"Cracked Core":0,"Smiling Mask":12,"Akabeko":2},{"Golden Idol":3,"Bronze Scales":3,"Omamori":3,"Cracked Core":0,"Smiling Mask":4,"Akabeko":1},{"Golden Idol":9,"Bronze Scales":9,"Omamori":9,"Cracked Core":0,"Smiling Mask":20,"Akabeko":2}]},"card_choices":[{"not_picked":["Conserve Battery","Recycle"],"picked":"Chill","floor":1},{"not_picked":["Rebound","Auto Shields"],"picked":"Compile Driver","floor":3},{"not_picked":["BootSequence","Double Energy"],"picked":"Cold Snap","floor":6},{"not_picked":["Redo","Reinforced Body"],"picked":"Ball Lightning","floor":12},{"not_picked":["Ball Lightning","Streamline"],"picked":"Undo","floor":14}],"player_experience":6359521,"relics_obtained":[{"floor":2,"key":"Akabeko"},{"floor":6,"key":"Omamori"},{"floor":9,"key":"Bronze Scales"},{"floor":12,"key":"Smiling Mask"}],"event_choices":[{"damage_healed":0,"gold_gain":0,"player_choice":"Relic","damage_taken":0,"max_hp_gain":0,"max_hp_loss":0,"event_name":"Wheel of Change","floor":2,"gold_loss":0},{"damage_healed":0,"gold_gain":0,"player_choice":"Left Gold","damage_taken":0,"max_hp_gain":0,"max_hp_loss":0,"event_name":"World of Goop","floor":5,"gold_loss":15},{"damage_healed":0,"gold_gain":0,"player_choice":"Take Wound","damage_taken":0,"relics_obtained":["Golden Idol"],"max_hp_gain":0,"max_hp_loss":0,"event_name":"Golden Idol","floor":7,"gold_loss":0,"cards_obtained":["Injury"]},{"damage_healed":0,"gold_gain":50,"player_choice":"Touch","damage_taken":6,"max_hp_gain":0,"max_hp_loss":0,"event_name":"FaceTrader","floor":8,"gold_loss":0}],"is_beta":false,"boss_relics":[],"items_purged_floors":[],"is_endless":false,"potions_floor_spawned":[12,14],"killed_by":"Slime Boss","ascension_level":20,"potion_discard_per_floor":[[],[],[],[],[],[],[],[],[],[],[],[],[],[],[],[]]}