{"neow_bonuses_skipped_log":["TRANSFORM_CARD","THREE_RARE_CARDS","BOSS_RELIC"],"potions_obtained_entropic_brew":[[],[],[],[],[],[],[],[],[],[],[],[],[],[],[],[],[],[],[],[],[],[],[],[],[],[],[],[],[],[],[],[],[],[],[],[],[],[],[],[],[],[],[],[],[],[],[],[],[],[],[]],"neow_costs_skipped_log":["NONE","NO_GOLD","NONE"],"gold_per_floor":[211,224,238,255,8,8,49,49,75,75,112,112,153,165,165,245,299,327,350,359,92,111,111,155,245,245,20,40,74,95,120,120,201,201,221,242,62,85,108,145,163,163,163,177,177,196,230,57,57,57,57],"floor_reached":51,"playtime":7481,"items_purged":["Strike_B","Zap","Sunder"],"score":1424,"play_id":"1ee946d8-7f40-426c-a3a7-3388fc60d7e6","local_time":"20230314230307","score_breakdown":["Floors Climbed (51): 255","Enemies Slain (16): 32","Exordium Elites Killed (3): 30","City Elites Killed (2): 40","Beyond Elites Killed (1): 30","Bosses Slain (3): 300","Money Money (1218): 25","Librarian: 25","Ascension (20): 687"],"is_ascension_mode":true,"potions_obtained_alchemize":[[],[],[],[],[],[],[],[],[],[],[],[],[],[],[],[],[],[],[],[],[],[],[],[],[],[],[],[],[],[],[],[],[],[],[],[],[],[],[],[],[],[],[],[],[],[],[],[],[],[],[]],"campfire_choices":[{"floor":6,"key":"REST"},{"data":"Sunder","floor":8,"key":"SMITH"},{"data":"Lockon","floor":10,"key":"SMITH"},{"data":"Doom and Gloom","floor":15,"key":"SMITH"},{"data":"Beam Cell","floor":23,"key":"SMITH"},{"data":"Seek","floor":32,"key":"SMITH"},{"data":"Heatsinks","floor":42,"key":"SMITH"},{"floor":45,"key":"RECALL"},{"data":"Seek","floor":49,"key":"SMITH"}],"lesson_learned_per_floor":[[],[],[],[],[],[],[],[],[],[],[],[],[],[],[],[],[],[],[],[],[],[],[],[],[],[],[],[],[],[],[],[],[],[],[],[],[],[],[],[],[],[],[],[],[],[],[],[],[],[],[]],"neow_cost":"NONE","improvable_cards":{"RitualDagger":[57]},"seed_source_timestamp":34042591480251,"shop_contents":[{"floor":5,"relics":["Pen Nib","Meat on the Bone"],"cards":["Rebound","Skim","Coolheaded","Heatsinks","Swift Strike","Metamorphosis"],"potions":["Block Potion","FearPotion","Regen Potion"]},{"floor":21,"relics":["Tiny Chest"],"cards":["Sunder","Multi-Cast","Darkness","Capacitor","Thinking Ahead"],"potions":["GamblersBrew","SmokeBomb","EssenceOfSteel"]},{"floor":27,"relics":["Juzu Bracelet","Bottled Tornado"],"cards":["Barrage","Cold Snap","Hologram","Storm","Trip","Chrysalis"],"potions":["BlessingOfTheForge","Dexterity Potion","ColorlessPotion"]},{"floor":37,"relics":["Mango"],"cards":["Gash","Leap","Capacitor","Bandage Up","The Bomb"],"potions":["FearPotion","SneckoOil","Block Potion"]},{"floor":48,"relics":["Lantern","Whetstone","TheAbacus"],"cards":["Core Surge","Sweeping Beam","Leap","Rainbow","Purity"],"potions":["Weak Potion","LiquidBronze","BlessingOfTheForge"]}],"circlet_count":0,"master_deck":["AscendersBane","Dualcast","Doom and Gloom+1","Cold Snap","Steam","Cold Snap","Sunder+1","Lockon+1","Biased Cognition","White Noise","Hyperbeam","All For One","White Noise","Multi-Cast","Sunder","Glacier","Turbo","RitualDagger","Beam Cell+1","Discovery","Hologram","Beam Cell+1","Seek+1","Heatsinks+1","Double Energy","White Noise","Seek+1","Hologram+1","Reprogram","Self Repair","Streamline+1","Conserve Battery+1","Aggregate","Rebound+1","Steam","FTL","Stack","Hello World","Reinforced Body","Madness","Madness","Conserve Battery","Compile Driver","Apotheosis","Echo Form"],"potion_use_per_floor":[[],[],[],["Block Potion"],[],[],["BlessingOfTheForge"],[],[],[],[],[],[],[],[],[],[],[],[],[],[],[],[],["ColorlessPotion"],[],[],[],[],[],[],[],[],[],[],[],[],[],[],[],["Swift Potion","PowerPotion"],[],[],[],[],[],[],[],[],[],["SpeedPotion"],["Energy Potion"]],"relics":["Cracked Core","Membership Card","CeramicFish","Centennial Puzzle","Art of War","Strawberry","Pandora\u0027s Box","Bronze Scales","Akabeko","Sling","Blood Vial","Happy Flower","Lee\u0027s Waffle","Toy Ornithopter","Coffee Dripper","Orrery","Nunchaku","Sundial","TungstenRod"],"potions_floor_usage":[4,7,24,40,40,50,51],"damage_taken":[{"damage":6,"enemies":"Cultist","floor":1,"turns":3},{"damage":15,"enemies":"Small Slimes","floor":2,"turns":4},{"damage":1,"enemies":"2 Louse","floor":3,"turns":2},{"damage":11,"enemies":"Exordium Thugs","floor":4,"turns":5},{"damage":6,"enemies":"Gremlin Nob","floor":7,"turns":3},{"damage":9,"enemies":"3 Sentries","floor":11,"turns":7},{"damage":8,"enemies":"Lagavulin","floor":13,"turns":4},{"damage":7,"enemies":"Blue Slaver","floor":14,"turns":2},{"damage":8,"enemies":"Hexaghost","floor":16,"turns":6},{"damage":13,"enemies":"Spheric Guardian","floor":18,"turns":4},{"damage":13,"enemies":"Shell Parasite","floor":22,"turns":6},{"damage":7,"enemies":"Slavers","floor":24,"turns":2},{"damage":0,"enemies":"3 Cultists","floor":28,"turns":2},{"damage":5,"enemies":"Book of Stabbing","floor":29,"turns":4},{"damage":12,"enemies":"Snake Plant","floor":30,"turns":3},{"damage":14,"enemies":"Centurion and Healer","floor":31,"turns":7},{"damage":52,"enemies":"Collector","floor":33,"turns":8},{"damage":0,"enemies":"3 Shapes","floor":35,"turns":5},{"damage":10,"enemies":"3 Darklings","floor":36,"turns":3},{"damage":8,"enemies":"Writhing Mass","floor":38,"turns":5},{"damage":7,"enemies":"Spire Growth","floor":39,"turns":3},{"damage":34,"enemies":"Giant Head","floor":40,"turns":7},{"damage":9,"enemies":"Maw","floor":44,"turns":8},{"damage":0,"enemies":"Sphere and 2 Shapes","floor":46,"turns":16},{"damage":0,"enemies":"Mind Bloom Boss Battle","floor":47,"turns":5},{"damage":39,"enemies":"Time Eater","floor":50,"turns":7},{"damage":23,"enemies":"Awakened One","floor":51,"turns":1}],"green_key_taken_log":40,"seed_played":"-1195974807485975515","neow_bonus_log":{"cardsObtained":[],"cardsUpgraded":[],"cardsRemoved":[],"cardsTransformed":[],"relicsObtained":[],"maxHpGained":0,"goldGained":100,"damageTaken":0,"goldLost":0,"maxHpLost":0},"potions_obtained":[{"floor":1,"key":"BlessingOfTheForge"},{"floor":2,"key":"Block Potion"},{"floor":7,"key":"EssenceOfDarkness"},{"floor":14,"key":"ColorlessPotion"},{"floor":24,"key":"Dexterity Potion"},{"floor":28,"key":"Swift Potion"},{"floor":39,"key":"PowerPotion"},{"floor":40,"key":"Energy Potion"},{"floor":46,"key":"SpeedPotion"}],"is_trial":false,"path_per_floor":["M","M","M","M","$","R","E","R","T","R","E","?","E","M","R","B",null,"M","T","?","$","M","R","E","?","T","$","M","E","M","M","R","B",null,"M","M","$","M","M","E","?","R","T","M","R","M","?","$","R","B","B"],"character_chosen":"DEFECT","basemod:card_modifiers":[null,null,null,null,null,null,null,null,null,null,null,null,null,null,null,null,null,null,null,null,null,null,null,null,null,null,null,null,null,null,null,null,null,null,null,null,null,null,null,null,null,null,null,null,null],"items_purchased":["Membership Card","Sunder","Beam Cell","Akabeko","Sling","Discovery","Lee\u0027s Waffle","Seek","Orrery","Nunchaku","Steam","FTL","Apotheosis","Echo Form"],"campfire_rested":1,"item_purchase_floors":[5,5,21,21,21,21,27,27,37,37,37,37,48,48],"current_hp_per_floor":[58,43,42,31,31,52,46,46,46,46,37,37,36,29,29,21,64,51,51,45,45,32,32,25,13,13,85,85,80,70,58,58,8,66,68,60,60,61,56,41,26,26,26,26,26,35,44,44,44,12,0],"gold":57,"neow_bonus":"HUNDRED_GOLD","is_prod":false,"is_daily":false,"rewards_skipped":[{"floor":29,"relics":[],"potions":["Dexterity Potion"]},{"floor":31,"relics":[],"potions":["Energy Potion"]},{"floor":35,"relics":[],"potions":["FearPotion"]}],"chose_seed":false,"campfire_upgraded":7,"win_rate":0,"floor_exit_playtime":[106,334,378,554,658,665,868,874,877,936,1036,1074,1231,1261,1329,1564,1628,1716,1722,1739,1849,1968,2057,2179,2218,2222,2310,2348,2480,2599,2727,2757,3036,3072,3198,3370,3535,3692,3827,4138,4166,4174,4178,4516,4535,4788,5042,5142,5163,7377],"timestamp":1678849387,"blue_key_relic_skipped_log":{"floor":43,"relicID":"Calipers"},"path_taken":["M","M","?","M","$","R","E","R","T","R","E","?","E","M","R","BOSS","M","?","?","$","M","R","E","?","T","$","M","E","?","M","R","BOSS","M","M","$","M","M","E","?","R","T","M","R","M","?","$","R","BOSS","BOSS"],"build_version":"2022-12-18","purchased_purges":3,"victory":false,"max_hp_per_floor":[71,71,71,71,71,71,71,71,71,71,71,71,78,78,78,78,78,78,78,78,78,78,78,78,78,78,85,85,85,85,85,85,85,85,85,85,85,85,85,85,85,85,85,85,85,85,85,85,85,85,85],"relic_stats":{"Lee\u0027s Waffle":72,"Happy Flower":[28],"counters":[27,132],"CeramicFish":351,"Blood Vial":26,"Centennial Puzzle":[51],"Nunchaku":[7],"Sundial":[2],"Bronze Scales":[204],"Pandora\u0027s Box":["All For One","Sunder","White Noise","Multi-Cast","Sunder","Glacier"],"Art of War":[32],"Membership Card":1018,"obtain_stats":[{"Lee\u0027s Waffle":27,"Happy Flower":26,"CeramicFish":7,"Sling":21,"Akabeko":21,"Blood Vial":24,"Centennial Puzzle":9,"Nunchaku":37,"Sundial":40,"Strawberry":13,"Bronze Scales":19,"Orrery":37,"Pandora\u0027s Box":17,"Art of War":11,"Coffee Dripper":34,"Membership Card":5,"Cracked Core":0,"Toy Ornithopter":29,"TungstenRod":47},{"Lee\u0027s Waffle":12,"Happy Flower":12,"CeramicFish":5,"Sling":10,"Akabeko":10,"Blood Vial":12,"Centennial Puzzle":5,"Nunchaku":19,"Sundial":22,"Strawberry":7,"Bronze Scales":10,"Orrery":19,"Pandora\u0027s Box":9,"Art of War":6,"Coffee Dripper":17,"Membership Card":4,"Cracked Core":0,"Toy Ornithopter":14,"TungstenRod":25},{"Lee\u0027s Waffle":48,"Happy Flower":48,"CeramicFish":17,"Sling":40,"Akabeko":40,"Blood Vial":48,"Centennial Puzzle":17,"Nunchaku":80,"Sundial":95,"Strawberry":28,"Bronze Scales":40,"Orrery":80,"Pandora\u0027s Box":36,"Art of War":24,"Coffee Dripper":72,"Membership Card":14,"Cracked Core":0,"Toy Ornithopter":54,"TungstenRod":124}],"Toy Ornithopter":20,"TungstenRod":3},"card_choices":[{"not_picked":["Coolheaded","Force Field"],"picked":"Doom and Gloom","floor":1},{"not_picked":["Conserve Battery","Compile Driver"],"picked":"Cold Snap","floor":2},{"not_picked":["Redo","Gash"],"picked":"Steam","floor":3},{"not_picked":["Stack","Compile Driver"],"picked":"Cold Snap","floor":4},{"not_picked":["FTL","Conserve Battery"],"picked":"Lockon","floor":7},{"not_picked":["Undo","Blizzard"],"picked":"Biased Cognition","floor":11},{"not_picked":["Rebound","Blizzard"],"picked":"White Noise","floor":13},{"not_picked":["Barrage","Steam","Ball Lightning"],"picked":"SKIP","floor":14},{"not_picked":["Amplify","Thunder Strike"],"picked":"Hyperbeam","floor":16},{"not_picked":["Reprogram","Capacitor"],"picked":"Turbo","floor":18},{"not_picked":["Force Field","Coolheaded"],"picked":"Hologram","floor":22},{"not_picked":["Hologram","Chaos+1"],"picked":"Beam Cell+1","floor":24},{"not_picked":["Ball Lightning","Rip and Tear","Scrape+1"],"picked":"SKIP","floor":28},{"not_picked":["Barrage","Tempest"],"picked":"Heatsinks","floor":29},{"not_picked":["Sunder","Melter"],"picked":"Double Energy","floor":30},{"not_picked":["Sunder+1","Sweeping Beam"],"picked":"White Noise","floor":31},{"not_picked":["Creative AI","Machine Learning"],"picked":"Seek","floor":33},{"not_picked":["Chaos","Sweeping Beam"],"picked":"Hologram+1","floor":35},{"not_picked":["Beam Cell","Barrage+1"],"picked":"Reprogram","floor":36},{"not_picked":["Chill","Static Discharge"],"picked":"Self Repair","floor":37},{"not_picked":["Chill","BootSequence+1"],"picked":"Streamline+1","floor":37},{"not_picked":["Coolheaded","Beam Cell+1"],"picked":"Conserve Battery+1","floor":37},{"not_picked":["Leap","Fusion"],"picked":"Aggregate","floor":37},{"not_picked":["Sweeping Beam","Biased Cognition"],"picked":"Rebound+1","floor":37},{"not_picked":["White Noise","Redo"],"picked":"Stack","floor":38},{"not_picked":["Capacitor","Redo+1"],"picked":"Hello World","floor":39},{"not_picked":["Heatsinks","Chill"],"picked":"Reinforced Body","floor":40},{"not_picked":["Melter","Streamline+1","Double Energy+1"],"picked":"SKIP","floor":44},{"not_picked":["Loop","Ball Lightning"],"picked":"Conserve Battery","floor":46},{"not_picked":["Leap","Rebound"],"picked":"Compile Driver","floor":47}],"player_experience":5390075,"relics_obtained":[{"floor":7,"key":"CeramicFish"},{"floor":9,"key":"Centennial Puzzle"},{"floor":11,"key":"Art of War"},{"floor":13,"key":"Strawberry"},{"floor":19,"key":"Bronze Scales"},{"floor":24,"key":"Blood Vial"},{"floor":26,"key":"Happy Flower"},{"floor":29,"key":"Toy Ornithopter"},{"floor":40,"key":"Sundial"},{"floor":47,"key":"TungstenRod"}],"event_choices":[{"cards_removed":["Strike_B"],"damage_healed":0,"gold_gain":0,"player_choice":"Purged","damage_taken":0,"max_hp_gain":0,"max_hp_loss":0,"event_name":"Purifier","floor":12,"gold_loss":0},{"damage_healed":0,"gold_gain":0,"player_choice":"Joined the Cult","damage_taken":6,"max_hp_gain":0,"max_hp_loss":0,"event_name":"Nest","floor":20,"gold_loss":0,"cards_obtained":["RitualDagger"]},{"damage_healed":0,"gold_gain":90,"player_choice":"GOLD ","damage_taken":12,"max_hp_gain":0,"max_hp_loss":0,"event_name":"Knowing Skull","floor":25,"potions_obtained":[],"gold_loss":0,"cards_obtained":[]},{"damage_healed":0,"gold_gain":0,"player_choice":"Embrace Madness","damage_taken":15,"max_hp_gain":0,"max_hp_loss":0,"event_name":"Winding Halls","floor":41,"gold_loss":0,"cards_obtained":["Madness","Madness"]},{"damage_healed":0,"gold_gain":0,"player_choice":"Fight","damage_taken":0,"max_hp_gain":0,"max_hp_loss":0,"event_name":"MindBloom","floor":47,"gold_loss":0}],"is_beta":false,"boss_relics":[{"not_picked":["Black Star","FrozenCore"],"picked":"Pandora\u0027s Box"},{"not_picked":["SacredBark","Empty Cage"],"picked":"Coffee Dripper"}],"items_purged_floors":[5,21,27],"is_endless":false,"potions_floor_spawned":[1,2,7,14,24,28,29,31,35,39,40,46],"killed_by":"Awakened One","ascension_level":20,"potion_discard_per_floor":[[],[],[],[],[],[],[],[],[],[],[],[],[],[],[],[],[],[],[],[],[],[],[],[],[],[],[],["Dexterity Potion"],[],[],[],[],[],[],[],[],[],[],["EssenceOfDarkness"],[],[],[],[],[],[],[],[],[],[],[],[]]}