{"neow_bonuses_skipped_log":["ONE_RANDOM_RARE_CARD","HUNDRED_GOLD","BOSS_RELIC"],"potions_obtained_entropic_brew":[[],[],[],[],[],[],[],[],[],[],[],[],["BlessingOfTheForge"],[],[],[],[],[],[],[],[],[],[],[],[],[],[],[],[],[],[],[],[],[],[],[],[],[],[],[],[],[],[],[],[],[],[],[],[],[],[],[],[],[],[],[],[]],"neow_costs_skipped_log":["NONE","NONE","NONE"],"gold_per_floor":[111,111,124,147,59,59,74,95,118,159,159,197,221,241,241,331,331,355,355,391,9,9,9,52,52,52,52,52,75,89,109,109,207,207,223,242,84,107,127,168,168,184,238,238,238,261,261,295,295,295,295,295,295,26,69,69],"floor_reached":57,"playtime":9770,"items_purged":["Defend_B"],"score":3288,"play_id":"e8510cd3-67d9-470c-873d-236c3aaf3413","local_time":"20230318201757","score_breakdown":["Floors Climbed (57): 285","Enemies Slain (17): 34","Exordium Elites Killed (2): 20","City Elites Killed (1): 20","Beyond Elites Killed (2): 60","Bosses Slain (5): 750","Money Money (1007): 25","Librarian: 25","Champion (3): 75","Beyond Perfect: 200","Overkill: 25","C-c-c-combo: 25","Ascension (20): 1494","Heartbreaker: 250"],"is_ascension_mode":true,"potions_obtained_alchemize":[[],[],[],[],[],[],[],[],[],[],[],[],[],[],[],[],[],[],[],[],[],[],[],[],[],[],[],[],[],[],[],[],[],[],[],[],[],[],[],[],[],[],[],[],[],[],[],[],[],[],[],[],[],[],[],[],[]],"campfire_choices":[{"data":"Beam Cell","floor":6,"key":"SMITH"},{"data":"Turbo","floor":11,"key":"SMITH"},{"data":"Zap","floor":15,"key":"SMITH"},{"data":"Buffer","floor":23,"key":"SMITH"},{"data":"Hologram","floor":25,"key":"SMITH"},{"data":"Darkness","floor":28,"key":"SMITH"},{"floor":32,"key":"REST"},{"data":"Seek","floor":41,"key":"SMITH"},{"data":"Aggregate","floor":45,"key":"SMITH"},{"floor":49,"key":"RECALL"},{"data":"Recycle","floor":53,"key":"SMITH"}],"lesson_learned_per_floor":[[],[],[],[],[],[],[],[],[],[],[],[],[],[],[],[],[],[],[],[],[],[],[],[],[],[],[],[],[],[],[],[],[],[],[],[],[],[],[],[],[],[],[],[],[],[],[],[],[],[],[],[],[],[],[],[],[]],"neow_cost":"TEN_PERCENT_HP_LOSS","improvable_cards":{"Genetic Algorithm+1":[64],"Genetic Algorithm":[66]},"seed_source_timestamp":14634612262029,"shop_contents":[{"floor":5,"relics":["Centennial Puzzle","Gremlin Horn","Cauldron"],"cards":["Streamline","Barrage","Force Field","Consume","Deep Breath","Magnetism"],"potions":["Strength Potion","SpeedPotion","Fruit Juice"]},{"floor":21,"relics":["Ginger","Regal Pillow"],"cards":["Sweeping Beam","Cold Snap","Steam","Hello World","Dramatic Entrance","HandOfGreed"],"potions":["SmokeBomb","FearPotion"]},{"floor":37,"relics":["Bag of Marbles","Sling"],"cards":["Rebound","Rip and Tear","Hologram","White Noise","Loop","Blind","Transmutation"],"potions":["Ancient Potion","Energy Potion","SteroidPotion"]},{"floor":54,"relics":["Bottled Flame","InkBottle"],"cards":["Go for the Eyes","Barrage","Undo","Aggregate","Capacitor","The Bomb"],"potions":["SteroidPotion","EntropicBrew","Explosive Potion"]}],"circlet_count":0,"master_deck":["AscendersBane","Zap+1","Dualcast","Genetic Algorithm","White Noise","Conserve Battery","Undo","Beam Cell+1","Hello World","BootSequence","Turbo+1","Darkness+1","Lockon","All For One","Rainbow","Genetic Algorithm+1","Reboot+1","Heatsinks+1","Steam+1","Chill","Heatsinks","Buffer+1","Hologram+1","Writhe","Hologram+1","Gash","Leap+1","Seek+1","Recycle+1","Compile Driver","Glacier","Compile Driver","Aggregate+1","Finesse","Madness","Aggregate+1","Chaos+1","Cold Snap+1","Blind","Buffer"],"potion_use_per_floor":[[],[],[],[],[],[],[],[],[],[],[],[],["EntropicBrew"],[],[],[],[],[],[],["FocusPotion","LiquidMemories"],[],[],[],[],[],[],[],[],[],[],[],[],["FocusPotion"],[],[],[],[],[],["SkillPotion"],[],[],[],[],[],[],[],[],[],[],[],[],[],[],[],["DistilledChaos"],["FocusPotion"],[]],"relics":["Cracked Core","Golden Idol","Oddly Smooth Stone","Bronze Scales","Ancient Tea Set","Astrolabe","Red Mask","Toolbox","Orichalcum","Vajra","Boot","Runic Pyramid","Happy Flower","PreservedInsect","Singing Bowl","Orrery","Bottled Tornado"],"potions_floor_usage":[13,20,20,33,39,55,56],"damage_taken":[{"damage":0,"enemies":"2 Louse","floor":1,"turns":2},{"damage":0,"enemies":"Small Slimes","floor":3,"turns":2},{"damage":7,"enemies":"Jaw Worm","floor":4,"turns":3},{"damage":1,"enemies":"3 Louse","floor":7,"turns":4},{"damage":0,"enemies":"Blue Slaver","floor":8,"turns":5},{"damage":9,"enemies":"3 Sentries","floor":10,"turns":8},{"damage":2,"enemies":"Lagavulin","floor":12,"turns":8},{"damage":0,"enemies":"Looter","floor":13,"turns":3},{"damage":0,"enemies":"Gremlin Gang","floor":14,"turns":4},{"damage":30,"enemies":"Slime Boss","floor":16,"turns":8},{"damage":7,"enemies":"2 Thieves","floor":18,"turns":5},{"damage":15,"enemies":"Masked Bandits","floor":20,"turns":4},{"damage":0,"enemies":"Book of Stabbing","floor":24,"turns":4},{"damage":0,"enemies":"Chosen","floor":29,"turns":6},{"damage":8,"enemies":"Shelled Parasite and Fungi","floor":30,"turns":6},{"damage":0,"enemies":"Snake Plant","floor":31,"turns":5},{"damage":0,"enemies":"Champ","floor":33,"turns":12},{"damage":0,"enemies":"3 Shapes","floor":35,"turns":6},{"damage":0,"enemies":"3 Darklings","floor":36,"turns":5},{"damage":0,"enemies":"Maw","floor":38,"turns":8},{"damage":9,"enemies":"Transient","floor":39,"turns":6},{"damage":1,"enemies":"Reptomancer","floor":40,"turns":8},{"damage":0,"enemies":"Jaw Worm Horde","floor":42,"turns":6},{"damage":0,"enemies":"Sphere and 2 Shapes","floor":46,"turns":7},{"damage":0,"enemies":"Giant Head","floor":48,"turns":8},{"damage":0,"enemies":"Time Eater","floor":50,"turns":8},{"damage":0,"enemies":"Donu and Deca","floor":51,"turns":14},{"damage":0,"enemies":"Shield and Spear","floor":55,"turns":6},{"damage":44,"enemies":"The Heart","floor":56,"turns":8}],"green_key_taken_log":40,"seed_played":"8452313720536478272","neow_bonus_log":{"cardsObtained":["Genetic Algorithm","White Noise"],"cardsUpgraded":[],"cardsRemoved":[],"cardsTransformed":["Strike_B","Defend_B"],"relicsObtained":[],"maxHpGained":0,"goldGained":0,"damageTaken":0,"goldLost":0,"maxHpLost":7},"potions_obtained":[{"floor":3,"key":"GamblersBrew"},{"floor":4,"key":"SpeedPotion"},{"floor":12,"key":"EntropicBrew"},{"floor":13,"key":"LiquidMemories"},{"floor":16,"key":"FocusPotion"},{"floor":20,"key":"SkillPotion"},{"floor":31,"key":"FocusPotion"},{"floor":33,"key":"LiquidBronze"},{"floor":35,"key":"SkillPotion"},{"floor":39,"key":"DistilledChaos"}],"is_trial":false,"path_per_floor":["M","?","M","M","$","R","M","M","T","E","R","E","M","M","R","B",null,"M","?","?","$","?","R","E","R","T","?","R","M","M","M","R","B",null,"M","M","$","M","M","E","R","M","T","?","R","M","?","E","R","B","B",null,"R","$","E","B",null],"character_chosen":"DEFECT","basemod:card_modifiers":[null,null,null,null,null,null,null,null,null,null,null,null,null,null,null,null,null,null,null,null,null,null,null,null,null,null,null,null,null,null,null,null,null,null,null,null,null,null,null,null],"items_purchased":["Hello World","Toolbox","FocusPotion","Chill","Happy Flower","Orrery","Blind"],"campfire_rested":1,"item_purchase_floors":[5,21,21,21,37,54,54],"current_hp_per_floor":[64,58,58,51,51,51,50,50,50,41,41,39,39,39,39,9,46,39,39,24,24,24,24,24,24,24,24,24,24,16,16,33,33,52,52,52,52,52,43,42,42,42,42,42,42,42,32,34,34,34,34,54,54,58,58,14],"gold":69,"neow_bonus":"TRANSFORM_TWO_CARDS","is_prod":false,"is_daily":false,"rewards_skipped":[{"floor":14,"relics":[],"potions":["ColorlessPotion"]},{"floor":29,"relics":[],"potions":["AttackPotion"]},{"floor":40,"relics":[],"potions":["FearPotion"]},{"floor":44,"relics":[],"potions":["ColorlessPotion","FearPotion"]},{"floor":46,"relics":[],"potions":["Energy Potion"]}],"chose_seed":false,"campfire_upgraded":9,"win_rate":0,"floor_exit_playtime":[181,238,299,392,439,445,610,696,702,883,896,1063,1118,1209,1266,1514,1713,1916,1923,2220,2362,2391,2452,2747,2862,3021,3064,3081,3330,3554,3793,3807,4172,4199,4332,4690,4809,5087,5346,5778,5789,6015,6021,6029,6047,6275,6514,6749,6753,7151,7754,7766,7801,8010,8615,9770],"timestamp":1679185077,"blue_key_relic_skipped_log":{"floor":43,"relicID":"Anchor"},"path_taken":["M","?","M","M","$","R","M","M","T","E","R","E","M","M","R","BOSS","M","?","?","$","?","R","E","R","T","?","R","M","?","M","R","BOSS","M","M","$","M","M","E","R","M","T","?","R","?","?","E","R","BOSS","BOSS","R","$","E","BOSS"],"build_version":"2022-12-18","purchased_purges":1,"victory":true,"max_hp_per_floor":[64,58,58,58,58,58,58,58,58,58,58,58,58,58,58,58,58,58,58,58,58,58,58,58,58,58,58,58,58,58,58,58,58,58,58,58,58,58,58,58,58,58,58,58,58,58,58,60,60,60,60,60,60,64,64,64],"relic_stats":{"Happy Flower":[26],"Singing Bowl":6,"counters":[29,179],"Golden Idol":216,"Bronze Scales":[552],"Astrolabe":["Genetic Algorithm","Reboot","Heatsinks"],"PreservedInsect":207,"Orichalcum":[42],"Bottled Tornado":"Heatsinks","Ancient Tea Set":[16],"Boot":[72],"obtain_stats":[{"Happy Flower":37,"Singing Bowl":48,"Golden Idol":2,"Astrolabe":17,"Oddly Smooth Stone":9,"Vajra":26,"PreservedInsect":40,"Orichalcum":24,"Bottled Tornado":55,"Ancient Tea Set":12,"Boot":27,"Bronze Scales":10,"Toolbox":21,"Orrery":54,"Red Mask":20,"Cracked Core":0,"Runic Pyramid":34},{"Happy Flower":19,"Singing Bowl":25,"Golden Idol":1,"Astrolabe":10,"Oddly Smooth Stone":5,"Vajra":13,"PreservedInsect":22,"Orichalcum":13,"Bottled Tornado":28,"Ancient Tea Set":7,"Boot":13,"Bronze Scales":6,"Toolbox":12,"Orrery":27,"Red Mask":12,"Cracked Core":0,"Runic Pyramid":17},{"Happy Flower":100,"Singing Bowl":143,"Golden Idol":2,"Astrolabe":47,"Oddly Smooth Stone":16,"Vajra":60,"PreservedInsect":122,"Orichalcum":60,"Bottled Tornado":171,"Ancient Tea Set":32,"Boot":60,"Bronze Scales":24,"Toolbox":56,"Orrery":165,"Red Mask":56,"Cracked Core":0,"Runic Pyramid":89}]},"card_choices":[{"not_picked":["Coolheaded","Barrage"],"picked":"Conserve Battery","floor":1},{"not_picked":["Gash","Chaos"],"picked":"Undo","floor":3},{"not_picked":["Barrage","Gash"],"picked":"Beam Cell","floor":4},{"not_picked":["Leap","White Noise","Stack"],"picked":"SKIP","floor":7},{"not_picked":["Leap","White Noise","Stack"],"picked":"SKIP","floor":7},{"not_picked":["Leap","White Noise","Stack"],"picked":"SKIP","floor":7},{"not_picked":["Recycle","Turbo"],"picked":"BootSequence","floor":8},{"not_picked":["Undo","Stack"],"picked":"Turbo","floor":10},{"not_picked":["Conserve Battery","Static Discharge"],"picked":"Darkness","floor":12},{"not_picked":["Chaos","BootSequence"],"picked":"Lockon","floor":13},{"not_picked":["BootSequence","Barrage"],"picked":"All For One","floor":14},{"not_picked":["Reboot","Machine Learning"],"picked":"Rainbow","floor":16},{"not_picked":["Tempest","Lockon","Reinforced Body"],"picked":"SKIP","floor":18},{"not_picked":["Tempest","Lockon","Reinforced Body"],"picked":"SKIP","floor":18},{"not_picked":["Recycle","Rebound"],"picked":"Steam+1","floor":20},{"not_picked":["Meteor Strike","Turbo"],"picked":"Hologram","floor":24},{"not_picked":["Gash","Turbo"],"picked":"Hologram+1","floor":29},{"not_picked":["Melter","Streamline"],"picked":"Gash","floor":30},{"not_picked":["Sweeping Beam","Stack"],"picked":"Leap+1","floor":31},{"not_picked":["All For One","Rainbow"],"picked":"Seek","floor":33},{"not_picked":["Blizzard","Reinforced Body+1"],"picked":"Recycle","floor":35},{"not_picked":["Barrage","Stack"],"picked":"Compile Driver","floor":36},{"not_picked":["White Noise","Ball Lightning"],"picked":"Glacier","floor":38},{"not_picked":["Stack+1","Rebound"],"picked":"Compile Driver","floor":39},{"not_picked":["Leap","Cold Snap"],"picked":"Aggregate","floor":40},{"not_picked":["Cold Snap","Recycle","Heatsinks+1"],"picked":"SKIP","floor":42},{"not_picked":["Cold Snap","Recycle","Heatsinks+1"],"picked":"SKIP","floor":42},{"not_picked":["Compile Driver","FTL","Auto Shields"],"picked":"SKIP","floor":46},{"not_picked":["Deep Breath","Dramatic Entrance"],"picked":"Finesse","floor":47},{"not_picked":["PanicButton","Master of Strategy"],"picked":"Madness","floor":47},{"not_picked":["Mayhem","Enlightenment","Forethought"],"picked":"SKIP","floor":47},{"not_picked":["Compile Driver","Rainbow","Gash"],"picked":"Singing Bowl","floor":48},{"not_picked":["Steam+1","Cold Snap+1"],"picked":"Aggregate+1","floor":54},{"not_picked":["Conserve Battery","Stack"],"picked":"Chaos+1","floor":54},{"not_picked":["Steam+1","Storm"],"picked":"Cold Snap+1","floor":54},{"not_picked":["Melter","Ball Lightning","Sunder"],"picked":"Singing Bowl","floor":54},{"not_picked":["Cold Snap","Ball Lightning","Steam"],"picked":"Singing Bowl","floor":54},{"not_picked":["Ball Lightning+1","Barrage+1"],"picked":"Buffer","floor":55}],"player_experience":5406360,"relics_obtained":[{"floor":9,"key":"Oddly Smooth Stone"},{"floor":10,"key":"Bronze Scales"},{"floor":12,"key":"Ancient Tea Set"},{"floor":20,"key":"Red Mask"},{"floor":24,"key":"Orichalcum"},{"floor":26,"key":"Vajra"},{"floor":40,"key":"PreservedInsect"},{"floor":48,"key":"Singing Bowl"},{"floor":55,"key":"Bottled Tornado"}],"event_choices":[{"damage_healed":0,"gold_gain":0,"player_choice":"Lose Max HP","damage_taken":0,"relics_obtained":["Golden Idol"],"max_hp_gain":0,"max_hp_loss":6,"event_name":"Golden Idol","floor":2,"gold_loss":0},{"damage_healed":0,"gold_gain":0,"player_choice":"Ignored","damage_taken":0,"max_hp_gain":0,"max_hp_loss":0,"event_name":"Vampires","floor":19,"gold_loss":0},{"damage_healed":0,"gold_gain":0,"player_choice":"Fought Bandits","damage_taken":0,"max_hp_gain":0,"max_hp_loss":0,"event_name":"Masked Bandits","floor":20,"gold_loss":0},{"damage_healed":0,"gold_gain":0,"cards_transformed":["Defend_B","Defend_B"],"player_choice":"Became Test Subject","damage_taken":0,"max_hp_gain":0,"max_hp_loss":0,"event_name":"Drug Dealer","floor":22,"gold_loss":0,"cards_obtained":["Heatsinks","Buffer"]},{"damage_healed":0,"gold_gain":0,"player_choice":"Opened","damage_taken":0,"relics_obtained":["Boot"],"max_hp_gain":0,"max_hp_loss":0,"event_name":"The Mausoleum","floor":27,"gold_loss":0,"cards_obtained":["Writhe"]},{"damage_healed":0,"gold_gain":0,"player_choice":"Got Potions","damage_taken":0,"max_hp_gain":0,"max_hp_loss":0,"event_name":"Lab","floor":44,"gold_loss":0},{"damage_healed":0,"gold_gain":0,"player_choice":"Memory 3","damage_taken":10,"max_hp_gain":0,"max_hp_loss":0,"event_name":"SensoryStone","floor":47,"gold_loss":0}],"is_beta":false,"boss_relics":[{"not_picked":["FrozenCore","Nuclear Battery"],"picked":"Astrolabe"},{"not_picked":["Runic Dome","Sozu"],"picked":"Runic Pyramid"}],"items_purged_floors":[21],"is_endless":false,"potions_floor_spawned":[3,4,12,13,14,16,20,29,31,33,35,39,40,46],"ascension_level":20,"potion_discard_per_floor":[[],[],[],[],[],[],[],[],[],[],[],["SpeedPotion"],["BlessingOfTheForge"],[],[],["GamblersBrew"],[],[],[],[],[],[],[],[],[],[],[],[],[],[],["SkillPotion"],[],[],[],["LiquidBronze"],[],[],[],[],[],[],[],[],[],[],[],[],[],[],[],[],[],[],[],[],[],[]]}