{"neow_bonuses_skipped_log":["UPGRADE_CARD","RANDOM_COMMON_RELIC","TWENTY_PERCENT_HP_BONUS"],"neow_costs_skipped_log":["NONE","NONE","PERCENT_DAMAGE"],"potions_obtained_entropic_brew":[[],[],[],[],[],[],[],[],[],[],[],[],[],[],[],[],[],[],[],[],[],[],[],[],[],[],[],[],[],[],[],[],[],[],[],[],[],[],[],[],[],[],[],[],[],[],[],[],[],[],[],[],[],[],[],[],[]],"gold_per_floor":[110,121,133,152,152,182,182,182,235,255,255,290,304,316,316,394,394,404,416,416,47,64,64,99,123,148,160,160,160,187,221,221,309,309,319,334,334,76,98,128,128,162,187,214,214,214,250,261,261,261,261,261,261,47,80,80],"floor_reached":57,"playtime":5222,"items_purged":["Melter","Zap"],"score":3392,"play_id":"dc822917-2617-4554-ba5c-7337243f9081","local_time":"20230325194707","score_breakdown":["Floors Climbed (57): 285","Enemies Slain (18): 36","Exordium Elites Killed (2): 20","City Elites Killed (2): 40","Beyond Elites Killed (3): 90","Bosses Slain (5): 750","Champion (5): 125","Beyond Perfect: 200","Overkill: 25","Ascension (20): 1571","Heartbreaker: 250"],"is_ascension_mode":true,"potions_obtained_alchemize":[[],[],[],[],[],[],[],[],[],[],[],[],[],[],[],[],[],[],[],[],[],[],[],[],[],[],[],[],[],[],[],[],[],[],[],[],[],[],[],[],[],[],[],[],[],[],[],[],[],[],[],[],[],[],[],[],[]],"campfire_choices":[{"data":"Darkness","floor":8,"key":"SMITH"},{"data":"Biased Cognition","floor":15,"key":"SMITH"},{"data":"Coolheaded","floor":23,"key":"SMITH"},{"data":"Coolheaded","floor":29,"key":"SMITH"},{"data":"Seek","floor":32,"key":"SMITH"},{"floor":41,"key":"RECALL"},{"data":"Hologram","floor":46,"key":"SMITH"},{"data":"Hologram","floor":49,"key":"SMITH"},{"data":"Echo Form","floor":53,"key":"SMITH"}],"lesson_learned_per_floor":[[],[],[],[],[],[],[],[],[],[],[],[],[],[],[],[],[],[],[],[],[],[],[],[],[],[],[],[],[],[],[],[],[],[],[],[],[],[],[],[],[],[],[],[],[],[],[],[],[],[],[],[],[],[],[],[],[]],"neow_cost":"NONE","improvable_cards":{"Genetic Algorithm":[85,85,83]},"seed_source_timestamp":24630460611112,"shop_contents":[{"floor":21,"relics":["Meat on the Bone","Bag of Marbles"],"cards":["Ball Lightning","Barrage","Consume","Defragment","Master of Strategy"],"potions":["Fruit Juice","Strength Potion","Dexterity Potion"]},{"floor":38,"relics":["Kunai","CaptainsWheel"],"cards":["Blizzard","Cold Snap","Genetic Algorithm","Chaos","Biased Cognition","Good Instincts","The Bomb"],"potions":["Strength Potion","EssenceOfSteel","EntropicBrew"]},{"floor":54,"relics":["Sundial","Thread and Needle","Chemical X"],"cards":["Scrape","Rip and Tear","Steam","Conserve Battery","Defragment","Purity","Panache"],"potions":["SteroidPotion","EntropicBrew","Fire Potion"]}],"circlet_count":0,"master_deck":["AscendersBane","Dualcast","Genetic Algorithm","Genetic Algorithm","Core Surge","Buffer+1","Darkness+1","Steam","Self Repair","Cold Snap","Undo","Biased Cognition+1","Compile Driver","Biased Cognition","Coolheaded+1","Coolheaded+1","Dark Shackles","Turbo+1","BootSequence","Heatsinks+1","Glacier","Seek+1","Echo Form+1","Genetic Algorithm","Echo Form","Hologram+1","Hologram+1"],"potion_use_per_floor":[[],[],[],["Explosive Potion"],[],[],[],[],[],[],[],[],[],[],[],[],[],[],["DuplicationPotion"],[],[],[],[],[],[],[],[],[],[],[],[],[],[],[],[],[],[],[],[],[],[],[],[],[],[],[],[],[],[],[],[],[],[],[],[],["PowerPotion","DuplicationPotion"],[]],"relics":["Pandora\u0027s Box","HornCleat","Strawberry","Bag of Preparation","Inserter","ClockworkSouvenir","CeramicFish","PreservedInsect","Enchiridion","Symbiotic Virus","Runic Pyramid","DollysMirror","The Courier","Boot","Oddly Smooth Stone","Mummified Hand","Vajra"],"potions_floor_usage":[4,19,56,56],"damage_taken":[{"damage":13,"enemies":"Small Slimes","floor":1,"turns":4},{"damage":0,"enemies":"2 Louse","floor":2,"turns":3},{"damage":0,"enemies":"Cultist","floor":3,"turns":5},{"damage":0,"enemies":"Gremlin Gang","floor":4,"turns":4},{"damage":11,"enemies":"3 Sentries","floor":6,"turns":13},{"damage":0,"enemies":"2 Fungi Beasts","floor":10,"turns":5},{"damage":0,"enemies":"Lagavulin","floor":12,"turns":8},{"damage":0,"enemies":"Looter","floor":13,"turns":4},{"damage":0,"enemies":"3 Louse","floor":14,"turns":6},{"damage":0,"enemies":"The Guardian","floor":16,"turns":13},{"damage":3,"enemies":"Shell Parasite","floor":18,"turns":7},{"damage":16,"enemies":"2 Thieves","floor":19,"turns":5},{"damage":0,"enemies":"Snecko","floor":22,"turns":11},{"damage":13,"enemies":"Slavers","floor":24,"turns":11},{"damage":0,"enemies":"Sentry and Sphere","floor":25,"turns":11},{"damage":0,"enemies":"Centurion and Healer","floor":27,"turns":10},{"damage":0,"enemies":"3 Cultists","floor":30,"turns":6},{"damage":0,"enemies":"Book of Stabbing","floor":31,"turns":10},{"damage":0,"enemies":"Automaton","floor":33,"turns":12},{"damage":0,"enemies":"3 Shapes","floor":35,"turns":10},{"damage":25,"enemies":"3 Darklings","floor":36,"turns":8},{"damage":0,"enemies":"Writhing Mass","floor":39,"turns":8},{"damage":0,"enemies":"Nemesis","floor":40,"turns":11},{"damage":0,"enemies":"Reptomancer","floor":42,"turns":5},{"damage":14,"enemies":"4 Shapes","floor":44,"turns":8},{"damage":0,"enemies":"Nemesis","floor":47,"turns":9},{"damage":0,"enemies":"Transient","floor":48,"turns":6},{"damage":0,"enemies":"Donu and Deca","floor":50,"turns":17},{"damage":23,"enemies":"Awakened One","floor":51,"turns":14},{"damage":6,"enemies":"Shield and Spear","floor":55,"turns":8},{"damage":16,"enemies":"The Heart","floor":56,"turns":9}],"green_key_taken_log":12,"seed_played":"-7129962455989801748","neow_bonus_log":{"cardsObtained":[],"cardsUpgraded":[],"cardsRemoved":[],"cardsTransformed":[],"relicsObtained":["Pandora\u0027s Box"],"maxHpGained":0,"goldGained":0,"damageTaken":0,"goldLost":0,"maxHpLost":0},"potions_obtained":[{"floor":2,"key":"DuplicationPotion"},{"floor":3,"key":"Explosive Potion"},{"floor":13,"key":"PowerPotion"},{"floor":19,"key":"Explosive Potion"},{"floor":24,"key":"LiquidMemories"},{"floor":36,"key":"DuplicationPotion"},{"floor":48,"key":"LiquidMemories"},{"floor":55,"key":"PowerPotion"}],"is_trial":false,"path_per_floor":["M","M","M","M","?","E","?","R","T","M","?","E","M","M","R","B",null,"M","M","?","$","M","R","E","M","T","M","?","R","M","E","R","B",null,"M","M","?","$","M","E","R","E","T","M","?","R","E","M","R","B","B",null,"R","$","E","B",null],"character_chosen":"DEFECT","basemod:card_modifiers":[null,null,null,null,null,null,null,null,null,null,null,null,null,null,null,null,null,null,null,null,null,null,null,null,null,null,null],"items_purchased":["ClockworkSouvenir","Coolheaded","Dark Shackles","DollysMirror","Mummified Hand"],"campfire_rested":0,"item_purchase_floors":[21,21,21,38,54],"current_hp_per_floor":[58,65,71,71,71,67,67,67,74,78,78,78,78,78,78,78,78,78,69,69,69,76,76,70,77,77,78,57,57,64,71,71,78,78,78,67,67,67,78,78,78,78,78,78,74,74,74,74,74,74,65,72,72,72,73,64],"gold":80,"neow_bonus":"BOSS_RELIC","is_prod":false,"is_daily":false,"rewards_skipped":[{"floor":16,"relics":[],"potions":["Fire Potion"]},{"floor":27,"relics":[],"potions":["Energy Potion"]},{"floor":33,"relics":[],"potions":["Fire Potion"]},{"floor":42,"relics":[],"potions":["Dexterity Potion"]},{"floor":47,"relics":[],"potions":["Swift Potion"]}],"chose_seed":false,"campfire_upgraded":8,"win_rate":0,"floor_exit_playtime":[173,315,386,434,488,602,621,654,657,720,733,827,904,987,996,1162,1245,1358,1493,1504,1615,1759,1835,2001,2117,2120,2217,2234,2248,2385,2575,2599,2849,2882,2977,3173,3185,3236,3332,3460,3465,3588,3591,3698,3704,3710,3850,3943,3959,4197,4602,4613,4626,4721,4935,5222],"timestamp":1679788027,"blue_key_relic_skipped_log":{"floor":43,"relicID":"Regal Pillow"},"path_taken":["M","M","M","M","?","E","?","R","T","M","?","E","M","?","R","BOSS","M","?","?","$","M","R","E","M","T","M","?","R","M","E","R","BOSS","M","M","?","$","?","E","R","E","T","M","?","R","E","M","R","BOSS","BOSS","R","$","E","BOSS"],"build_version":"2022-12-18","purchased_purges":2,"victory":true,"max_hp_per_floor":[71,71,71,71,71,71,71,71,78,78,78,78,78,78,78,78,78,78,78,78,78,78,78,78,78,78,78,78,78,78,78,78,78,78,78,78,78,78,78,78,78,78,78,78,74,74,74,74,74,74,74,74,74,74,74,74],"relic_stats":{"Inserter":[96],"counters":[31,261],"Mummified Hand":[25],"CeramicFish":81,"Pandora\u0027s Box":["Genetic Algorithm","Genetic Algorithm","Core Surge","Buffer","Darkness","Steam","Melter","Self Repair"],"PreservedInsect":281,"The Courier":53,"Bag of Preparation":[48],"Boot":[2],"obtain_stats":[{"Inserter":17,"CeramicFish":24,"Enchiridion":28,"Oddly Smooth Stone":47,"Vajra":55,"PreservedInsect":26,"The Courier":40,"Bag of Preparation":12,"Boot":42,"ClockworkSouvenir":21,"HornCleat":6,"DollysMirror":38,"Mummified Hand":54,"Strawberry":9,"Pandora\u0027s Box":0,"Cracked Core":0,"Symbiotic Virus":31,"Runic Pyramid":34},{"Inserter":10,"CeramicFish":14,"Enchiridion":16,"Oddly Smooth Stone":26,"Vajra":30,"PreservedInsect":15,"The Courier":23,"Bag of Preparation":7,"Boot":24,"ClockworkSouvenir":12,"HornCleat":5,"DollysMirror":21,"Mummified Hand":29,"Strawberry":5,"Pandora\u0027s Box":0,"Cracked Core":0,"Symbiotic Virus":18,"Runic Pyramid":19},{"Inserter":65,"CeramicFish":99,"Enchiridion":120,"Oddly Smooth Stone":207,"Vajra":252,"PreservedInsect":110,"The Courier":185,"Bag of Preparation":42,"Boot":190,"ClockworkSouvenir":77,"HornCleat":29,"DollysMirror":166,"Mummified Hand":244,"Strawberry":29,"Pandora\u0027s Box":0,"Cracked Core":0,"Symbiotic Virus":136,"Runic Pyramid":148}]},"card_choices":[{"not_picked":["Sweeping Beam","Go for the Eyes"],"picked":"Cold Snap","floor":1},{"not_picked":["Cold Snap","Recycle","Storm"],"picked":"SKIP","floor":2},{"not_picked":["Lockon","Steam","Turbo"],"picked":"SKIP","floor":3},{"not_picked":["Steam","Cold Snap"],"picked":"Undo","floor":4},{"not_picked":["Rip and Tear","Compile Driver"],"picked":"Biased Cognition","floor":6},{"not_picked":["Rip and Tear","Gash"],"picked":"Compile Driver","floor":10},{"not_picked":["Compile Driver","Static Discharge","Recycle"],"picked":"SKIP","floor":12},{"not_picked":["Melter","Compile Driver","Stack"],"picked":"SKIP","floor":13},{"not_picked":["Beam Cell","Conserve Battery","Leap"],"picked":"SKIP","floor":14},{"not_picked":["Creative AI","Core Surge"],"picked":"Biased Cognition","floor":16},{"not_picked":["Compile Driver","Melter","Barrage+1"],"picked":"SKIP","floor":18},{"not_picked":["Heatsinks","Consume"],"picked":"Coolheaded","floor":19},{"not_picked":["Genetic Algorithm","FTL"],"picked":"Turbo","floor":22},{"not_picked":["Amplify","Self Repair+1"],"picked":"BootSequence","floor":24},{"not_picked":["Stack","Barrage"],"picked":"Heatsinks+1","floor":25},{"not_picked":["Turbo","Chaos","Steam"],"picked":"SKIP","floor":27},{"not_picked":["Steam","Stack"],"picked":"Glacier","floor":30},{"not_picked":["Double Energy","Stack"],"picked":"Seek","floor":31},{"not_picked":["Creative AI","Rainbow"],"picked":"Echo Form","floor":33},{"not_picked":["Sweeping Beam","Heatsinks","Streamline"],"picked":"SKIP","floor":35},{"not_picked":["Self Repair","Auto Shields+1","Beam Cell"],"picked":"SKIP","floor":36},{"not_picked":["Rebound","Leap"],"picked":"Echo Form","floor":39},{"not_picked":["Beam Cell","Amplify","Steam Power"],"picked":"SKIP","floor":40},{"not_picked":["Beam Cell","Amplify","Steam Power"],"picked":"SKIP","floor":40},{"not_picked":["Coolheaded","Sweeping Beam","Barrage"],"picked":"SKIP","floor":42},{"not_picked":["Coolheaded","Sweeping Beam","Barrage"],"picked":"SKIP","floor":42},{"not_picked":["Capacitor","Cold Snap"],"picked":"Hologram","floor":44},{"not_picked":["Melter","Hyperbeam"],"picked":"Hologram","floor":47},{"not_picked":["Steam+1","Cold Snap","Melter+1"],"picked":"SKIP","floor":48},{"not_picked":["Consume","Cold Snap","Coolheaded+1"],"picked":"SKIP","floor":55}],"player_experience":5454062,"relics_obtained":[{"floor":6,"key":"HornCleat"},{"floor":9,"key":"Strawberry"},{"floor":12,"key":"Bag of Preparation"},{"floor":24,"key":"CeramicFish"},{"floor":26,"key":"PreservedInsect"},{"floor":28,"key":"Enchiridion"},{"floor":31,"key":"Symbiotic Virus"},{"floor":40,"key":"The Courier"},{"floor":42,"key":"Boot"},{"floor":47,"key":"Oddly Smooth Stone"},{"floor":55,"key":"Vajra"}],"event_choices":[{"damage_healed":0,"gold_gain":0,"player_choice":"Grow","damage_taken":0,"max_hp_gain":0,"max_hp_loss":0,"event_name":"Living Wall","floor":5,"gold_loss":0,"cards_upgraded":["Buffer"]},{"damage_healed":0,"gold_gain":0,"player_choice":"Ignored","damage_taken":0,"max_hp_gain":0,"max_hp_loss":0,"event_name":"Liars Game","floor":7,"gold_loss":0},{"damage_healed":0,"gold_gain":0,"player_choice":"Full Heal","damage_taken":0,"max_hp_gain":0,"max_hp_loss":0,"event_name":"Wheel of Change","floor":11,"gold_loss":0},{"damage_healed":0,"gold_gain":0,"player_choice":"Ignored","damage_taken":0,"max_hp_gain":0,"max_hp_loss":0,"event_name":"Ghosts","floor":20,"gold_loss":0},{"damage_healed":0,"gold_gain":0,"player_choice":"Obtained Book","damage_taken":21,"max_hp_gain":0,"max_hp_loss":0,"event_name":"Cursed Tome","floor":28,"gold_loss":0},{"damage_healed":0,"gold_gain":0,"player_choice":"Forge","damage_taken":0,"max_hp_gain":0,"max_hp_loss":0,"event_name":"Accursed Blacksmith","floor":37,"gold_loss":0,"cards_upgraded":["Turbo"]},{"damage_healed":0,"gold_gain":0,"player_choice":"Max HP","damage_taken":0,"max_hp_gain":0,"max_hp_loss":4,"event_name":"Winding Halls","floor":45,"gold_loss":0}],"is_beta":false,"boss_relics":[{"not_picked":["Astrolabe","Ectoplasm"],"picked":"Inserter"},{"not_picked":["Cursed Key","Empty Cage"],"picked":"Runic Pyramid"}],"items_purged_floors":[21,38],"is_endless":false,"potions_floor_spawned":[2,3,13,16,19,24,27,33,36,42,47,48,55],"ascension_level":20,"potion_discard_per_floor":[[],[],[],[],[],[],[],[],[],[],[],[],[],[],[],[],[],[],[],[],[],[],[],["Explosive Potion"],[],[],[],[],[],[],[],[],[],[],[],["PowerPotion"],[],[],[],[],[],[],[],[],[],[],[],["LiquidMemories"],[],[],[],[],[],[],["LiquidMemories"],[],[]]}