{"neow_bonuses_skipped_log":["RANDOM_COLORLESS","REMOVE_TWO","BOSS_RELIC"],"potions_obtained_entropic_brew":[[],[],[],[],[],[],[],[],[],[],[],[],[],[],[],[],[],[],[],[],[],[],[],[],[],[],[],[],[],[],[],[],[],[],[],[],[],[],[],[],[],[],[],[],[],[],[],[],[],[],[],[],[],[],[],["SteroidPotion","CultistPotion"],[]],"neow_costs_skipped_log":["NONE","PERCENT_DAMAGE","NONE"],"gold_per_floor":[214,229,229,43,43,43,99,99,99,116,116,151,162,174,174,245,245,257,257,276,276,287,287,315,315,361,361,401,430,456,192,192,269,269,282,34,45,70,70,70,103,103,127,141,174,223,258,268,268,268,268,268,268,58,91,91],"floor_reached":57,"playtime":10621,"items_purged":["Strike_B","Regret"],"score":2731,"play_id":"079b29ad-3c4f-4ed0-a245-1474e9ebb9e8","local_time":"20230327210920","score_breakdown":["Floors Climbed (57): 285","Enemies Slain (14): 28","Exordium Elites Killed (1): 10","City Elites Killed (2): 40","Beyond Elites Killed (3): 90","Bosses Slain (5): 750","Librarian: 25","C-c-c-combo: 25","Ascension (20): 1228","Heartbreaker: 250"],"is_ascension_mode":true,"potions_obtained_alchemize":[[],[],[],[],[],[],[],[],[],[],[],[],[],[],[],[],[],[],[],[],[],[],[],[],[],[],[],[],[],[],[],[],[],[],[],[],[],[],[],[],[],[],[],[],[],[],[],[],[],[],[],[],[],[],[],[],[]],"campfire_choices":[{"data":"Zap","floor":6,"key":"SMITH"},{"data":"Coolheaded","floor":8,"key":"SMITH"},{"data":"Chaos","floor":11,"key":"SMITH"},{"data":"Loop","floor":15,"key":"SMITH"},{"data":"Sweeping Beam","floor":23,"key":"SMITH"},{"data":"Seek","floor":25,"key":"SMITH"},{"floor":27,"key":"DIG"},{"data":"Turbo","floor":32,"key":"SMITH"},{"floor":40,"key":"RECALL"},{"data":"Go for the Eyes","floor":42,"key":"SMITH"},{"data":"Hologram","floor":49,"key":"SMITH"},{"data":"Hologram","floor":53,"key":"SMITH"}],"lesson_learned_per_floor":[[],[],[],[],[],[],[],[],[],[],[],[],[],[],[],[],[],[],[],[],[],[],[],[],[],[],[],[],[],[],[],[],[],[],[],[],[],[],[],[],[],[],[],[],[],[],[],[],[],[],[],[],[],[],[],[],[]],"neow_cost":"NONE","improvable_cards":{},"seed_source_timestamp":5676867207310,"shop_contents":[{"floor":4,"relics":["Regal Pillow","Nunchaku"],"cards":["Rip and Tear","Gash","BootSequence","Hello World","Trip","Magnetism"],"potions":["SkillPotion","EssenceOfDarkness","FearPotion"]},{"floor":31,"relics":["Pocketwatch","Frozen Egg 2"],"cards":["Sunder","Barrage","Undo","Heatsinks","Good Instincts","Chrysalis"],"potions":["SkillPotion","PowerPotion","EssenceOfSteel"]},{"floor":36,"relics":["Vajra","Toy Ornithopter"],"cards":["Sweeping Beam","Streamline","Coolheaded","Static Discharge","Good Instincts","Metamorphosis"],"potions":["Energy Potion","Weak Potion","SpeedPotion"]},{"floor":54,"relics":["Mummified Hand","Lantern","Kunai"],"cards":["Meteor Strike","Lockon","Genetic Algorithm","Tempest","Defragment","Deep Breath","Secret Weapon"],"potions":["BlessingOfTheForge","DuplicationPotion","PowerPotion"]}],"circlet_count":0,"master_deck":["AscendersBane","Strike_B+1","Strike_B+1","Defend_B","Defend_B","Defend_B+1","Zap+1","Dualcast","Skim+1","Chill","Turbo+1","Coolheaded+1","Chaos+1","Loop+1","Lockon","Go for the Eyes+1","Echo Form","Compile Driver","Tempest","Rebound","Sweeping Beam+1","Steam+1","Seek+1","Multi-Cast","Hologram+1","Compile Driver","Hologram+1","Meteor Strike","Recycle","Darkness","Turbo","Stack+1","Conserve Battery+1","Aggregate+1","Echo Form"],"potion_use_per_floor":[[],[],[],[],[],[],[],[],[],[],[],["Strength Potion"],[],[],[],[],[],[],[],[],[],[],[],["PowerPotion"],[],[],[],[],[],[],[],[],[],[],[],[],[],[],[],[],[],[],[],[],[],[],[],[],[],[],[],[],[],[],[],["FocusPotion","EntropicBrew","CultistPotion"],[]],"relics":["Cracked Core","Frozen Eye","Meat on the Bone","Bronze Scales","Bag of Preparation","Shovel","Runic Pyramid","Blood Vial","Centennial Puzzle","MawBank","Whetstone","Chemical X","Cursed Key","Runic Capacitor","Incense Burner","Dream Catcher","The Courier","Gambling Chip","Happy Flower","Toolbox","DataDisk"],"potions_floor_usage":[12,24,56,56,56],"damage_taken":[{"damage":0,"enemies":"Small Slimes","floor":1,"turns":3},{"damage":2,"enemies":"2 Louse","floor":2,"turns":2},{"damage":19,"enemies":"3 Sentries","floor":7,"turns":11},{"damage":0,"enemies":"Cultist","floor":10,"turns":3},{"damage":8,"enemies":"Gremlin Nob","floor":12,"turns":3},{"damage":0,"enemies":"2 Fungi Beasts","floor":13,"turns":3},{"damage":1,"enemies":"Blue Slaver","floor":14,"turns":3},{"damage":4,"enemies":"The Guardian","floor":16,"turns":10},{"damage":0,"enemies":"Chosen","floor":18,"turns":5},{"damage":18,"enemies":"2 Thieves","floor":20,"turns":3},{"damage":9,"enemies":"Centurion and Healer","floor":22,"turns":7},{"damage":23,"enemies":"Slavers","floor":24,"turns":4},{"damage":7,"enemies":"Book of Stabbing","floor":28,"turns":4},{"damage":10,"enemies":"Snecko","floor":29,"turns":7},{"damage":11,"enemies":"Shelled Parasite and Fungi","floor":30,"turns":4},{"damage":4,"enemies":"Collector","floor":33,"turns":5},{"damage":0,"enemies":"3 Shapes","floor":35,"turns":3},{"damage":15,"enemies":"3 Darklings","floor":37,"turns":2},{"damage":0,"enemies":"Mind Bloom Boss Battle","floor":38,"turns":4},{"damage":12,"enemies":"Reptomancer","floor":41,"turns":5},{"damage":0,"enemies":"Maw","floor":44,"turns":5},{"damage":3,"enemies":"Giant Head","floor":45,"turns":6},{"damage":9,"enemies":"2 Orb Walkers","floor":46,"turns":6},{"damage":16,"enemies":"Reptomancer","floor":47,"turns":6},{"damage":6,"enemies":"4 Shapes","floor":48,"turns":6},{"damage":19,"enemies":"Time Eater","floor":50,"turns":4},{"damage":7,"enemies":"Awakened One","floor":51,"turns":14},{"damage":4,"enemies":"Shield and Spear","floor":55,"turns":6},{"damage":33,"enemies":"The Heart","floor":56,"turns":8}],"green_key_taken_log":45,"seed_played":"4171413871696788672","neow_bonus_log":{"cardsObtained":[],"cardsUpgraded":[],"cardsRemoved":[],"cardsTransformed":[],"relicsObtained":[],"maxHpGained":0,"goldGained":100,"damageTaken":0,"goldLost":0,"maxHpLost":0},"potions_obtained":[{"floor":7,"key":"PowerPotion"},{"floor":10,"key":"Strength Potion"},{"floor":12,"key":"BlessingOfTheForge"},{"floor":22,"key":"FocusPotion"},{"floor":29,"key":"AttackPotion"},{"floor":41,"key":"SpeedPotion"},{"floor":45,"key":"EntropicBrew"}],"is_trial":false,"path_per_floor":["M","M","?","$","?","R","?","R","T","M","R","E","M","M","R","B",null,"M","?","M","?","M","R","E","R","T","R","E","M","M","$","R","B",null,"M","$","M","?","?","R","E","R","T","M","E","?","E","M","R","B","B",null,"R","$","E","B",null],"character_chosen":"DEFECT","basemod:card_modifiers":[null,null,null,null,null,null,null,null,null,null,null,null,null,null,null,null,null,null,null,null,null,null,null,null,null,null,null,null,null,null,null,null,null,null,null],"items_purchased":["Frozen Eye","Turbo","Chemical X","Hologram","Runic Capacitor","Recycle","Toolbox"],"campfire_rested":0,"item_purchase_floors":[4,4,31,31,36,36,54],"current_hp_per_floor":[64,62,41,41,36,36,29,29,29,41,41,45,45,44,44,40,63,63,63,45,41,44,44,33,33,33,33,40,44,47,47,47,45,65,67,67,54,56,56,56,46,46,46,48,47,40,38,46,46,41,36,62,62,62,60,41],"gold":91,"neow_bonus":"HUNDRED_GOLD","is_prod":false,"is_daily":false,"rewards_skipped":[{"floor":20,"relics":[],"potions":["PotionOfCapacity"]},{"floor":30,"relics":[],"potions":["ColorlessPotion"]},{"floor":33,"relics":[],"potions":["Dexterity Potion"]},{"floor":44,"relics":[],"potions":["PotionOfCapacity"]},{"floor":46,"relics":[],"potions":["BlessingOfTheForge"]}],"chose_seed":false,"campfire_upgraded":10,"win_rate":0,"floor_exit_playtime":[163,198,208,256,280,296,440,456,466,508,525,1083,1229,1297,1318,1521,1641,1848,1877,1982,2002,2124,2140,2319,2332,2361,2380,2625,2780,2936,3116,3145,3380,3512,3567,3629,3816,4003,4039,4056,4571,4599,4604,4909,5198,5570,5851,6180,6228,6545,7597,7608,7616,7998,9296,10621],"timestamp":1679965760,"blue_key_relic_skipped_log":{"floor":43,"relicID":"Anchor"},"path_taken":["M","M","?","$","?","R","?","R","T","M","R","E","M","M","R","BOSS","M","?","M","?","M","R","E","R","T","R","E","?","M","$","R","BOSS","M","$","M","?","?","R","E","R","T","M","E","?","E","M","R","BOSS","BOSS","R","$","E","BOSS"],"build_version":"2022-12-18","purchased_purges":2,"victory":true,"max_hp_per_floor":[71,71,71,71,71,71,71,71,71,71,71,71,71,71,71,71,71,71,71,71,71,71,71,71,71,71,71,71,71,71,71,71,71,71,71,71,71,71,71,71,71,71,71,71,71,71,71,71,71,71,71,71,71,71,71,71],"relic_stats":{"Happy Flower":[12],"counters":[29,151],"The Courier":52,"Bag of Preparation":[52],"Whetstone":["Strike_B","Strike_B"],"MawBank":48,"Cursed Key":1,"Blood Vial":34,"Frozen Eye":855.57983,"Centennial Puzzle":[41],"Dream Catcher":0,"Shovel":1,"Bronze Scales":[487],"Gambling Chip":[31],"Chemical X":[34],"obtain_stats":[{"Happy Flower":47,"The Courier":45,"Bag of Preparation":9,"Runic Capacitor":36,"Incense Burner":38,"Whetstone":28,"MawBank":27,"Cursed Key":34,"Blood Vial":24,"Frozen Eye":4,"Centennial Puzzle":26,"Dream Catcher":41,"DataDisk":55,"Shovel":12,"Bronze Scales":7,"Gambling Chip":46,"Toolbox":54,"Chemical X":31,"Cracked Core":0,"Meat on the Bone":5,"Runic Pyramid":17},{"Happy Flower":24,"The Courier":22,"Bag of Preparation":3,"Runic Capacitor":17,"Incense Burner":19,"Whetstone":13,"MawBank":12,"Cursed Key":16,"Blood Vial":12,"Frozen Eye":2,"Centennial Puzzle":12,"Dream Catcher":20,"DataDisk":28,"Shovel":5,"Bronze Scales":3,"Gambling Chip":23,"Toolbox":27,"Chemical X":15,"Cracked Core":0,"Meat on the Bone":2,"Runic Pyramid":8},{"Happy Flower":114,"The Courier":102,"Bag of Preparation":16,"Runic Capacitor":80,"Incense Burner":86,"Whetstone":61,"MawBank":57,"Cursed Key":77,"Blood Vial":57,"Frozen Eye":5,"Centennial Puzzle":57,"Dream Catcher":91,"DataDisk":143,"Shovel":22,"Bronze Scales":16,"Gambling Chip":108,"Toolbox":137,"Chemical X":72,"Cracked Core":0,"Meat on the Bone":5,"Runic Pyramid":38}],"Meat on the Bone":144},"card_choices":[{"not_picked":["Hologram","Turbo"],"picked":"Skim","floor":1},{"not_picked":["Genetic Algorithm","Steam Power"],"picked":"Chill","floor":2},{"not_picked":["Aggregate","Turbo"],"picked":"Coolheaded","floor":7},{"not_picked":["Storm","Recycle"],"picked":"Chaos","floor":10},{"not_picked":["Sweeping Beam","Beam Cell"],"picked":"Loop","floor":12},{"not_picked":["Ball Lightning","Conserve Battery"],"picked":"Lockon","floor":13},{"not_picked":["Cold Snap","Streamline"],"picked":"Go for the Eyes","floor":14},{"not_picked":["Meteor Strike","All For One"],"picked":"Echo Form","floor":16},{"not_picked":["Go for the Eyes","Stack"],"picked":"Compile Driver","floor":18},{"not_picked":["Machine Learning","Redo"],"picked":"Sweeping Beam","floor":20},{"not_picked":["Gash","Chill"],"picked":"Steam+1","floor":22},{"not_picked":["Streamline","Machine Learning"],"picked":"Seek","floor":24},{"not_picked":["Reprogram","Heatsinks"],"picked":"Multi-Cast","floor":28},{"not_picked":["Leap","Ball Lightning"],"picked":"Hologram","floor":29},{"not_picked":["Ball Lightning","Beam Cell"],"picked":"Compile Driver","floor":30},{"not_picked":["Biased Cognition","Electrodynamics"],"picked":"Meteor Strike","floor":33},{"not_picked":["Steam","Barrage","Chill"],"picked":"SKIP","floor":35},{"not_picked":["Beam Cell","Melter"],"picked":"Darkness","floor":37},{"not_picked":["Heatsinks+1","Leap+1","Tempest"],"picked":"SKIP","floor":38},{"not_picked":["Storm","Beam Cell"],"picked":"Turbo","floor":41},{"not_picked":["Rainbow","Capacitor+1"],"picked":"Stack+1","floor":44},{"not_picked":["Turbo","Stack","Streamline"],"picked":"SKIP","floor":45},{"not_picked":["Streamline","Sweeping Beam"],"picked":"Conserve Battery+1","floor":46},{"not_picked":["Genetic Algorithm+1","Beam Cell"],"picked":"Aggregate+1","floor":47},{"not_picked":["Self Repair","Leap","Lockon+1"],"picked":"SKIP","floor":48},{"not_picked":["Hologram","Beam Cell"],"picked":"Echo Form","floor":55}],"player_experience":5459284,"relics_obtained":[{"floor":7,"key":"Bronze Scales"},{"floor":9,"key":"Bag of Preparation"},{"floor":12,"key":"Shovel"},{"floor":24,"key":"Blood Vial"},{"floor":26,"key":"Centennial Puzzle"},{"floor":27,"key":"MawBank"},{"floor":28,"key":"Whetstone"},{"floor":38,"key":"Incense Burner"},{"floor":41,"key":"Dream Catcher"},{"floor":45,"key":"The Courier"},{"floor":46,"key":"Gambling Chip"},{"floor":47,"key":"Happy Flower"},{"floor":55,"key":"DataDisk"}],"event_choices":[{"damage_healed":0,"gold_gain":0,"player_choice":"Entered Light","damage_taken":21,"max_hp_gain":0,"max_hp_loss":0,"event_name":"Shining Light","floor":3,"gold_loss":0,"cards_upgraded":["Skim","Defend_B"]},{"damage_healed":0,"gold_gain":0,"player_choice":"Success","damage_taken":5,"relics_obtained":["Meat on the Bone"],"max_hp_gain":0,"max_hp_loss":0,"event_name":"Scrap Ooze","floor":5,"gold_loss":0},{"damage_healed":0,"gold_gain":30,"player_choice":"Searched \u00272\u0027 times","damage_taken":0,"max_hp_gain":0,"max_hp_loss":0,"event_name":"Dead Adventurer","floor":7,"gold_loss":0},{"damage_healed":0,"gold_gain":0,"cards_transformed":["Strike_B","Defend_B"],"player_choice":"Became Test Subject","damage_taken":0,"max_hp_gain":0,"max_hp_loss":0,"event_name":"Drug Dealer","floor":19,"gold_loss":0,"cards_obtained":["Tempest","Rebound"]},{"damage_healed":0,"gold_gain":0,"player_choice":"Bought 0 Potions","damage_taken":0,"max_hp_gain":0,"max_hp_loss":0,"event_name":"The Woman in Blue","floor":21,"gold_loss":0},{"damage_healed":0,"gold_gain":0,"player_choice":"Fight","damage_taken":0,"max_hp_gain":0,"max_hp_loss":0,"event_name":"MindBloom","floor":38,"gold_loss":0},{"damage_healed":0,"gold_gain":0,"player_choice":"Ignored","damage_taken":0,"max_hp_gain":0,"max_hp_loss":0,"event_name":"Tomb of Lord Red Mask","floor":39,"gold_loss":0},{"damage_healed":0,"gold_gain":0,"player_choice":"Fight","damage_taken":0,"max_hp_gain":0,"max_hp_loss":0,"event_name":"Mysterious Sphere","floor":46,"gold_loss":0}],"is_beta":false,"boss_relics":[{"not_picked":["FrozenCore","Nuclear Battery"],"picked":"Runic Pyramid"},{"not_picked":["Busted Crown","Snecko Eye"],"picked":"Cursed Key"}],"items_purged_floors":[31,54],"is_endless":false,"potions_floor_spawned":[7,10,12,20,22,29,30,33,41,44,45,46],"ascension_level":20,"potion_discard_per_floor":[[],[],[],[],[],[],[],[],[],[],[],[],[],[],[],[],[],[],[],[],[],["BlessingOfTheForge"],[],[],[],[],[],[],[],[],[],[],[],[],[],[],[],[],[],[],["AttackPotion"],[],[],[],["SpeedPotion"],[],[],[],[],[],[],[],[],[],[],[],[]]}