{"neow_bonuses_skipped_log":["RANDOM_COLORLESS","TEN_PERCENT_HP_BONUS","BOSS_RELIC"],"potions_obtained_entropic_brew":[[],[],[],[],[],[],[],[],[],[],[],[],[],[],[],[],[],[],[],[],[],[],[],[],[],[],[],[],[],[],[],[],[],[],[],[],[],[],[],[],[],[],[],[],[],[],[],[],[],[],[],[],[],[],[],[],[]],"neow_costs_skipped_log":["NONE","NONE","NONE"],"gold_per_floor":[12,30,50,69,69,69,144,184,184,23,23,23,23,63,63,153,153,166,202,215,215,9,53,53,91,91,112,112,136,180,199,199,289,289,303,323,343,358,377,418,6,6,85,121,139,154,185,216,216,216,216,216,216,50,94,94],"floor_reached":57,"playtime":7270,"items_purged":["Strike_B"],"score":2999,"play_id":"8fca8b93-cc13-459f-9095-b8dd8423d7db","local_time":"20230324190656","score_breakdown":["Floors Climbed (57): 285","Enemies Slain (16): 32","Exordium Elites Killed (2): 20","City Elites Killed (3): 60","Beyond Elites Killed (3): 90","Bosses Slain (5): 750","Money Money (1039): 25","Librarian: 25","Well Fed: 25","Champion (2): 50","Overkill: 25","C-c-c-combo: 25","Ascension (20): 1337","Heartbreaker: 250"],"is_ascension_mode":true,"potions_obtained_alchemize":[[],[],[],[],[],[],[],[],[],[],[],[],[],[],[],[],[],[],[],[],[],[],[],[],[],[],[],[],[],[],[],[],[],[],[],[],[],[],[],[],[],[],[],[],[],[],[],[],[],[],[],[],[],[],[],[],[]],"campfire_choices":[{"data":"Sunder","floor":6,"key":"SMITH"},{"data":"Mayhem","floor":11,"key":"SMITH"},{"data":"Doom and Gloom","floor":13,"key":"SMITH"},{"data":"Coolheaded","floor":15,"key":"SMITH"},{"floor":24,"key":"REST"},{"floor":32,"key":"REST"},{"floor":42,"key":"RECALL"},{"floor":49,"key":"REST"},{"floor":53,"key":"REST"}],"lesson_learned_per_floor":[[],[],[],[],[],[],[],[],[],[],[],[],[],[],[],[],[],[],[],[],[],[],[],[],[],[],[],[],[],[],[],[],[],[],[],[],[],[],[],[],[],[],[],[],[],[],[],[],[],[],[],[],[],[],[],[],[]],"neow_cost":"NO_GOLD","improvable_cards":{},"seed_source_timestamp":21866834147463,"shop_contents":[{"floor":10,"relics":["Whetstone","Vajra","Cauldron"],"cards":["Compile Driver","Rebound","Hologram","Seek","Finesse","Transmutation"],"potions":["Fruit Juice","LiquidMemories","GamblersBrew"]},{"floor":22,"relics":["Peace Pipe","Pocketwatch","OrangePellets"],"cards":["Barrage","Rebound","Stack","Self Repair","Purity"],"potions":["Regen Potion","AttackPotion","BlessingOfTheForge"]},{"floor":41,"relics":["Bronze Scales"],"cards":["Rebound","Sunder","Turbo","Defragment","Mind Blast","Sadistic Nature"],"potions":["EssenceOfSteel","BlessingOfTheForge","GamblersBrew"]},{"floor":54,"relics":["Sundial","Lantern"],"cards":["Ball Lightning","Compile Driver","Turbo","Conserve Battery","Storm","Jack Of All Trades","Mayhem"],"potions":["Strength Potion","EssenceOfSteel","EssenceOfSteel"]}],"circlet_count":0,"master_deck":["AscendersBane","Strike_B","Strike_B","Strike_B","Defend_B","Defend_B","Defend_B","Defend_B","Zap","Dualcast","Mayhem+1","Sunder+1","Doom and Gloom+1","Coolheaded+1","Glacier","Self Repair","Core Surge","Meteor Strike","Undo","Turbo+1","Beam Cell+1","Apotheosis","Hologram","Go for the Eyes","Multi-Cast","Defragment","Skim+1","Skim","Echo Form","Recycle","Compile Driver","BootSequence","Hologram","Echo Form","Glacier","All For One","Recycle","Skim","Steam Power","Coolheaded+1"],"potion_use_per_floor":[[],[],[],[],[],[],[],[],[],[],[],[],[],[],[],["Swift Potion"],[],[],["DistilledChaos"],[],[],[],["PowerPotion"],[],[],[],["SpeedPotion"],[],[],["Regen Potion"],["Fire Potion"],[],["PotionOfCapacity"],[],["Energy Potion"],[],["DistilledChaos"],[],[],["DuplicationPotion"],[],[],[],[],[],[],[],[],[],[],[],[],[],[],[],["Weak Potion","DuplicationPotion"],[]],"relics":["Cracked Core","Golden Idol","Toy Ornithopter","Pen Nib","White Beast Statue","Fusion Hammer","Red Mask","Ornamental Fan","Oddly Smooth Stone","Ancient Tea Set","Happy Flower","SacredBark","Strawberry","Bag of Preparation","DollysMirror","HornCleat","DataDisk","Mango","Mercury Hourglass","ClockworkSouvenir","Gremlin Horn"],"potions_floor_usage":[16,19,23,27,30,31,33,35,37,40,56,56],"damage_taken":[{"damage":7,"enemies":"Cultist","floor":1,"turns":4},{"damage":0,"enemies":"Small Slimes","floor":2,"turns":2},{"damage":2,"enemies":"2 Louse","floor":3,"turns":3},{"damage":8,"enemies":"Blue Slaver","floor":4,"turns":6},{"damage":26,"enemies":"3 Sentries","floor":8,"turns":6},{"damage":40,"enemies":"Gremlin Nob","floor":14,"turns":4},{"damage":28,"enemies":"Hexaghost","floor":16,"turns":9},{"damage":21,"enemies":"Shell Parasite","floor":18,"turns":7},{"damage":0,"enemies":"Masked Bandits","floor":19,"turns":2},{"damage":0,"enemies":"Spheric Guardian","floor":20,"turns":5},{"damage":33,"enemies":"Slavers","floor":23,"turns":5},{"damage":27,"enemies":"Gremlin Leader","floor":25,"turns":6},{"damage":1,"enemies":"Snake Plant","floor":27,"turns":5},{"damage":2,"enemies":"Centurion and Healer","floor":29,"turns":4},{"damage":44,"enemies":"Slavers","floor":30,"turns":3},{"damage":17,"enemies":"Chosen and Byrds","floor":31,"turns":6},{"damage":34,"enemies":"Collector","floor":33,"turns":6},{"damage":2,"enemies":"3 Darklings","floor":35,"turns":5},{"damage":0,"enemies":"3 Shapes","floor":36,"turns":9},{"damage":0,"enemies":"Spire Growth","floor":37,"turns":3},{"damage":1,"enemies":"Writhing Mass","floor":38,"turns":7},{"damage":5,"enemies":"4 Shapes","floor":39,"turns":8},{"damage":21,"enemies":"Reptomancer","floor":40,"turns":7},{"damage":0,"enemies":"Giant Head","floor":44,"turns":8},{"damage":26,"enemies":"3 Darklings","floor":45,"turns":12},{"damage":0,"enemies":"Transient","floor":46,"turns":6},{"damage":6,"enemies":"Mind Bloom Boss Battle","floor":47,"turns":9},{"damage":0,"enemies":"Nemesis","floor":48,"turns":9},{"damage":6,"enemies":"Donu and Deca","floor":50,"turns":15},{"damage":13,"enemies":"Awakened One","floor":51,"turns":15},{"damage":36,"enemies":"Shield and Spear","floor":55,"turns":6},{"damage":64,"enemies":"The Heart","floor":56,"turns":9}],"green_key_taken_log":25,"seed_played":"-7953752787104329324","neow_bonus_log":{"cardsObtained":[],"cardsUpgraded":[],"cardsRemoved":[],"cardsTransformed":[],"relicsObtained":[],"maxHpGained":0,"goldGained":0,"damageTaken":0,"goldLost":99,"maxHpLost":0},"potions_obtained":[{"floor":1,"key":"Swift Potion"},{"floor":2,"key":"Weak Potion"},{"floor":8,"key":"Energy Potion"},{"floor":16,"key":"DistilledChaos"},{"floor":19,"key":"PowerPotion"},{"floor":23,"key":"SpeedPotion"},{"floor":25,"key":"PowerPotion"},{"floor":27,"key":"DuplicationPotion"},{"floor":29,"key":"Regen Potion"},{"floor":30,"key":"Fire Potion"},{"floor":31,"key":"PotionOfCapacity"},{"floor":33,"key":"Energy Potion"},{"floor":35,"key":"FearPotion"},{"floor":36,"key":"DistilledChaos"},{"floor":37,"key":"ColorlessPotion"},{"floor":38,"key":"DuplicationPotion"},{"floor":40,"key":"Weak Potion"}],"is_trial":false,"path_per_floor":["M","M","M","M","?","R","?","E","T","$","R","?","R","E","R","B",null,"M","?","M","?","$","E","R","E","T","M","?","M","E","M","R","B",null,"M","M","M","M","M","E","$","R","T","E","M","M","?","E","R","B","B",null,"R","$","E","B",null],"character_chosen":"DEFECT","basemod:card_modifiers":[null,null,null,null,null,null,null,null,null,null,null,null,null,null,null,null,null,null,null,null,null,null,null,null,null,null,null,null,null,null,null,null,null,null,null,null,null,null,null,null],"items_purchased":["Self Repair","Apotheosis","Hologram","Bag of Preparation","DollysMirror","Glacier","ClockworkSouvenir"],"campfire_rested":4,"item_purchase_floors":[10,22,22,41,41,41,54],"current_hp_per_floor":[57,57,55,47,47,47,36,10,10,10,10,74,74,41,41,25,62,48,53,60,60,60,32,54,37,37,51,51,56,26,14,36,17,60,70,74,74,74,74,70,70,70,70,80,74,81,95,95,95,95,95,95,95,95,79,32],"gold":94,"neow_bonus":"RANDOM_COLORLESS_2","is_prod":false,"is_daily":false,"rewards_skipped":[{"floor":4,"relics":[],"potions":["Weak Potion"]},{"floor":18,"relics":[],"potions":["SteroidPotion"]},{"floor":20,"relics":[],"potions":["Ancient Potion"]},{"floor":39,"relics":[],"potions":["Explosive Potion"]},{"floor":44,"relics":[],"potions":["LiquidBronze"]},{"floor":45,"relics":[],"potions":["LiquidBronze"]},{"floor":46,"relics":[],"potions":["Energy Potion"]},{"floor":47,"relics":[],"potions":["SpeedPotion"]},{"floor":48,"relics":[],"potions":["ColorlessPotion"]},{"floor":55,"relics":[],"potions":["Regen Potion"]}],"chose_seed":false,"campfire_upgraded":4,"win_rate":0,"floor_exit_playtime":[159,182,229,284,288,301,322,475,478,575,582,588,598,676,683,840,883,979,1123,1240,1250,1331,1559,1579,1742,1770,1850,1860,1922,2116,2240,2244,2489,2575,2715,2917,3134,3322,3484,3681,3789,3794,3801,4106,4549,4727,4952,5150,5154,5791,6311,6322,6327,6345,6631,7270],"timestamp":1679699216,"blue_key_relic_skipped_log":{"floor":26,"relicID":"Orichalcum"},"path_taken":["M","M","M","M","?","R","?","E","T","$","R","?","R","E","R","BOSS","M","?","M","?","?","E","R","E","T","M","?","M","E","M","R","BOSS","M","M","?","M","M","E","$","R","T","E","M","?","?","E","R","BOSS","BOSS","R","$","E","BOSS"],"build_version":"2022-12-18","purchased_purges":1,"victory":true,"max_hp_per_floor":[71,71,71,71,64,64,64,64,64,64,64,74,74,74,74,74,74,74,74,74,74,74,74,74,74,74,74,74,74,74,74,74,74,74,74,74,74,74,74,81,81,81,81,81,81,81,95,95,95,95,95,95,95,95,95,95],"relic_stats":{"Happy Flower":[46],"Gremlin Horn":[0,0],"counters":[32,211],"Golden Idol":222,"Ornamental Fan":[236],"Pen Nib":[36],"Bag of Preparation":[18],"Ancient Tea Set":[8],"obtain_stats":[{"Happy Flower":30,"Gremlin Horn":55,"Golden Idol":5,"SacredBark":34,"Oddly Smooth Stone":25,"Mango":47,"Pen Nib":9,"Bag of Preparation":41,"Ancient Tea Set":28,"White Beast Statue":14,"Mercury Hourglass":48,"ClockworkSouvenir":54,"DataDisk":44,"HornCleat":43,"Ornamental Fan":23,"DollysMirror":41,"Strawberry":40,"Fusion Hammer":17,"Red Mask":19,"Cracked Core":0,"Toy Ornithopter":8},{"Happy Flower":15,"Gremlin Horn":31,"Golden Idol":4,"SacredBark":17,"Oddly Smooth Stone":12,"Mango":27,"Pen Nib":5,"Bag of Preparation":23,"Ancient Tea Set":13,"White Beast Statue":6,"Mercury Hourglass":28,"ClockworkSouvenir":30,"DataDisk":24,"HornCleat":23,"Ornamental Fan":11,"DollysMirror":23,"Strawberry":23,"Fusion Hammer":7,"Red Mask":9,"Cracked Core":0,"Toy Ornithopter":5},{"Happy Flower":71,"Gremlin Horn":202,"Golden Idol":15,"SacredBark":83,"Oddly Smooth Stone":59,"Mango":157,"Pen Nib":21,"Bag of Preparation":122,"Ancient Tea Set":64,"White Beast Statue":25,"Mercury Hourglass":166,"ClockworkSouvenir":196,"DataDisk":130,"HornCleat":122,"Ornamental Fan":53,"DollysMirror":122,"Strawberry":122,"Fusion Hammer":34,"Red Mask":43,"Cracked Core":0,"Toy Ornithopter":21}],"Toy Ornithopter":50,"White Beast Statue":[0.0,0.0,0.0,0.4,0.0,0.6000000000000001,0.0,0.0,0.0,0.0,0.0,10.196636764160006],"Mercury Hourglass":[124]},"card_choices":[{"not_picked":["Thinking Ahead","Sadistic Nature"],"picked":"Mayhem","floor":0},{"not_picked":["Stack","Streamline"],"picked":"Sunder","floor":1},{"not_picked":["FTL","Rebound"],"picked":"Doom and Gloom","floor":2},{"not_picked":["Ball Lightning","Sunder"],"picked":"Coolheaded","floor":3},{"not_picked":["Coolheaded","Cold Snap"],"picked":"Glacier","floor":4},{"not_picked":["Streamline","Force Field"],"picked":"Reboot","floor":8},{"not_picked":["Steam","Rip and Tear"],"picked":"Core Surge","floor":14},{"not_picked":["Multi-Cast","Amplify"],"picked":"Meteor Strike","floor":16},{"not_picked":["Beam Cell","Stack"],"picked":"Undo","floor":18},{"not_picked":["Compile Driver","Steam Power+1"],"picked":"Turbo+1","floor":19},{"not_picked":["Chaos+1","Sweeping Beam"],"picked":"Beam Cell+1","floor":20},{"not_picked":["Double Energy","Beam Cell"],"picked":"Go for the Eyes","floor":23},{"not_picked":["Beam Cell","Barrage"],"picked":"Multi-Cast","floor":25},{"not_picked":["Beam Cell","Coolheaded"],"picked":"Defragment","floor":27},{"not_picked":["Streamline","Redo"],"picked":"Skim+1","floor":29},{"not_picked":["Steam","Turbo","Storm"],"picked":"SKIP","floor":30},{"not_picked":["Steam","Turbo","Storm"],"picked":"SKIP","floor":30},{"not_picked":["BootSequence","Compile Driver"],"picked":"Skim","floor":31},{"not_picked":["Reboot","Seek"],"picked":"Echo Form","floor":33},{"not_picked":["Gash","Leap+1","Hello World"],"picked":"SKIP","floor":35},{"not_picked":["Leap","Redo","Cold Snap"],"picked":"SKIP","floor":36},{"not_picked":["Leap","Redo","Cold Snap"],"picked":"SKIP","floor":36},{"not_picked":["Loop","Skim"],"picked":"Recycle","floor":37},{"not_picked":["Go for the Eyes+1","Melter"],"picked":"Compile Driver","floor":38},{"not_picked":["Leap","Turbo+1"],"picked":"BootSequence","floor":39},{"not_picked":["Chaos","Sweeping Beam"],"picked":"Hologram","floor":40},{"not_picked":["Storm+1","Machine Learning"],"picked":"All For One","floor":44},{"not_picked":["Rebound","Sweeping Beam","Reprogram"],"picked":"SKIP","floor":45},{"not_picked":["Doom and Gloom","Ball Lightning"],"picked":"Recycle","floor":46},{"not_picked":["Reprogram","Redo"],"picked":"Skim","floor":47},{"not_picked":["Compile Driver+1","Steam Power","Recycle"],"picked":"SKIP","floor":48},{"not_picked":["Compile Driver+1","Recycle"],"picked":"Steam Power","floor":48},{"not_picked":["Turbo","Rip and Tear"],"picked":"Coolheaded+1","floor":55}],"player_experience":5444226,"relics_obtained":[{"floor":8,"key":"Toy Ornithopter"},{"floor":9,"key":"Pen Nib"},{"floor":14,"key":"White Beast Statue"},{"floor":19,"key":"Red Mask"},{"floor":23,"key":"Ornamental Fan"},{"floor":25,"key":"Oddly Smooth Stone"},{"floor":30,"key":"Happy Flower"},{"floor":40,"key":"Strawberry"},{"floor":43,"key":"HornCleat"},{"floor":44,"key":"DataDisk"},{"floor":47,"key":"Mango"},{"floor":48,"key":"Mercury Hourglass"},{"floor":55,"key":"Gremlin Horn"}],"event_choices":[{"damage_healed":0,"gold_gain":0,"player_choice":"Lose Max HP","damage_taken":0,"relics_obtained":["Golden Idol"],"max_hp_gain":0,"max_hp_loss":7,"event_name":"Golden Idol","floor":5,"gold_loss":0},{"damage_healed":0,"gold_gain":75,"player_choice":"Gather Gold","damage_taken":11,"max_hp_gain":0,"max_hp_loss":0,"event_name":"World of Goop","floor":7,"gold_loss":0},{"cards_removed":["Reboot"],"damage_healed":54,"gold_gain":0,"player_choice":"Offered Rare","damage_taken":0,"max_hp_gain":10,"max_hp_loss":0,"event_name":"Bonfire Elementals","floor":12,"gold_loss":0},{"damage_healed":0,"gold_gain":0,"player_choice":"Fought Bandits","damage_taken":0,"max_hp_gain":0,"max_hp_loss":0,"event_name":"Masked Bandits","floor":19,"gold_loss":0},{"damage_healed":0,"gold_gain":0,"player_choice":"Ignored","damage_taken":0,"max_hp_gain":0,"max_hp_loss":0,"event_name":"Vampires","floor":21,"gold_loss":0},{"damage_healed":0,"gold_gain":0,"player_choice":"Gave Potion","damage_taken":0,"relics_obtained":["Ancient Tea Set"],"max_hp_gain":0,"max_hp_loss":0,"event_name":"WeMeetAgain","floor":28,"gold_loss":0},{"damage_healed":0,"gold_gain":0,"player_choice":"Fight","damage_taken":0,"max_hp_gain":0,"max_hp_loss":0,"event_name":"MindBloom","floor":47,"gold_loss":0}],"is_beta":false,"boss_relics":[{"not_picked":["FrozenCore","SlaversCollar"],"picked":"Fusion Hammer"},{"not_picked":["Velvet Choker","Runic Dome"],"picked":"SacredBark"}],"items_purged_floors":[10],"is_endless":false,"potions_floor_spawned":[1,2,4,8,16,18,19,20,23,25,27,29,30,31,33,35,36,37,38,39,40,44,45,46,47,48,55],"ascension_level":20,"potion_discard_per_floor":[[],[],[],[],[],[],[],["Weak Potion"],[],[],[],[],[],[],[],[],[],[],[],[],[],[],[],[],["Energy Potion"],[],[],[],[],[],[],[],[],[],[],["FearPotion"],[],["ColorlessPotion"],[],[],[],[],[],[],[],[],[],[],[],[],[],[],[],[],[],[],[]]}