{"neow_bonuses_skipped_log":["ONE_RANDOM_RARE_CARD","THREE_RARE_CARDS","BOSS_RELIC"],"potions_obtained_entropic_brew":[[],[],[],[],[],[],[],[]],"neow_costs_skipped_log":["NONE","CURSE","NONE"],"gold_per_floor":[218,233,248,3,3,3,29,9],"floor_reached":8,"playtime":636,"items_purged":["Strike_B"],"score":112,"play_id":"3306ef80-4ab7-4b1e-9d4a-95eeb1b5ad31","local_time":"20230320190730","score_breakdown":["Floors Climbed (8): 40","Enemies Slain (3): 6","Exordium Elites Killed (1): 10","Bosses Slain (0): 0","Ascension (20): 56"],"is_ascension_mode":true,"potions_obtained_alchemize":[[],[],[],[],[],[],[],[]],"campfire_choices":[{"data":"Sunder","floor":6,"key":"SMITH"}],"lesson_learned_per_floor":[[],[],[],[],[],[],[],[]],"neow_cost":"NONE","improvable_cards":{},"seed_source_timestamp":7977478810793,"shop_contents":[{"floor":4,"relics":["Juzu Bracelet","StoneCalendar","Chemical X"],"cards":["Ball Lightning","Fusion","Heatsinks","Jack Of All Trades","Chrysalis"],"potions":["BlessingOfTheForge","SmokeBomb","Fire Potion"]}],"circlet_count":0,"master_deck":["AscendersBane","Strike_B","Strike_B","Strike_B","Defend_B","Defend_B","Defend_B","Defend_B","Zap","Dualcast","Darkness","Redo","Cold Snap","Sunder+1","Chill","Beam Cell"],"potion_use_per_floor":[[],[],[],[],[],[],["CultistPotion"],[]],"relics":["Cracked Core","Letter Opener","Question Card"],"potions_floor_usage":[7],"damage_taken":[{"damage":0,"enemies":"2 Louse","floor":1,"turns":1},{"damage":1,"enemies":"Cultist","floor":2,"turns":4},{"damage":3,"enemies":"Small Slimes","floor":3,"turns":3},{"damage":57,"enemies":"Gremlin Nob","floor":7,"turns":5},{"damage":7,"enemies":"Exordium Thugs","floor":8,"turns":1}],"seed_played":"-902550227802911901","neow_bonus_log":{"cardsObtained":[],"cardsUpgraded":[],"cardsRemoved":[],"cardsTransformed":[],"relicsObtained":[],"maxHpGained":0,"goldGained":100,"damageTaken":0,"goldLost":0,"maxHpLost":0},"potions_obtained":[{"floor":1,"key":"CultistPotion"}],"is_trial":false,"path_per_floor":["M","M","M","$","?","R","E","M"],"character_chosen":"DEFECT","basemod:card_modifiers":[null,null,null,null,null,null,null,null,null,null,null,null,null,null,null,null],"items_purchased":["Sunder","Chill"],"campfire_rested":0,"item_purchase_floors":[4,4],"current_hp_per_floor":[64,63,60,60,60,60,3,0],"gold":9,"neow_bonus":"HUNDRED_GOLD","is_prod":false,"is_daily":false,"rewards_skipped":[],"chose_seed":false,"campfire_upgraded":1,"win_rate":0,"floor_exit_playtime":[238,304,336,404,435,441,570],"timestamp":1679353650,"path_taken":["M","M","M","$","?","R","E","M"],"build_version":"2022-12-18","purchased_purges":1,"victory":false,"max_hp_per_floor":[71,71,71,71,71,71,71,71],"relic_stats":{"counters":[5,14],"Letter Opener":[5],"Question Card":0,"obtain_stats":[{"Letter Opener":5,"Cracked Core":0,"Question Card":7},{"Letter Opener":3,"Cracked Core":0,"Question Card":4},{"Letter Opener":8,"Cracked Core":0,"Question Card":13}]},"card_choices":[{"not_picked":["Force Field","Redo"],"picked":"Darkness","floor":1},{"not_picked":["Beam Cell","Compile Driver"],"picked":"Redo","floor":2},{"not_picked":["Steam","Rebound"],"picked":"Cold Snap","floor":3},{"not_picked":["Darkness","Thunder Strike"],"picked":"Beam Cell","floor":7}],"player_experience":5416130,"relics_obtained":[{"floor":5,"key":"Letter Opener"},{"floor":7,"key":"Question Card"}],"event_choices":[{"damage_healed":0,"gold_gain":0,"player_choice":"Relic","damage_taken":0,"max_hp_gain":0,"max_hp_loss":0,"event_name":"Wheel of Change","floor":5,"gold_loss":0}],"is_beta":false,"boss_relics":[],"items_purged_floors":[4],"is_endless":false,"potions_floor_spawned":[1],"killed_by":"Exordium Thugs","ascension_level":20,"potion_discard_per_floor":[[],[],[],[],[],[],[],[]]}