{"neow_bonuses_skipped_log":["THREE_SMALL_POTIONS","TRANSFORM_TWO_CARDS","BOSS_RELIC"],"potions_obtained_entropic_brew":[[],[],[],[],[],[],[],[],[],[],[],[]],"neow_costs_skipped_log":["NONE","CURSE","NONE"],"gold_per_floor":[112,112,112,132,146,146,164,194,194,205,215,215],"floor_reached":12,"playtime":953,"items_purged":[],"score":164,"play_id":"1cf5d773-707c-4770-887f-56e2e5856c60","local_time":"20230321173600","score_breakdown":["Floors Climbed (12): 60","Enemies Slain (6): 12","Exordium Elites Killed (1): 10","Bosses Slain (0): 0","Ascension (20): 82"],"is_ascension_mode":true,"potions_obtained_alchemize":[[],[],[],[],[],[],[],[],[],[],[],[]],"campfire_choices":[{"data":"Dualcast","floor":6,"key":"SMITH"}],"lesson_learned_per_floor":[[],[],[],[],[],[],[],[],[],[],[],[]],"neow_cost":"NONE","improvable_cards":{"Genetic Algorithm":[5]},"seed_source_timestamp":25093846928500,"shop_contents":[],"circlet_count":0,"master_deck":["AscendersBane","Strike_B","Strike_B","Strike_B","Defend_B","Defend_B","Defend_B","Defend_B","Zap+1","Dualcast+1","Doom and Gloom+1","Cold Snap","Skim","Compile Driver","Genetic Algorithm","Electrodynamics","Skim"],"potion_use_per_floor":[[],[],[],[],[],[],["Fruit Juice"],[],[],[],[],[]],"relics":["Cracked Core","CaptainsWheel","Du-Vu Doll"],"potions_floor_usage":[7],"damage_taken":[{"damage":2,"enemies":"Jaw Worm","floor":1,"turns":4},{"damage":6,"enemies":"Small Slimes","floor":4,"turns":3},{"damage":0,"enemies":"Cultist","floor":5,"turns":3},{"damage":7,"enemies":"Gremlin Gang","floor":7,"turns":2},{"damage":24,"enemies":"Lagavulin","floor":8,"turns":4},{"damage":7,"enemies":"Blue Slaver","floor":10,"turns":3},{"damage":9,"enemies":"Red Slaver","floor":11,"turns":3},{"damage":8,"enemies":"Gremlin Nob","floor":12,"turns":3}],"seed_played":"8443812959714244812","neow_bonus_log":{"cardsObtained":[],"cardsUpgraded":["Zap"],"cardsRemoved":[],"cardsTransformed":[],"relicsObtained":[],"maxHpGained":0,"goldGained":0,"damageTaken":0,"goldLost":0,"maxHpLost":0},"potions_obtained":[{"floor":1,"key":"ColorlessPotion"},{"floor":5,"key":"Fruit Juice"},{"floor":7,"key":"Energy Potion"},{"floor":11,"key":"SteroidPotion"}],"is_trial":false,"path_per_floor":["M","?","?","M","M","R","M","E","T","M","M","E"],"character_chosen":"DEFECT","basemod:card_modifiers":[null,null,null,null,null,null,null,null,null,null,null,null,null,null,null,null,null],"items_purchased":[],"campfire_rested":0,"item_purchase_floors":[],"current_hp_per_floor":[62,55,55,49,49,49,47,23,23,16,7,0],"gold":215,"neow_bonus":"UPGRADE_CARD","is_prod":false,"is_daily":false,"rewards_skipped":[],"chose_seed":false,"campfire_upgraded":1,"win_rate":0,"floor_exit_playtime":[262,272,279,334,432,516,570,688,705,753,838],"timestamp":1679434560,"path_taken":["M","?","?","M","M","R","M","E","T","M","?","E"],"build_version":"2022-12-18","purchased_purges":0,"victory":false,"max_hp_per_floor":[71,71,71,71,71,71,76,76,76,76,76,76],"relic_stats":{"counters":[8,25],"obtain_stats":[{"Du-Vu Doll":9,"CaptainsWheel":8,"Cracked Core":0},{"Du-Vu Doll":5,"CaptainsWheel":5,"Cracked Core":0},{"Du-Vu Doll":16,"CaptainsWheel":16,"Cracked Core":0}]},"card_choices":[{"not_picked":["Turbo","Glacier"],"picked":"Doom and Gloom","floor":1},{"not_picked":["Steam","Barrage"],"picked":"Cold Snap","floor":4},{"not_picked":["Redo","Compile Driver"],"picked":"Skim","floor":5},{"not_picked":["Conserve Battery","Reinforced Body"],"picked":"Compile Driver","floor":7},{"not_picked":["Compile Driver","Redo"],"picked":"Genetic Algorithm","floor":8},{"not_picked":["Rebound","Conserve Battery"],"picked":"Electrodynamics","floor":10},{"not_picked":["Streamline","Blizzard"],"picked":"Skim","floor":11}],"player_experience":5427274,"relics_obtained":[{"floor":8,"key":"CaptainsWheel"},{"floor":9,"key":"Du-Vu Doll"}],"event_choices":[{"cards_removed":["Strike_B"],"damage_healed":0,"gold_gain":0,"player_choice":"Card Removal","damage_taken":7,"max_hp_gain":0,"max_hp_loss":0,"event_name":"Golden Wing","floor":2,"gold_loss":0},{"damage_healed":0,"gold_gain":0,"player_choice":"Upgraded","damage_taken":0,"max_hp_gain":0,"max_hp_loss":0,"event_name":"Upgrade Shrine","floor":3,"gold_loss":0,"cards_upgraded":["Doom and Gloom"]}],"is_beta":false,"boss_relics":[],"items_purged_floors":[],"is_endless":false,"potions_floor_spawned":[1,5,7,11],"killed_by":"Gremlin Nob","ascension_level":20,"potion_discard_per_floor":[[],[],[],[],[],[],[],[],[],[],["ColorlessPotion"],[]]}