{"neow_bonuses_skipped_log":["RANDOM_COLORLESS","TEN_PERCENT_HP_BONUS","TWENTY_PERCENT_HP_BONUS"],"potions_obtained_entropic_brew":[[],[],[],[],[],[],[],[],[],[],[],[],[],[],[],[],[],[],[],[],[],[],[],[],[],[],[],[],[],[],[],[],[],[],[],[],[],[],[],[],[],[],[],[],[],[],[],[],[],[],[],[],[],[],[],[],[]],"neow_costs_skipped_log":["NONE","NONE","PERCENT_DAMAGE"],"gold_per_floor":[118,118,12,29,49,49,14,14,69,103,27,37,62,75,75,149,149,168,181,200,217,0,0,25,25,71,85,85,105,135,147,147,226,226,244,214,48,66,77,105,105,105,105,105,131,131,146,146,146,146,146,146,146,10,42,42],"floor_reached":57,"playtime":7756,"items_purged":["Zap"],"score":2749,"play_id":"89f768bc-0c43-4021-83f6-82e2694d46e6","local_time":"20230323195322","score_breakdown":["Floors Climbed (57): 285","Enemies Slain (16): 32","Exordium Elites Killed (2): 20","City Elites Killed (2): 40","Beyond Elites Killed (2): 60","Bosses Slain (5): 750","Collector (1): 25","Librarian: 25","Well Fed: 25","Champion (1): 25","Ascension (20): 1212","Heartbreaker: 250"],"is_ascension_mode":true,"potions_obtained_alchemize":[[],[],[],[],[],[],[],[],[],[],[],[],[],[],[],[],[],[],[],[],[],[],[],[],[],[],[],[],[],[],[],[],[],[],[],[],[],[],[],[],[],[],[],[],[],[],[],[],[],[],[],[],[],[],[],[],[]],"campfire_choices":[{"data":"Streamline","floor":6,"key":"SMITH"},{"floor":8,"key":"REST"},{"data":"Sunder","floor":15,"key":"SMITH"},{"data":"Beam Cell","floor":23,"key":"SMITH"},{"data":"Coolheaded","floor":28,"key":"SMITH"},{"data":"Hologram","floor":32,"key":"SMITH"},{"floor":41,"key":"RECALL"},{"data":"Coolheaded","floor":46,"key":"SMITH"},{"data":"Hologram","floor":49,"key":"SMITH"},{"data":"Hologram","floor":53,"key":"SMITH"}],"lesson_learned_per_floor":[[],[],[],[],[],[],[],[],[],[],[],[],[],[],[],[],[],[],[],[],[],[],[],[],[],[],[],[],[],[],[],[],[],[],[],[],[],[],[],[],[],[],[],[],[],[],[],[],[],[],[],[],[],[],[],[],[]],"neow_cost":"NONE","improvable_cards":{"Genetic Algorithm+1":[118],"Genetic Algorithm":[55]},"seed_source_timestamp":9165566786452,"shop_contents":[{"floor":3,"relics":["Toy Ornithopter","Kunai","Medical Kit"],"cards":["Thunder Strike","Steam Power","Machine Learning","Enlightenment","Master of Strategy"],"potions":["FocusPotion","PowerPotion","AttackPotion"]},{"floor":11,"relics":["Bag of Preparation","Anchor","PrismaticShard"],"cards":["Gash","Steam Power","Heatsinks","PanicButton","Sadistic Nature"],"potions":["PowerPotion","EssenceOfSteel","FocusPotion"]},{"floor":22,"relics":["Symbiotic Virus","Singing Bowl","TheAbacus"],"cards":["Blizzard","Turbo","Storm","Deep Breath","Thinking Ahead"],"potions":["Explosive Potion","EssenceOfSteel","Block Potion"]},{"floor":37,"relics":["Letter Opener","Membership Card"],"cards":["Go for the Eyes","Sunder","Redo","Stack","Capacitor","Good Instincts","The Bomb"],"potions":["Ancient Potion","EntropicBrew","DistilledChaos"]},{"floor":44,"relics":["CaptainsWheel","Torii","ClockworkSouvenir"],"cards":["Lockon","Doom and Gloom","Stack","Steam","Storm","Panacea","Master of Strategy"],"potions":["Weak Potion","Block Potion","Energy Potion"]},{"floor":54,"relics":["Mummified Hand","Orichalcum","Runic Capacitor"],"cards":["FTL","Go for the Eyes","Coolheaded","Reinforced Body","Self Repair","Mind Blast","Transmutation"],"potions":["SkillPotion","Fire Potion","SteroidPotion"]}],"circlet_count":0,"master_deck":["AscendersBane","Strike_B","Strike_B+1","Defend_B","Defend_B","Defend_B","Dualcast+1","Genetic Algorithm+1","Ball Lightning","Conserve Battery","Streamline+1","BootSequence","Self Repair","Beam Cell+1","Coolheaded+1","Sunder+1","Hologram+1","Cold Snap","Echo Form","Hologram+1","Turbo","Hologram+1","Genetic Algorithm","Go for the Eyes+1","Undo","Coolheaded+1","Chill","Multi-Cast","Recycle+1","Rip and Tear+1","Fission+1","Sweeping Beam+1","Compile Driver+1","Fusion+1","Core Surge","Skim","Hologram","Double Energy"],"potion_use_per_floor":[[],[],[],[],[],[],[],[],[],[],[],[],[],[],[],["Strength Potion"],[],[],[],[],[],[],[],["GamblersBrew"],[],[],[],[],[],[],[],[],[],[],[],[],[],[],["Block Potion"],[],[],[],[],[],[],[],[],[],[],[],[],[],[],[],["LiquidMemories"],["PowerPotion","DuplicationPotion"],[]],"relics":["Black Star","Ancient Tea Set","Mercury Hourglass","PreservedInsect","Ice Cream","Nunchaku","Coffee Dripper","Mango","Matryoshka","Centennial Puzzle","Gremlin Horn","Potion Belt","Astrolabe","DataDisk","Darkstone Periapt","The Courier","Blue Candle","Lantern","Strawberry","Lizard Tail","Whetstone","Art of War","Calipers"],"potions_floor_usage":[16,24,39,55,56,56],"damage_taken":[{"damage":9,"enemies":"2 Louse","floor":1,"turns":3},{"damage":11,"enemies":"Small Slimes","floor":4,"turns":4},{"damage":0,"enemies":"Jaw Worm","floor":5,"turns":5},{"damage":26,"enemies":"Lagavulin","floor":10,"turns":8},{"damage":7,"enemies":"Gremlin Gang","floor":12,"turns":5},{"damage":0,"enemies":"3 Sentries","floor":13,"turns":3},{"damage":1,"enemies":"Exordium Thugs","floor":14,"turns":4},{"damage":7,"enemies":"Hexaghost","floor":16,"turns":8},{"damage":5,"enemies":"2 Thieves","floor":18,"turns":3},{"damage":11,"enemies":"Spheric Guardian","floor":19,"turns":5},{"damage":2,"enemies":"Shelled Parasite and Fungi","floor":20,"turns":4},{"damage":20,"enemies":"Snecko","floor":21,"turns":6},{"damage":14,"enemies":"Gremlin Leader","floor":24,"turns":9},{"damage":8,"enemies":"Snake Plant","floor":27,"turns":7},{"damage":4,"enemies":"3 Cultists","floor":29,"turns":7},{"damage":6,"enemies":"Slavers","floor":30,"turns":12},{"damage":5,"enemies":"Chosen and Byrds","floor":31,"turns":7},{"damage":11,"enemies":"Automaton","floor":33,"turns":12},{"damage":1,"enemies":"3 Shapes","floor":35,"turns":6},{"damage":3,"enemies":"3 Darklings","floor":38,"turns":9},{"damage":13,"enemies":"Jaw Worm Horde","floor":39,"turns":14},{"damage":4,"enemies":"Giant Head","floor":40,"turns":9},{"damage":20,"enemies":"Nemesis","floor":45,"turns":7},{"damage":12,"enemies":"Writhing Mass","floor":47,"turns":7},{"damage":4,"enemies":"Awakened One","floor":50,"turns":17},{"damage":45,"enemies":"Time Eater","floor":51,"turns":12},{"damage":10,"enemies":"Shield and Spear","floor":55,"turns":12},{"damage":60,"enemies":"The Heart","floor":56,"turns":10}],"green_key_taken_log":40,"seed_played":"4658481602306815271","neow_bonus_log":{"cardsObtained":[],"cardsUpgraded":[],"cardsRemoved":[],"cardsTransformed":[],"relicsObtained":["Black Star"],"maxHpGained":0,"goldGained":0,"damageTaken":0,"goldLost":0,"maxHpLost":0},"potions_obtained":[{"floor":1,"key":"Strength Potion"},{"floor":4,"key":"SteroidPotion"},{"floor":14,"key":"SteroidPotion"},{"floor":19,"key":"LiquidMemories"},{"floor":21,"key":"GamblersBrew"},{"floor":29,"key":"Block Potion"},{"floor":36,"key":"FairyPotion"},{"floor":36,"key":"DuplicationPotion"},{"floor":45,"key":"PowerPotion"},{"floor":55,"key":"DistilledChaos"}],"is_trial":false,"path_per_floor":["M","?","$","M","M","R","?","R","T","E","$","M","E","M","R","B",null,"M","M","M","M","$","R","E","?","T","M","R","M","E","M","R","B",null,"M","?","$","M","M","E","R","?","T","$","E","R","M","T","R","B","B",null,"R","$","E","B",null],"character_chosen":"DEFECT","basemod:card_modifiers":[null,null,null,null,null,null,null,null,null,null,null,null,null,null,null,null,null,null,null,null,null,null,null,null,null,null,null,null,null,null,null,null,null,null,null,null,null,null],"items_purchased":["Ball Lightning","Conserve Battery","Beam Cell","Coolheaded","Genetic Algorithm","Go for the Eyes","DataDisk","Skim","Hologram","Double Energy"],"campfire_rested":1,"item_purchase_floors":[3,3,11,11,22,22,37,54,54,54],"current_hp_per_floor":[55,34,34,23,23,23,40,61,61,35,35,35,42,48,48,48,65,60,63,68,55,55,55,69,69,69,61,61,64,72,81,81,84,85,85,85,85,85,85,85,85,85,85,85,86,86,88,88,88,92,61,84,84,84,88,35],"gold":42,"neow_bonus":"BOSS_RELIC","is_prod":false,"is_daily":false,"rewards_skipped":[{"floor":12,"relics":[],"potions":["Energy Potion"]},{"floor":47,"relics":[],"potions":["Strength Potion"]}],"chose_seed":false,"campfire_upgraded":8,"win_rate":0,"floor_exit_playtime":[131,145,282,373,421,437,453,464,466,607,651,742,871,927,939,1066,1311,1379,1528,1627,1778,1837,1863,2171,2264,2278,2438,2456,2631,2862,3066,3110,3715,3785,3910,3938,3988,4217,4638,4970,4981,4991,4998,5055,5216,5226,5539,5589,5601,6044,6727,6738,6748,6985,7344,7756],"timestamp":1679615602,"blue_key_relic_skipped_log":{"floor":26,"relicID":"Tiny Chest"},"path_taken":["M","?","$","M","M","R","?","R","T","E","?","?","E","M","R","BOSS","M","M","M","M","$","R","E","?","T","M","R","M","E","M","R","BOSS","M","?","$","?","M","E","R","?","T","?","E","R","M","?","R","BOSS","BOSS","R","$","E","BOSS"],"build_version":"2022-12-18","purchased_purges":1,"victory":true,"max_hp_per_floor":[71,71,71,71,71,71,71,71,71,71,71,71,71,71,71,71,71,71,71,71,71,71,71,85,85,85,85,85,85,85,85,85,85,85,85,85,85,85,85,85,85,85,85,85,92,92,92,92,92,92,92,92,92,92,92,92],"relic_stats":{"Ice Cream":[945],"Darkstone Periapt":0,"Calipers":[973],"Gremlin Horn":[18,18],"counters":[28,213],"Astrolabe":["Recycle","Rip and Tear","Fission"],"Blue Candle":[2],"PreservedInsect":375,"The Courier":34,"Whetstone":["Compile Driver","Strike_B"],"Ancient Tea Set":[16],"Mercury Hourglass":[658],"Nunchaku":[38],"Centennial Puzzle":[45],"Lizard Tail":0,"Matryoshka":2,"Black Star":7,"Art of War":[0],"obtain_stats":[{"Ice Cream":13,"Potion Belt":30,"Darkstone Periapt":40,"Lantern":43,"Calipers":55,"Gremlin Horn":30,"Astrolabe":34,"Blue Candle":43,"Mango":24,"PreservedInsect":10,"The Courier":40,"Whetstone":48,"Ancient Tea Set":9,"Mercury Hourglass":10,"Nunchaku":13,"Centennial Puzzle":26,"DataDisk":37,"Lizard Tail":45,"Matryoshka":24,"Strawberry":45,"Black Star":0,"Coffee Dripper":17,"Art of War":55,"Cracked Core":0},{"Ice Cream":6,"Potion Belt":16,"Darkstone Periapt":22,"Lantern":22,"Calipers":27,"Gremlin Horn":16,"Astrolabe":18,"Blue Candle":22,"Mango":13,"PreservedInsect":4,"The Courier":22,"Whetstone":24,"Ancient Tea Set":3,"Mercury Hourglass":4,"Nunchaku":6,"Centennial Puzzle":13,"DataDisk":19,"Lizard Tail":23,"Matryoshka":13,"Strawberry":23,"Black Star":0,"Coffee Dripper":8,"Art of War":27,"Cracked Core":0},{"Ice Cream":27,"Potion Belt":91,"Darkstone Periapt":148,"Lantern":148,"Calipers":203,"Gremlin Horn":91,"Astrolabe":110,"Blue Candle":148,"Mango":66,"PreservedInsect":20,"The Courier":148,"Whetstone":162,"Ancient Tea Set":12,"Mercury Hourglass":20,"Nunchaku":27,"Centennial Puzzle":66,"DataDisk":116,"Lizard Tail":155,"Matryoshka":66,"Strawberry":155,"Black Star":0,"Coffee Dripper":39,"Art of War":203,"Cracked Core":0}]},"card_choices":[{"not_picked":["Redo","Scrape"],"picked":"Genetic Algorithm","floor":1},{"not_picked":["Genetic Algorithm","Heatsinks"],"picked":"Streamline","floor":4},{"not_picked":["Capacitor","Heatsinks"],"picked":"BootSequence","floor":5},{"not_picked":["Defragment","Streamline"],"picked":"Self Repair","floor":10},{"not_picked":["Leap","Beam Cell"],"picked":"Sunder","floor":12},{"not_picked":["Conserve Battery","Consume"],"picked":"Hologram","floor":13},{"not_picked":["Sweeping Beam","White Noise"],"picked":"Cold Snap","floor":14},{"not_picked":["Fission","Amplify"],"picked":"Echo Form","floor":16},{"not_picked":["Beam Cell","Reinforced Body"],"picked":"Hologram","floor":18},{"not_picked":["Lockon","Melter","Sweeping Beam"],"picked":"SKIP","floor":19},{"not_picked":["Self Repair","Streamline"],"picked":"Turbo","floor":20},{"not_picked":["Multi-Cast","Ball Lightning"],"picked":"Hologram","floor":21},{"not_picked":["Static Discharge","Double Energy","Fusion"],"picked":"SKIP","floor":24},{"not_picked":["Scrape","Static Discharge+1"],"picked":"Undo","floor":27},{"not_picked":["Auto Shields","Barrage"],"picked":"Coolheaded","floor":29},{"not_picked":["Scrape","Multi-Cast"],"picked":"Chill","floor":30},{"not_picked":["Reinforced Body","Self Repair","Heatsinks"],"picked":"SKIP","floor":31},{"not_picked":["Creative AI","Amplify"],"picked":"Multi-Cast","floor":33},{"not_picked":["Gash","Compile Driver"],"picked":"Sweeping Beam+1","floor":35},{"not_picked":["Beam Cell","Go for the Eyes"],"picked":"Compile Driver","floor":38},{"not_picked":["Tempest+1","Auto Shields+1"],"picked":"Fusion+1","floor":39},{"not_picked":["Glacier","Compile Driver"],"picked":"Core Surge","floor":40},{"not_picked":["Rebound","Ball Lightning+1","Tempest"],"picked":"SKIP","floor":45},{"not_picked":["Rebound","Ball Lightning+1","Tempest"],"picked":"SKIP","floor":45},{"not_picked":["Rebound","Sunder","Heatsinks+1"],"picked":"SKIP","floor":47},{"not_picked":["Rebound","Sunder","Heatsinks+1"],"picked":"SKIP","floor":47},{"not_picked":["Loop","Sweeping Beam","Fusion"],"picked":"SKIP","floor":55}],"player_experience":5436470,"relics_obtained":[{"floor":9,"key":"Ancient Tea Set"},{"floor":10,"key":"Mercury Hourglass"},{"floor":10,"key":"PreservedInsect"},{"floor":13,"key":"Ice Cream"},{"floor":13,"key":"Nunchaku"},{"floor":24,"key":"Mango"},{"floor":24,"key":"Matryoshka"},{"floor":26,"key":"Centennial Puzzle"},{"floor":30,"key":"Gremlin Horn"},{"floor":30,"key":"Potion Belt"},{"floor":40,"key":"Darkstone Periapt"},{"floor":40,"key":"The Courier"},{"floor":43,"key":"Blue Candle"},{"floor":43,"key":"Lantern"},{"floor":45,"key":"Strawberry"},{"floor":45,"key":"Lizard Tail"},{"floor":48,"key":"Whetstone"},{"floor":55,"key":"Art of War"},{"floor":55,"key":"Calipers"}],"event_choices":[{"damage_healed":0,"gold_gain":0,"player_choice":"Entered Light","damage_taken":21,"max_hp_gain":0,"max_hp_loss":0,"event_name":"Shining Light","floor":2,"gold_loss":0,"cards_upgraded":["Dualcast","Genetic Algorithm"]},{"damage_healed":17,"gold_gain":0,"player_choice":"Healed","damage_taken":0,"max_hp_gain":0,"max_hp_loss":0,"event_name":"The Cleric","floor":7,"gold_loss":35},{"damage_healed":0,"gold_gain":0,"player_choice":"Ignored","damage_taken":0,"max_hp_gain":0,"max_hp_loss":0,"event_name":"The Mausoleum","floor":25,"gold_loss":0},{"damage_healed":0,"gold_gain":0,"player_choice":"Bought 2 Potions","damage_taken":0,"max_hp_gain":0,"max_hp_loss":0,"event_name":"The Woman in Blue","floor":36,"gold_loss":0},{"damage_healed":0,"gold_gain":0,"player_choice":"Upgraded","damage_taken":0,"max_hp_gain":0,"max_hp_loss":0,"event_name":"Upgrade Shrine","floor":42,"gold_loss":0,"cards_upgraded":["Go for the Eyes"]}],"is_beta":false,"boss_relics":[{"not_picked":["Velvet Choker","Fusion Hammer"],"picked":"Coffee Dripper"},{"not_picked":["Calling Bell","Empty Cage"],"picked":"Astrolabe"}],"items_purged_floors":[22],"is_endless":false,"potions_floor_spawned":[1,4,12,14,19,21,29,45,47,55],"ascension_level":20,"potion_discard_per_floor":[[],[],[],[],[],[],[],[],[],[],[],[],[],["SteroidPotion"],[],[],[],[],[],[],["SteroidPotion"],[],[],[],[],[],[],[],[],[],[],[],[],[],[],[],[],[],[],[],[],[],[],[],[],[],[],[],[],[],[],[],[],[],[],["DistilledChaos","FairyPotion"],[]]}