{"neow_bonuses_skipped_log":["TEN_PERCENT_HP_BONUS"],"potions_obtained_entropic_brew":[[],[],[],[],[],[],[],[],[],[],[],[],[],[],[],[],[],[],[],[],[],[],[],[],[],[],[],[],[],[],[],[],[],[],[],[],[],[],[],[],[],[],[],[],[],[],[],[],[],[],[]],"neow_costs_skipped_log":["NONE"],"gold_per_floor":[116,134,134,134,209,237,237,271,295,295,312,4,21,21,21,96,96,107,127,138,138,149,182,25,45,99,99,109,140,140,159,159,234,234,254,254,254,268,281,281,298,298,322,350,361,378,423,450,450,450,450],"floor_reached":51,"playtime":10508,"items_purged":["Strike_B"],"score":1468,"play_id":"dfe8eed7-d79d-4cf0-9296-5bf8c95adb59","local_time":"20230320220638","score_breakdown":["Floors Climbed (51): 255","Enemies Slain (17): 34","Exordium Elites Killed (2): 20","City Elites Killed (2): 40","Beyond Elites Killed (2): 60","Bosses Slain (3): 300","Champion (1): 25","Ascension (20): 734"],"is_ascension_mode":true,"potions_obtained_alchemize":[[],[],[],[],[],[],[],[],[],[],[],[],[],[],[],[],[],[],[],[],[],[],[],[],[],[],[],[],[],[],[],[],[],[],[],[],[],[],[],[],[],[],[],[],[],[],[],[],[],[],[]],"campfire_choices":[{"floor":7,"key":"REST"},{"data":"Sunder","floor":10,"key":"SMITH"},{"data":"Seek","floor":15,"key":"SMITH"},{"data":"Beam Cell","floor":27,"key":"SMITH"},{"data":"Turbo","floor":30,"key":"SMITH"},{"data":"Coolheaded","floor":32,"key":"SMITH"},{"data":"Seek","floor":40,"key":"SMITH"},{"data":"Coolheaded","floor":42,"key":"SMITH"},{"floor":49,"key":"RECALL"}],"lesson_learned_per_floor":[[],[],[],[],[],[],[],[],[],[],[],[],[],[],[],[],[],[],[],[],[],[],[],[],[],[],[],[],[],[],[],[],[],[],[],[],[],[],[],[],[],[],[],[],[],[],[],[],[],[],[]],"neow_cost":"NONE","improvable_cards":{},"seed_source_timestamp":8672973755244,"shop_contents":[{"floor":12,"relics":["Frozen Egg 2","Medical Kit"],"cards":["Barrage","Sunder","Aggregate","Darkness","Swift Strike","Chrysalis"],"potions":["Energy Potion","SneckoOil","PowerPotion"]},{"floor":24,"relics":["White Beast Statue","Nunchaku"],"cards":["Sunder","Barrage","Redo","BootSequence","Hello World","Trip","Secret Technique"],"potions":["Energy Potion","Explosive Potion","GamblersBrew"]}],"circlet_count":0,"master_deck":["AscendersBane","Strike_B","Defend_B","Defend_B","Zap","Dualcast+1","Sunder+1","Undo+1","Lockon","Seek+1","Conserve Battery","Self Repair","Beam Cell+1","Creative AI","Defragment+1","Auto Shields+1","Turbo+1","Sweeping Beam+1","Stack","Coolheaded+1","Meteor Strike","Compile Driver","Cold Snap","Darkness+1","Seek+1","Defragment+1","Madness","Madness","Coolheaded+1","Double Energy","Glacier","Seek","Aggregate"],"potion_use_per_floor":[[],[],[],[],[],[],[],["EssenceOfSteel","BlessingOfTheForge"],[],[],[],[],[],[],[],[],[],[],[],[],[],[],["AttackPotion"],[],[],[],[],[],[],[],[],[],[],[],[],[],[],[],[],[],[],[],[],[],[],[],[],["Swift Potion"],[],[],[]],"relics":["Cracked Core","NeowsBlessing","Centennial Puzzle","Mummified Hand","Anchor","Toy Ornithopter","Orichalcum","Astrolabe","Akabeko","Frozen Eye","Dream Catcher","Sozu","Strawberry","Calipers","Lantern"],"potions_floor_usage":[8,8,23,48],"damage_taken":[{"damage":0,"enemies":"Cultist","floor":1,"turns":1},{"damage":0,"enemies":"2 Louse","floor":2,"turns":1},{"damage":0,"enemies":"3 Sentries","floor":6,"turns":1},{"damage":21,"enemies":"Gremlin Nob","floor":8,"turns":4},{"damage":0,"enemies":"Small Slimes","floor":11,"turns":2},{"damage":9,"enemies":"Gremlin Gang","floor":13,"turns":3},{"damage":13,"enemies":"The Guardian","floor":16,"turns":12},{"damage":7,"enemies":"3 Byrds","floor":18,"turns":4},{"damage":13,"enemies":"2 Thieves","floor":19,"turns":4},{"damage":5,"enemies":"Cultist and Chosen","floor":20,"turns":4},{"damage":0,"enemies":"Centurion and Healer","floor":22,"turns":19},{"damage":21,"enemies":"Slavers","floor":23,"turns":7},{"damage":0,"enemies":"Snake Plant","floor":25,"turns":3},{"damage":5,"enemies":"3 Cultists","floor":28,"turns":6},{"damage":13,"enemies":"Gremlin Leader","floor":29,"turns":8},{"damage":8,"enemies":"Centurion and Healer","floor":31,"turns":10},{"damage":22,"enemies":"Collector","floor":33,"turns":6},{"damage":2,"enemies":"3 Darklings","floor":35,"turns":4},{"damage":0,"enemies":"Orb Walker","floor":38,"turns":2},{"damage":16,"enemies":"Jaw Worm Horde","floor":39,"turns":8},{"damage":0,"enemies":"4 Shapes","floor":41,"turns":9},{"damage":2,"enemies":"Giant Head","floor":44,"turns":7},{"damage":1,"enemies":"Sphere and 2 Shapes","floor":45,"turns":4},{"damage":0,"enemies":"3 Darklings","floor":46,"turns":5},{"damage":45,"enemies":"2 Orb Walkers","floor":47,"turns":5},{"damage":20,"enemies":"Reptomancer","floor":48,"turns":10},{"damage":7,"enemies":"Awakened One","floor":50,"turns":23},{"damage":55,"enemies":"Donu and Deca","floor":51,"turns":8}],"green_key_taken_log":48,"seed_played":"-3827729251230010014","neow_bonus_log":{"cardsObtained":[],"cardsUpgraded":[],"cardsRemoved":[],"cardsTransformed":[],"relicsObtained":["NeowsBlessing"],"maxHpGained":0,"goldGained":0,"damageTaken":0,"goldLost":0,"maxHpLost":0},"potions_obtained":[{"floor":2,"key":"BlessingOfTheForge"},{"floor":6,"key":"EssenceOfSteel"},{"floor":11,"key":"Fire Potion"},{"floor":13,"key":"BlessingOfTheForge"},{"floor":16,"key":"ColorlessPotion"},{"floor":20,"key":"AttackPotion"},{"floor":25,"key":"Strength Potion"},{"floor":31,"key":"Ancient Potion"},{"floor":33,"key":"Swift Potion"}],"is_trial":false,"path_per_floor":["M","M","?","?","?","E","R","E","T","R","M","$","M","?","R","B",null,"M","M","M","?","M","E","$","M","T","R","M","E","R","M","R","B",null,"M","?","?","M","M","R","M","R","T","E","M","M","?","E","R","B","B"],"character_chosen":"DEFECT","basemod:card_modifiers":[null,null,null,null,null,null,null,null,null,null,null,null,null,null,null,null,null,null,null,null,null,null,null,null,null,null,null,null,null,null,null,null,null],"items_purchased":["Self Repair","Orichalcum","Frozen Eye"],"campfire_rested":1,"item_purchase_floors":[12,12,24],"current_hp_per_floor":[64,64,59,38,27,27,48,27,27,27,27,27,25,25,25,19,58,58,52,54,54,68,57,57,64,64,64,66,60,60,66,66,51,66,71,58,71,71,62,62,71,71,78,78,78,78,40,32,32,39,0],"gold":450,"neow_bonus":"THREE_ENEMY_KILL","is_prod":false,"is_daily":false,"rewards_skipped":[{"floor":18,"relics":[],"potions":["CultistPotion"]},{"floor":22,"relics":[],"potions":["PowerPotion"]},{"floor":38,"relics":[],"potions":["DuplicationPotion"]},{"floor":41,"relics":[],"potions":["Fire Potion"]},{"floor":44,"relics":["Bottled Flame"],"potions":["DistilledChaos"]},{"floor":48,"relics":[],"potions":["EssenceOfSteel"]}],"chose_seed":false,"campfire_upgraded":7,"win_rate":0,"floor_exit_playtime":[174,240,250,263,282,350,359,882,946,955,989,1138,1247,1268,1274,1703,1884,2303,2500,2819,2907,3273,3708,3737,4058,4169,4202,4749,5182,5189,5427,5457,5821,6157,6349,6444,6552,6699,7077,7085,7301,7332,7338,7747,7838,8084,8399,9351,9354,10182],"timestamp":1679364398,"blue_key_relic_skipped_log":{"floor":26,"relicID":"Vajra"},"path_taken":["M","M","?","?","?","E","R","E","T","R","M","$","M","?","R","BOSS","M","M","?","?","M","E","?","M","T","R","M","E","R","M","R","BOSS","M","?","?","?","?","R","M","R","T","E","M","M","?","E","R","BOSS","BOSS"],"build_version":"2022-12-18","purchased_purges":1,"victory":false,"max_hp_per_floor":[71,71,71,71,71,71,71,71,71,71,71,71,71,71,71,71,71,71,71,71,71,71,71,71,71,71,71,71,71,71,71,71,71,71,71,71,71,71,71,71,71,71,78,78,78,78,78,78,78,78,78],"relic_stats":{"Sozu":4,"Frozen Eye":1279.9515,"Centennial Puzzle":[57],"Dream Catcher":0,"Calipers":[148],"counters":[28,180],"Mummified Hand":[195],"Astrolabe":["Defragment","Hello World","Auto Shields"],"Orichalcum":[156],"obtain_stats":[{"Lantern":48,"Calipers":47,"NeowsBlessing":0,"Astrolabe":17,"Orichalcum":12,"Akabeko":23,"Sozu":34,"Frozen Eye":24,"Centennial Puzzle":3,"Anchor":8,"Dream Catcher":29,"Mummified Hand":6,"Strawberry":43,"Cracked Core":0,"Toy Ornithopter":9},{"Lantern":26,"Calipers":25,"NeowsBlessing":0,"Astrolabe":7,"Orichalcum":5,"Akabeko":12,"Sozu":17,"Frozen Eye":12,"Centennial Puzzle":2,"Anchor":4,"Dream Catcher":15,"Mummified Hand":3,"Strawberry":21,"Cracked Core":0,"Toy Ornithopter":4},{"Lantern":149,"Calipers":139,"NeowsBlessing":0,"Astrolabe":24,"Orichalcum":9,"Akabeko":62,"Sozu":95,"Frozen Eye":62,"Centennial Puzzle":2,"Anchor":7,"Dream Catcher":79,"Mummified Hand":3,"Strawberry":118,"Cracked Core":0,"Toy Ornithopter":7}],"Toy Ornithopter":8},"card_choices":[{"not_picked":["Beam Cell","Barrage"],"picked":"Sunder","floor":1},{"not_picked":["FTL","Melter"],"picked":"Undo","floor":2},{"not_picked":["Conserve Battery","Gash"],"picked":"Lockon","floor":6},{"not_picked":["Redo","Creative AI"],"picked":"Seek","floor":8},{"not_picked":["Barrage","Streamline"],"picked":"Conserve Battery","floor":11},{"not_picked":["Tempest","Gash"],"picked":"Beam Cell","floor":13},{"not_picked":["Rainbow","Thunder Strike"],"picked":"Creative AI","floor":16},{"not_picked":["Rip and Tear","Steam Power"],"picked":"Turbo","floor":18},{"not_picked":["Leap","Capacitor"],"picked":"Sweeping Beam+1","floor":19},{"not_picked":["Rebound","Reprogram+1"],"picked":"Stack","floor":20},{"not_picked":["Gash+1","FTL"],"picked":"Coolheaded","floor":22},{"not_picked":["Compile Driver","Storm"],"picked":"Meteor Strike","floor":23},{"not_picked":["Sweeping Beam","Chaos"],"picked":"Compile Driver","floor":25},{"not_picked":["Self Repair+1","Steam"],"picked":"Cold Snap","floor":28},{"not_picked":["Ball Lightning","Conserve Battery","Sunder"],"picked":"SKIP","floor":29},{"not_picked":["Scrape","Hello World"],"picked":"Darkness+1","floor":31},{"not_picked":["Machine Learning","Meteor Strike"],"picked":"Seek","floor":33},{"not_picked":["Loop","Coolheaded"],"picked":"Defragment+1","floor":35},{"not_picked":["Defragment","Rebound","Steam"],"picked":"SKIP","floor":38},{"not_picked":["Defragment","Rebound","Steam"],"picked":"SKIP","floor":38},{"not_picked":["Darkness","Cold Snap"],"picked":"Coolheaded","floor":39},{"not_picked":["Auto Shields","Conserve Battery"],"picked":"Double Energy","floor":41},{"not_picked":["Conserve Battery","FTL"],"picked":"Glacier","floor":44},{"not_picked":["Lockon","Rebound"],"picked":"Seek","floor":45},{"not_picked":["Leap","Darkness","Conserve Battery"],"picked":"SKIP","floor":46},{"not_picked":["Sweeping Beam","Gash","Streamline"],"picked":"SKIP","floor":47},{"not_picked":["Genetic Algorithm","Sunder+1"],"picked":"Aggregate","floor":48}],"player_experience":5416766,"relics_obtained":[{"floor":6,"key":"Mummified Hand"},{"floor":8,"key":"Anchor"},{"floor":9,"key":"Toy Ornithopter"},{"floor":23,"key":"Akabeko"},{"floor":29,"key":"Dream Catcher"},{"floor":43,"key":"Strawberry"},{"floor":47,"key":"Calipers"},{"floor":48,"key":"Lantern"}],"event_choices":[{"damage_healed":0,"gold_gain":0,"player_choice":"Success","damage_taken":5,"relics_obtained":["Centennial Puzzle"],"max_hp_gain":0,"max_hp_loss":0,"event_name":"Scrap Ooze","floor":3,"gold_loss":0},{"damage_healed":0,"gold_gain":0,"player_choice":"Entered Light","damage_taken":21,"max_hp_gain":0,"max_hp_loss":0,"event_name":"Shining Light","floor":4,"gold_loss":0,"cards_upgraded":["Undo","Dualcast"]},{"damage_healed":0,"gold_gain":75,"player_choice":"Gather Gold","damage_taken":11,"max_hp_gain":0,"max_hp_loss":0,"event_name":"World of Goop","floor":5,"gold_loss":0},{"cards_removed":["Strike_B"],"damage_healed":0,"gold_gain":0,"player_choice":"Purged","damage_taken":0,"max_hp_gain":0,"max_hp_loss":0,"event_name":"Purifier","floor":14,"gold_loss":0},{"damage_healed":0,"gold_gain":0,"player_choice":"Ignored","damage_taken":0,"max_hp_gain":0,"max_hp_loss":0,"event_name":"Vampires","floor":21,"gold_loss":0},{"damage_healed":0,"gold_gain":0,"player_choice":"Embrace Madness","damage_taken":13,"max_hp_gain":0,"max_hp_loss":0,"event_name":"Winding Halls","floor":36,"gold_loss":0,"cards_obtained":["Madness","Madness"]},{"cards_removed":["Hello World"],"damage_healed":13,"gold_gain":0,"player_choice":"Offered Uncommon","damage_taken":0,"max_hp_gain":0,"max_hp_loss":0,"event_name":"Bonfire Elementals","floor":37,"gold_loss":0},{"damage_healed":0,"gold_gain":0,"player_choice":"Fight","damage_taken":0,"max_hp_gain":0,"max_hp_loss":0,"event_name":"Mysterious Sphere","floor":47,"gold_loss":0}],"is_beta":false,"boss_relics":[{"not_picked":["Runic Dome","Cursed Key"],"picked":"Astrolabe"},{"not_picked":["Pandora\u0027s Box","Black Star"],"picked":"Sozu"}],"items_purged_floors":[12],"is_endless":false,"potions_floor_spawned":[2,6,11,13,16,18,20,22,25,31,33,38,41,44,48],"killed_by":"Donu and Deca","ascension_level":20,"potion_discard_per_floor":[[],[],[],[],[],[],[],[],[],[],[],[],[],[],[],["BlessingOfTheForge"],[],[],[],["ColorlessPotion"],[],[],[],[],[],[],[],[],[],[],["Strength Potion"],[],["Fire Potion"],[],[],[],[],[],[],[],[],[],[],[],[],[],[],[],[],[],[]]}