{"neow_bonuses_skipped_log":["TEN_PERCENT_HP_BONUS"],"neow_costs_skipped_log":["NONE"],"potions_obtained_entropic_brew":[[],[],[],[],[],[],[],[],[],[],[],[],[],[],[],[],[],[],[],[],[],[],[],[],[],[],[],[],[],[],[],[],[],[],[],[],[],[],[],[],[],[],[],[],[],[],[],[],[],[],[],[],[],[],[],[]],"gold_per_floor":[116,133,183,193,13,13,47,63,63,93,106,106,119,138,138,210,210,230,246,264,264,189,189,217,48,71,71,171,206,226,246,246,319,319,329,329,348,361,361,361,396,414,437,457,457,487,487,507,507,507,507,507,507,65,93,93],"floor_reached":56,"playtime":8243,"items_purged":["Strike_B"],"score":2147,"play_id":"35789842-4664-45b3-b2b5-9bb8659c785a","local_time":"20230322203415","falling_options_log":["Genetic Algorithm+1","Capacitor+1"],"score_breakdown":["Floors Climbed (56): 280","Enemies Slain (18): 36","Exordium Elites Killed (2): 20","City Elites Killed (2): 40","Beyond Elites Killed (2): 60","Bosses Slain (4): 500","Librarian: 25","Champion (3): 75","Perfect (1): 50","Ascension (20): 1061"],"is_ascension_mode":true,"potions_obtained_alchemize":[[],[],[],[],[],[],[],[],[],[],[],[],[],[],[],[],[],[],[],[],[],[],[],[],[],[],[],[],[],[],[],[],[],[],[],[],[],[],[],[],[],[],[],[],[],[],[],[],[],[],[],[],[],[],[],[]],"campfire_choices":[{"data":"Sunder","floor":6.0,"key":"SMITH"},{"floor":12.0,"key":"REST"},{"data":"Static Discharge","floor":15.0,"key":"SMITH"},{"floor":23.0,"key":"REST"},{"data":"Fusion","floor":27.0,"key":"SMITH"},{"data":"Genetic Algorithm","floor":32.0,"key":"SMITH"},{"data":"Loop","floor":40.0,"key":"SMITH"},{"floor":49.0,"key":"RECALL"},{"data":"Biased Cognition","floor":53.0,"key":"SMITH"}],"lesson_learned_per_floor":[[],[],[],[],[],[],[],[],[],[],[],[],[],[],[],[],[],[],[],[],[],[],[],[],[],[],[],[],[],[],[],[],[],[],[],[],[],[],[],[],[],[],[],[],[],[],[],[],[],[],[],[],[],[],[],[]],"neow_cost":"NONE","improvable_cards":{"Genetic Algorithm+1":[39]},"seed_source_timestamp":0,"shop_contents":[{"floor":5,"relics":["Toy Ornithopter","WingedGreaves","OrangePellets"],"cards":["Lockon","Melter","Hologram","Tempest","Loop","Mayhem"],"potions":["Block Potion","SmokeBomb","SpeedPotion"]},{"floor":25,"relics":["Kunai","Strange Spoon"],"cards":["Rebound","Barrage","Multi-Cast","Force Field","Storm","PanicButton","Secret Technique"],"potions":["PowerPotion","EntropicBrew","SkillPotion"]},{"floor":54,"relics":["Strawberry"],"cards":["Gash","Beam Cell","Stack","Reinforced Body","Static Discharge","Metamorphosis"],"potions":["LiquidMemories","AttackPotion","Fire Potion"]}],"circlet_count":0,"master_deck":["AscendersBane","Defend_B","Defend_B","Defend_B","Dualcast","Skim","Sunder+1","Steam","Trip","Steam Power","Tempest","Turbo","Static Discharge+1","Cold Snap+1","Biased Cognition+1","Cold Snap","Glacier","Fusion+1","Loop+1","Core Surge","Glacier","Go for the Eyes","Genetic Algorithm+1","Coolheaded","Core Surge","Madness","Madness","Compile Driver+1","Rebound+1","Capacitor+1","Barrage","Secret Technique","Blind","Dark Shackles","Consume+1","Skim","Doom and Gloom","Redo","Reinforced Body+1","Skim","Purity","Glacier+1"],"special_seed":0,"potion_use_per_floor":[[],[],[],[],[],[],[],[],[],["Swift Potion","DuplicationPotion"],[],[],[],[],[],["DistilledChaos"],[],[],[],[],[],[],[],["Swift Potion"],[],[],[],[],[],[],[],[],[],[],[],[],[],["Energy Potion"],[],[],[],[],[],[],[],["PowerPotion"],[],[],[],[],[],[],[],[],["FocusPotion"],["Ancient Potion","Swift Potion"]],"relics":["Cracked Core","NeowsBlessing","Letter Opener","Calipers","Du-Vu Doll","Runic Pyramid","MealTicket","PreservedInsect","DataDisk","FossilizedHelix","Pantograph","Bronze Scales","Empty Cage","Girya","Sundial","Orrery","Pen Nib","Whetstone"],"potions_floor_usage":[56,56],"damage_taken":[{"damage":0.0,"enemies":"Jaw Worm","floor":1.0,"turns":1.0},{"damage":0.0,"enemies":"Cultist","floor":2.0,"turns":1.0},{"damage":0.0,"enemies":"2 Louse","floor":4.0,"turns":1.0},{"damage":40.0,"enemies":"3 Sentries","floor":7.0,"turns":10.0},{"damage":3.0,"enemies":"Blue Slaver","floor":8.0,"turns":3.0},{"damage":4.0,"enemies":"Lagavulin","floor":10.0,"turns":3.0},{"damage":0.0,"enemies":"3 Louse","floor":11.0,"turns":1.0},{"damage":0.0,"enemies":"Red Slaver","floor":13.0,"turns":1.0},{"damage":0.0,"enemies":"Large Slime","floor":14.0,"turns":4.0},{"damage":14.0,"enemies":"Hexaghost","floor":16.0,"turns":5.0},{"damage":0.0,"enemies":"Spheric Guardian","floor":18.0,"turns":3.0},{"damage":20.0,"enemies":"Shell Parasite","floor":19.0,"turns":4.0},{"damage":24.0,"enemies":"Snake Plant","floor":20.0,"turns":2.0},{"damage":15.0,"enemies":"Slavers","floor":24.0,"turns":4.0},{"damage":1.0,"enemies":"Colosseum Slavers","floor":28.0,"turns":4.0},{"damage":4.0,"enemies":"Colosseum Nobs","floor":28.0,"turns":3.0},{"damage":0.0,"enemies":"Book of Stabbing","floor":29.0,"turns":5.0},{"damage":0.0,"enemies":"3 Cultists","floor":30.0,"turns":4.0},{"damage":0.0,"enemies":"Sentry and Sphere","floor":31.0,"turns":5.0},{"damage":0.0,"enemies":"Champ","floor":33.0,"turns":42.0},{"damage":0.0,"enemies":"Orb Walker","floor":35.0,"turns":3.0},{"damage":3.0,"enemies":"3 Shapes","floor":37.0,"turns":4.0},{"damage":22.0,"enemies":"Transient","floor":38.0,"turns":6.0},{"damage":0.0,"enemies":"Nemesis","floor":41.0,"turns":7.0},{"damage":0.0,"enemies":"Spire Growth","floor":42.0,"turns":7.0},{"damage":0.0,"enemies":"4 Shapes","floor":44.0,"turns":6.0},{"damage":0.0,"enemies":"Reptomancer","floor":46.0,"turns":8.0},{"damage":0.0,"enemies":"Sphere and 2 Shapes","floor":48.0,"turns":15.0},{"damage":4.0,"enemies":"Time Eater","floor":50.0,"turns":22.0},{"damage":24.0,"enemies":"Awakened One","floor":51.0,"turns":42.0},{"damage":62.0,"enemies":"Shield and Spear","floor":55.0,"turns":8.0},{"damage":37,"enemies":"The Heart","floor":56,"turns":14}],"green_key_taken_log":46,"seed_played":"-5303608197426527958","neow_bonus_log":{"cardsObtained":[],"cardsUpgraded":[],"cardsRemoved":[],"cardsTransformed":[],"relicsObtained":["NeowsBlessing"],"maxHpGained":0,"goldGained":0,"damageTaken":0,"goldLost":0,"maxHpLost":0},"potions_obtained":[{"floor":2.0,"key":"Swift Potion"},{"floor":4.0,"key":"DuplicationPotion"},{"floor":10.0,"key":"DistilledChaos"},{"floor":16.0,"key":"Energy Potion"},{"floor":20.0,"key":"Swift Potion"},{"floor":30.0,"key":"SpeedPotion"},{"floor":38.0,"key":"PowerPotion"},{"floor":39.0,"key":"FocusPotion"},{"floor":48.0,"key":"Ancient Potion"},{"floor":55.0,"key":"Swift Potion"}],"is_trial":false,"path_per_floor":["M","M","?","M","$","R","E","M","T","E","M","R","M","M","R","B",null,"M","M","M","?","?","R","E","$","T","R","?","E","M","M","R","B",null,"M","?","M","M","?","R","E","M","T","M","?","E","?","M","R","B","B",null,"R","$","E","B"],"character_chosen":"DEFECT","basemod:card_modifiers":[null,null,null,null,null,null,null,null,null,null,null,null,null,null,null,null,null,null,null,null,null,null,null,null,null,null,null,null,null,null,null,null,null,null,null,null,null,null,null,null,null,null],"items_purchased":["Trip","PreservedInsect","Orrery","Purity","Pen Nib"],"campfire_rested":2,"item_purchase_floors":[5,25,54,54,54],"current_hp_per_floor":[64,64,57,57,57,57,17,14,14,10,10,31,31,31,31,17,58,58,38,14,14,14,35,20,35,35,35,30,30,30,30,30,55,67,67,54,51,29,29,29,29,29,29,29,19,19,19,19,19,40,41,64,64,71,9,0],"gold":93,"neow_bonus":"THREE_ENEMY_KILL","is_prod":false,"is_daily":false,"rewards_skipped":[{"floor":7,"relics":[],"potions":["SteroidPotion"]},{"floor":33,"relics":[],"potions":["BlessingOfTheForge"]},{"floor":35,"relics":[],"potions":["Weak Potion"]},{"floor":39,"relics":[],"potions":["ColorlessPotion"]},{"floor":44,"relics":[],"potions":["SteroidPotion"]}],"chose_seed":false,"campfire_upgraded":6,"win_rate":0,"floor_exit_playtime":[102,119,146,182,244,250,469,543,545,647,755,760,837,1022,1028,1161,1288,1371,1503,1537,1580,1669,1684,1781,1829,1948,1955,2150,2272,2447,2599,2655,3381,3499,3677,3728,3814,4192,4219,4246,4431,4523,4528,4705,4801,5095,5100,5275,5282,5559,6102,6112,6143,6300,7689],"timestamp":1679531655,"blue_key_relic_skipped_log":{"floor":43,"relicID":"Boot"},"path_taken":["M","M","?","?","$","R","E","M","T","E","M","R","M","M","R","BOSS","M","M","M","?","?","R","E","$","T","R","?","E","M","M","R","BOSS","M","?","M","M","?","R","E","?","T","M","?","E","?","M","R","BOSS","BOSS","R","$","E","BOSS"],"build_version":"2022-12-18","purchased_purges":1,"victory":false,"max_hp_per_floor":[71,71,71,71,71,71,71,71,71,71,71,71,71,71,71,71,71,71,71,71,71,71,71,71,71,71,71,71,71,71,71,71,71,71,71,71,71,71,71,71,71,71,71,71,71,71,71,71,71,71,71,71,71,71,71,71],"relic_stats":{"Girya":0,"Calipers":[47807],"counters":[32,248],"PreservedInsect":268,"Pen Nib":[2],"Letter Opener":[632],"Whetstone":["Cold Snap","Rebound"],"Sundial":[10],"Pantograph":100,"Bronze Scales":[812],"MealTicket":22,"obtain_stats":[{"Girya":41,"Calipers":9,"NeowsBlessing":0,"PreservedInsect":25,"Pen Nib":54,"Letter Opener":7,"Whetstone":55,"Empty Cage":34,"Du-Vu Doll":10,"DataDisk":26,"Sundial":46,"Pantograph":28,"Bronze Scales":29,"Orrery":54,"MealTicket":24,"Cracked Core":0,"FossilizedHelix":28,"Runic Pyramid":17},{"Girya":24,"Calipers":5,"NeowsBlessing":0,"PreservedInsect":14,"Pen Nib":30,"Letter Opener":4,"Whetstone":31,"Empty Cage":20,"Du-Vu Doll":6,"DataDisk":14,"Sundial":27,"Pantograph":16,"Bronze Scales":17,"Orrery":30,"MealTicket":14,"Cracked Core":0,"FossilizedHelix":16,"Runic Pyramid":10},{"Girya":126,"Calipers":16,"NeowsBlessing":0,"PreservedInsect":43,"Pen Nib":226,"Letter Opener":13,"Whetstone":234,"Empty Cage":106,"Du-Vu Doll":19,"DataDisk":43,"Sundial":147,"Pantograph":50,"Bronze Scales":55,"Orrery":226,"MealTicket":43,"Cracked Core":0,"FossilizedHelix":50,"Runic Pyramid":30}],"FossilizedHelix":[88]},"card_choices":[{"not_picked":["Redo","FTL"],"picked":"Skim","floor":1.0},{"not_picked":["Turbo","Darkness"],"picked":"Sunder","floor":2.0},{"not_picked":["Reprogram","Turbo"],"picked":"Steam","floor":4.0},{"not_picked":["Beam Cell","Sweeping Beam"],"picked":"Steam Power","floor":7.0},{"not_picked":["Barrage","Steam"],"picked":"Tempest","floor":8.0},{"not_picked":["Streamline","Consume"],"picked":"Turbo","floor":10.0},{"not_picked":["Stack","Thunder Strike"],"picked":"Static Discharge","floor":11.0},{"not_picked":["Stack","Steam","Beam Cell"],"picked":"SKIP","floor":13.0},{"not_picked":["Stack","Consume"],"picked":"Cold Snap","floor":14.0},{"not_picked":["Creative AI","All For One"],"picked":"Biased Cognition","floor":16.0},{"not_picked":["Steam Power","Ball Lightning"],"picked":"Barrage","floor":18.0},{"not_picked":["Fusion","Lockon"],"picked":"Cold Snap","floor":19.0},{"not_picked":["Consume","Rebound"],"picked":"Glacier","floor":20.0},{"not_picked":["Leap+1","Static Discharge+1"],"picked":"Core Surge","floor":24.0},{"not_picked":["Barrage","Reprogram"],"picked":"Glacier","floor":28.0},{"not_picked":["Turbo","Cold Snap"],"picked":"Go for the Eyes","floor":29.0},{"not_picked":["Tempest+1","White Noise"],"picked":"Genetic Algorithm","floor":30.0},{"not_picked":["Fusion","Stack"],"picked":"Coolheaded","floor":31.0},{"not_picked":["Multi-Cast","Fission"],"picked":"Core Surge","floor":33.0},{"not_picked":["Scrape","Streamline","Beam Cell"],"picked":"SKIP","floor":35.0},{"not_picked":["Scrape","Streamline","Beam Cell"],"picked":"SKIP","floor":35.0},{"not_picked":["Steam","Go for the Eyes"],"picked":"Compile Driver+1","floor":37.0},{"not_picked":["Fusion+1","Leap"],"picked":"Rebound","floor":38.0},{"not_picked":["Gash","Undo+1","Consume+1"],"picked":"SKIP","floor":41.0},{"not_picked":["Auto Shields","Blizzard"],"picked":"Capacitor+1","floor":42.0},{"not_picked":["Sweeping Beam","Cold Snap"],"picked":"Barrage","floor":44.0},{"not_picked":["Violence","Metamorphosis"],"picked":"Secret Technique","floor":45.0},{"not_picked":["Swift Strike","Master of Strategy"],"picked":"Blind","floor":45.0},{"not_picked":["Chrysalis","Purity"],"picked":"Dark Shackles","floor":45.0},{"not_picked":["Leap+1","Sunder"],"picked":"Consume+1","floor":46.0},{"not_picked":["Go for the Eyes","Ball Lightning+1"],"picked":"Skim","floor":48.0},{"not_picked":["Rip and Tear","Beam Cell+1"],"picked":"Doom and Gloom","floor":54.0},{"not_picked":["Gash","Reinforced Body+1"],"picked":"Redo","floor":54.0},{"not_picked":["Compile Driver","Go for the Eyes"],"picked":"Reinforced Body+1","floor":54.0},{"not_picked":["Sweeping Beam","Rip and Tear"],"picked":"Skim","floor":54.0},{"not_picked":["Conserve Battery","Compile Driver","Genetic Algorithm"],"picked":"SKIP","floor":54.0},{"not_picked":["Sunder+1","Compile Driver"],"picked":"Glacier+1","floor":55.0}],"player_experience":5428227,"relics_obtained":[{"floor":7.0,"key":"Letter Opener"},{"floor":9.0,"key":"Calipers"},{"floor":10.0,"key":"Du-Vu Doll"},{"floor":24.0,"key":"MealTicket"},{"floor":26.0,"key":"DataDisk"},{"floor":28.0,"key":"FossilizedHelix"},{"floor":28.0,"key":"Pantograph"},{"floor":29.0,"key":"Bronze Scales"},{"floor":41.0,"key":"Girya"},{"floor":46.0,"key":"Sundial"},{"floor":55.0,"key":"Whetstone"}],"event_choices":[{"damage_healed":0.0,"max_hp_gain":0.0,"max_hp_loss":0.0,"gold_gain":50.0,"event_name":"FaceTrader","player_choice":"Touch","floor":3.0,"gold_loss":0.0,"damage_taken":7.0},{"damage_healed":0.0,"max_hp_gain":0.0,"max_hp_loss":0.0,"gold_gain":0.0,"cards_transformed":["Strike_B","Strike_B"],"event_name":"Drug Dealer","player_choice":"Became Test Subject","floor":21.0,"gold_loss":0.0,"damage_taken":0.0,"cards_obtained":["Fusion","Loop"]},{"cards_removed":["Strike_B"],"damage_healed":0.0,"max_hp_gain":0.0,"max_hp_loss":0.0,"gold_gain":0.0,"event_name":"Beggar","player_choice":"Gave Gold","floor":22.0,"gold_loss":75.0,"damage_taken":0.0},{"damage_healed":0.0,"max_hp_gain":0.0,"max_hp_loss":0.0,"gold_gain":0.0,"event_name":"Colosseum","player_choice":"Fight","floor":28.0,"gold_loss":0.0,"damage_taken":0.0},{"damage_healed":0.0,"max_hp_gain":0.0,"max_hp_loss":0.0,"gold_gain":0.0,"event_name":"Colosseum","player_choice":"Fought Nobs","floor":28.0,"gold_loss":0.0,"damage_taken":0.0},{"damage_healed":0.0,"max_hp_gain":0.0,"max_hp_loss":0.0,"gold_gain":0.0,"event_name":"Winding Halls","player_choice":"Embrace Madness","floor":36.0,"gold_loss":0.0,"damage_taken":13.0,"cards_obtained":["Madness","Madness"]},{"damage_healed":0.0,"max_hp_gain":0.0,"max_hp_loss":0.0,"gold_gain":0.0,"event_name":"Lab","player_choice":"Got Potions","floor":39.0,"gold_loss":0.0,"damage_taken":0.0},{"damage_healed":0.0,"max_hp_gain":0.0,"max_hp_loss":0.0,"gold_gain":0.0,"event_name":"SensoryStone","player_choice":"Memory 3","floor":45.0,"gold_loss":0.0,"damage_taken":10.0},{"cards_removed":["Barrage"],"damage_healed":0.0,"max_hp_gain":0.0,"max_hp_loss":0.0,"gold_gain":0.0,"event_name":"Falling","player_choice":"Removed Attack","floor":47.0,"gold_loss":0.0,"damage_taken":0.0}],"is_beta":false,"boss_relics":[{"not_picked":["Ectoplasm","Nuclear Battery"],"picked":"Runic Pyramid"},{"not_picked":["Busted Crown","Inserter"],"picked":"Empty Cage"}],"items_purged_floors":[5],"is_endless":false,"potions_floor_spawned":[2,4,7,10,16,20,30,33,35,38,44,48,55],"killed_by":"The Heart","ascension_level":20,"potion_discard_per_floor":[[],[],[],[],[],[],[],[],[],[],[],[],[],[],[],[],[],[],[],[],[],[],[],[],[],[],[],[],[],[],[],[],[],[],[],[],[],[],["SpeedPotion"],[],[],[],[],[],[],[],[],[],[],[],[],[],[],[],[],[]]}