{"neow_bonuses_skipped_log":["REMOVE_CARD","THREE_RARE_CARDS","BOSS_RELIC"],"neow_costs_skipped_log":["NONE","CURSE","NONE"],"potions_obtained_entropic_brew":[[],[],[],[],[],[],[],[],[],[],[],[],[],[],[],[],[],[],[],[],[],[],[],[],[],[],[],[],[],[],[],[],[],[],[],[],[],[],[],[],[],[],[],[],[],[],[],[],[],[],[],[],[],[],[],[],[]],"gold_per_floor":[216,216,21,40,59,59,93,103,103,137,137,172,172,203,203,278,278,316,316,350,38,128,153,172,197,197,225,225,225,225,245,245,324,324,334,158,174,174,174,174,229,274,274,291,351,404,436,258,258,258,258,258,258,23,52,52],"floor_reached":57,"playtime":12071,"items_purged":["Zap","Strike_B","Strike_B"],"score":2948,"play_id":"7a85b19f-4ba5-41ea-8019-3c0edd7e1ad3","local_time":"20230329215709","score_breakdown":["Floors Climbed (57): 285","Enemies Slain (12): 24","Exordium Elites Killed (4): 40","City Elites Killed (3): 60","Beyond Elites Killed (3): 90","Bosses Slain (5): 750","Money Money (1049): 25","Librarian: 25","Champion (2): 50","C-c-c-combo: 25","Ascension (20): 1324","Heartbreaker: 250"],"is_ascension_mode":true,"potions_obtained_alchemize":[[],[],[],[],[],[],[],[],[],[],[],[],[],[],[],[],[],[],[],[],[],[],[],[],[],[],[],[],[],[],[],[],[],[],[],[],[],[],[],[],[],[],[],[],[],[],[],[],[],[],[],[],[],[],[],[],[]],"campfire_choices":[{"data":"Streamline","floor":6,"key":"SMITH"},{"data":"Beam Cell","floor":11,"key":"SMITH"},{"data":"Hologram","floor":13,"key":"SMITH"},{"data":"Coolheaded","floor":15,"key":"SMITH"},{"floor":28,"key":"REST"},{"data":"Hologram","floor":30,"key":"SMITH"},{"data":"1","floor":32,"key":"LIFT"},{"data":"Loop","floor":40,"key":"SMITH"},{"floor":49,"key":"RECALL"},{"data":"Seek","floor":53,"key":"SMITH"}],"lesson_learned_per_floor":[[],[],[],[],[],[],[],[],[],[],[],[],[],[],[],[],[],[],[],[],[],[],[],[],[],[],[],[],[],[],[],[],[],[],[],[],[],[],[],[],[],[],[],[],[],[],[],[],[],[],[],[],[],[],[],[],[]],"neow_cost":"NONE","improvable_cards":{"Genetic Algorithm":[41]},"seed_source_timestamp":7958291524475,"shop_contents":[{"floor":3,"relics":["Tiny Chest","Unceasing Top"],"cards":["Scrape","Steam Power","Fusion","Defragment","Enlightenment","The Bomb"],"potions":["Ancient Potion","Swift Potion","Explosive Potion"]},{"floor":21,"relics":["Blue Candle","Letter Opener"],"cards":["Rebound+1","Gash+1","Steam","Capacitor","Purity","Panache"],"potions":["FairyPotion","GamblersBrew","FocusPotion"]},{"floor":36,"relics":["Whetstone","Akabeko","Sling"],"cards":["Cold Snap+1","Blizzard+1","Coolheaded","Steam","Impatience","Secret Technique"],"potions":["PowerPotion","SteroidPotion","LiquidMemories"]},{"floor":48,"relics":["Question Card","Ice Cream","PrismaticShard"],"cards":["Melter+1","Blizzard+1","Steam","Capacitor","Trip","HandOfGreed+1"],"potions":["DistilledChaos","Weak Potion","AttackPotion"]},{"floor":54,"relics":["Symbiotic Virus","Orichalcum","Lee\u0027s Waffle"],"cards":["Cold Snap+1","Leap","Heatsinks","Mind Blast+1","Chrysalis"],"potions":["Regen Potion"]}],"circlet_count":0,"master_deck":["AscendersBane","Strike_B","Defend_B+1","Defend_B","Defend_B","Defend_B+1","Dualcast","Streamline+1","Hologram+1","Beam Cell+1","BootSequence","Ball Lightning","Coolheaded+1","Cold Snap","Conserve Battery","All For One+1","Compile Driver+1","Echo Form","Hyperbeam+1","Creative AI","Rebound+1","Seek+1","Compile Driver+1","Genetic Algorithm","Reinforced Body","Hologram+1","All For One+1","Self Repair","Loop+1","Panacea","Magnetism","Rip and Tear+1","Go for the Eyes+1","Conserve Battery+1","All For One+1","Stack","Undo","Doom and Gloom+1","Stack+1"],"potion_use_per_floor":[[],[],[],[],[],[],[],[],[],["Swift Potion"],[],["SpeedPotion"],[],[],[],[],[],[],[],[],[],[],[],[],[],[],[],[],[],[],[],[],[],[],[],[],[],[],[],[],[],[],[],[],["DistilledChaos"],[],[],[],[],["DuplicationPotion"],["GamblersBrew"],[],[],[],[],["PowerPotion","PowerPotion"],[]],"relics":["Cracked Core","Regal Pillow","Toolbox","Sundial","Nunchaku","Cables","War Paint","Molten Egg 2","Snecko Eye","Orrery","Girya","Centennial Puzzle","Bronze Scales","Art of War","SacredBark","Vajra","Shuriken","Prayer Wheel","Omamori","White Beast Statue"],"potions_floor_usage":[10,12,45,50,51,56,56],"damage_taken":[{"damage":1,"enemies":"Small Slimes","floor":1,"turns":3},{"damage":0,"enemies":"Cultist","floor":4,"turns":2},{"damage":0,"enemies":"2 Louse","floor":5,"turns":1},{"damage":15,"enemies":"Lagavulin","floor":7,"turns":7},{"damage":0,"enemies":"Exordium Thugs","floor":8,"turns":4},{"damage":8,"enemies":"Gremlin Nob","floor":10,"turns":3},{"damage":8,"enemies":"3 Sentries","floor":12,"turns":9},{"damage":7,"enemies":"Gremlin Nob","floor":14,"turns":3},{"damage":10,"enemies":"Hexaghost","floor":16,"turns":8},{"damage":0,"enemies":"Spheric Guardian","floor":18,"turns":3},{"damage":6,"enemies":"Shell Parasite","floor":20,"turns":7},{"damage":4,"enemies":"Book of Stabbing","floor":23,"turns":2},{"damage":3,"enemies":"Sentry and Sphere","floor":24,"turns":15},{"damage":0,"enemies":"Gremlin Leader","floor":25,"turns":3},{"damage":15,"enemies":"Book of Stabbing","floor":27,"turns":4},{"damage":8,"enemies":"Snake Plant","floor":31,"turns":2},{"damage":4,"enemies":"Champ","floor":33,"turns":21},{"damage":3,"enemies":"3 Shapes","floor":35,"turns":2},{"damage":12,"enemies":"Orb Walker","floor":37,"turns":4},{"damage":11,"enemies":"Reptomancer","floor":41,"turns":10},{"damage":18,"enemies":"3 Darklings","floor":42,"turns":27},{"damage":36,"enemies":"Transient","floor":44,"turns":6},{"damage":7,"enemies":"Nemesis","floor":45,"turns":43},{"damage":15,"enemies":"2 Orb Walkers","floor":46,"turns":3},{"damage":0,"enemies":"Reptomancer","floor":47,"turns":2},{"damage":38,"enemies":"Time Eater","floor":50,"turns":13},{"damage":26,"enemies":"Awakened One","floor":51,"turns":8},{"damage":2,"enemies":"Shield and Spear","floor":55,"turns":5},{"damage":35,"enemies":"The Heart","floor":56,"turns":9}],"green_key_taken_log":12,"seed_played":"-4773210587967160643","neow_bonus_log":{"cardsObtained":[],"cardsUpgraded":[],"cardsRemoved":[],"cardsTransformed":[],"relicsObtained":[],"maxHpGained":0,"goldGained":100,"damageTaken":0,"goldLost":0,"maxHpLost":0},"potions_obtained":[{"floor":5,"key":"Swift Potion"},{"floor":8,"key":"DistilledChaos"},{"floor":10,"key":"SpeedPotion"},{"floor":12,"key":"DistilledChaos"},{"floor":41,"key":"DistilledChaos"},{"floor":44,"key":"DuplicationPotion"},{"floor":46,"key":"GamblersBrew"},{"floor":55,"key":"PowerPotion"}],"is_trial":false,"path_per_floor":["M","?","$","M","M","R","E","M","T","E","R","E","R","E","R","B",null,"M","?","M","$","?","E","M","E","T","E","R","?","R","M","R","B",null,"M","$","M","?","?","R","E","M","T","M","E","?","E","$","R","B","B",null,"R","$","E","B",null],"character_chosen":"DEFECT","basemod:card_modifiers":[null,null,null,null,null,null,null,null,null,null,null,null,null,null,null,null,null,null,null,null,null,null,null,null,null,null,null,null,null,null,null,null,null,null,null,null,null,null,null],"items_purchased":["Toolbox","Streamline","Orrery","Seek","Self Repair","Stack","Swift Potion","PowerPotion","Undo","Doom and Gloom+1"],"campfire_rested":1,"item_purchase_floors":[3,3,21,21,36,48,54,54,54,54],"current_hp_per_floor":[63,63,63,63,63,63,48,48,48,40,40,32,32,25,25,15,57,57,57,51,51,39,35,32,32,32,17,53,53,53,45,45,41,64,61,61,59,49,49,49,52,64,64,42,65,57,57,57,57,33,17,58,58,58,70,42],"gold":52,"neow_bonus":"HUNDRED_GOLD","is_prod":false,"is_daily":false,"rewards_skipped":[{"floor":18,"relics":[],"potions":["LiquidBronze"]},{"floor":20,"relics":[],"potions":["SpeedPotion"]},{"floor":24,"relics":[],"potions":["Swift Potion"]},{"floor":31,"relics":[],"potions":["Block Potion"]},{"floor":47,"relics":[],"potions":["Strength Potion"]}],"chose_seed":false,"campfire_upgraded":7,"win_rate":0,"floor_exit_playtime":[190,221,238,259,276,284,398,577,579,705,713,926,941,1019,1037,1176,1230,1384,1422,1581,1799,1874,2045,2317,2469,2473,2763,2777,2802,2811,2925,2930,3343,3417,3522,3626,3778,3869,3883,3899,4239,5134,5138,5496,7000,7199,7507,7612,7616,9544,10450,10461,10504,10537,11286,12071],"timestamp":1680141429,"blue_key_relic_skipped_log":{"floor":43,"relicID":"Gremlin Horn"},"path_taken":["M","?","$","?","M","R","E","?","T","E","R","E","R","E","R","BOSS","M","?","M","$","?","E","?","E","T","E","R","?","R","M","R","BOSS","M","$","M","?","?","R","E","M","T","?","E","?","E","$","R","BOSS","BOSS","R","$","E","BOSS"],"build_version":"2022-12-18","purchased_purges":3,"victory":true,"max_hp_per_floor":[71,71,71,71,71,71,71,71,71,71,71,71,71,71,71,71,71,71,71,71,71,71,71,71,71,71,71,71,71,71,71,71,71,71,71,71,71,71,71,71,71,71,71,71,71,71,71,71,71,71,71,71,71,71,71,71],"relic_stats":{"Girya":1,"Regal Pillow":15,"counters":[29,229],"Omamori":0,"War Paint":["Defend_B","Defend_B"],"White Beast Statue":[0.0,0.0,0.0,1.0,0.0,0.0,0.0,0.0,0.0,0.0,0.0,0.0],"Cables":[187,49,138,0,0],"Nunchaku":[44],"Centennial Puzzle":[42],"Sundial":[30],"Shuriken":[41],"Bronze Scales":[598],"Snecko Eye":[349,359,346,355,-620],"Prayer Wheel":0,"Art of War":[67],"obtain_stats":[{"Girya":23,"Regal Pillow":2,"SacredBark":34,"Vajra":41,"Omamori":47,"War Paint":12,"White Beast Statue":55,"Cables":10,"Nunchaku":9,"Centennial Puzzle":25,"Sundial":7,"Shuriken":45,"Bronze Scales":26,"Toolbox":3,"Snecko Eye":17,"Orrery":21,"Molten Egg 2":14,"Prayer Wheel":46,"Art of War":27,"Cracked Core":0},{"Girya":12,"Regal Pillow":1,"SacredBark":17,"Vajra":20,"Omamori":25,"War Paint":7,"White Beast Statue":28,"Cables":6,"Nunchaku":5,"Centennial Puzzle":14,"Sundial":4,"Shuriken":23,"Bronze Scales":14,"Toolbox":1,"Snecko Eye":9,"Orrery":11,"Molten Egg 2":8,"Prayer Wheel":24,"Art of War":15,"Cracked Core":0},{"Girya":52,"Regal Pillow":3,"SacredBark":97,"Vajra":113,"Omamori":194,"War Paint":29,"White Beast Statue":220,"Cables":20,"Nunchaku":17,"Centennial Puzzle":70,"Sundial":13,"Shuriken":189,"Bronze Scales":70,"Toolbox":3,"Snecko Eye":40,"Orrery":50,"Molten Egg 2":32,"Prayer Wheel":192,"Art of War":74,"Cracked Core":0}]},"card_choices":[{"not_picked":["Leap","Recycle"],"picked":"Beam Cell","floor":1},{"not_picked":["Steam Power","Loop"],"picked":"Hologram","floor":4},{"not_picked":["Compile Driver","Sweeping Beam"],"picked":"Beam Cell","floor":5},{"not_picked":["Steam","Leap"],"picked":"BootSequence","floor":7},{"not_picked":["Machine Learning","Streamline"],"picked":"Ball Lightning","floor":8},{"not_picked":["Leap","Sweeping Beam"],"picked":"Coolheaded","floor":10},{"not_picked":["Sweeping Beam","Barrage"],"picked":"Cold Snap","floor":12},{"not_picked":["Leap","Reprogram"],"picked":"Conserve Battery","floor":14},{"not_picked":["Thunder Strike+1","Creative AI"],"picked":"All For One+1","floor":16},{"not_picked":["Redo","Consume","Ball Lightning+1"],"picked":"SKIP","floor":18},{"not_picked":["Coolheaded","Turbo"],"picked":"Compile Driver+1","floor":20},{"not_picked":["Storm","Loop"],"picked":"Echo Form","floor":21},{"not_picked":["Compile Driver+1","Cold Snap+1"],"picked":"Hyperbeam+1","floor":21},{"not_picked":["FTL+1","Sweeping Beam+1"],"picked":"Creative AI","floor":21},{"not_picked":["Sweeping Beam+1","Blizzard+1"],"picked":"Rebound+1","floor":21},{"not_picked":["Turbo","Leap","FTL+1"],"picked":"SKIP","floor":21},{"not_picked":["Barrage+1","Leap"],"picked":"Compile Driver+1","floor":23},{"not_picked":["Sweeping Beam+1","Barrage+1","Double Energy"],"picked":"SKIP","floor":24},{"not_picked":["Steam","Streamline+1"],"picked":"Genetic Algorithm","floor":25},{"not_picked":["Rip and Tear+1","Melter+1"],"picked":"Reinforced Body","floor":27},{"not_picked":["Skim","Melter+1","BootSequence","Go for the Eyes+1","Streamline+1","Force Field","White Noise","Compile Driver+1","Recycle","Reprogram","Barrage+1","Beam Cell+1","Blizzard+1","Tempest","Stack","Genetic Algorithm","Conserve Battery","Sweeping Beam+1","Heatsinks"],"picked":"Hologram","floor":29},{"not_picked":["Reinforced Body","Reboot","Cold Snap+1"],"picked":"SKIP","floor":31},{"not_picked":["Core Surge+1","Machine Learning"],"picked":"All For One+1","floor":33},{"not_picked":["Conserve Battery","Compile Driver+1","Coolheaded"],"picked":"SKIP","floor":35},{"not_picked":["Conserve Battery","Compile Driver+1","Coolheaded"],"picked":"SKIP","floor":35},{"not_picked":["Conserve Battery","Steam Power"],"picked":"Loop","floor":37},{"not_picked":["Purity","Chrysalis"],"picked":"Panacea","floor":38},{"not_picked":["Madness","Forethought"],"picked":"Magnetism","floor":38},{"not_picked":["Violence","Sadistic Nature","Impatience"],"picked":"SKIP","floor":38},{"not_picked":["Streamline+1","Steam"],"picked":"Go for the Eyes+1","floor":41},{"not_picked":["Static Discharge","Gash+1"],"picked":"Conserve Battery+1","floor":42},{"not_picked":["Sweeping Beam+1","Ball Lightning+1","Barrage+1"],"picked":"SKIP","floor":44},{"not_picked":["Sweeping Beam+1","Beam Cell+1"],"picked":"All For One+1","floor":45},{"not_picked":["Sweeping Beam+1","Static Discharge","Compile Driver+1"],"picked":"SKIP","floor":46},{"not_picked":["Capacitor","Reprogram","Darkness"],"picked":"SKIP","floor":47},{"not_picked":["Streamline+1","Turbo"],"picked":"Stack+1","floor":55}],"player_experience":5475119,"relics_obtained":[{"floor":7,"key":"Sundial"},{"floor":9,"key":"Nunchaku"},{"floor":10,"key":"Cables"},{"floor":12,"key":"War Paint"},{"floor":14,"key":"Molten Egg 2"},{"floor":23,"key":"Girya"},{"floor":25,"key":"Centennial Puzzle"},{"floor":26,"key":"Bronze Scales"},{"floor":27,"key":"Art of War"},{"floor":41,"key":"Vajra"},{"floor":45,"key":"Shuriken"},{"floor":46,"key":"Prayer Wheel"},{"floor":47,"key":"Omamori"},{"floor":55,"key":"White Beast Statue"}],"event_choices":[{"cards_removed":["Beam Cell"],"damage_healed":0,"gold_gain":0,"player_choice":"Gave Card","damage_taken":0,"relics_obtained":["Regal Pillow"],"max_hp_gain":0,"max_hp_loss":0,"event_name":"WeMeetAgain","floor":2,"gold_loss":0},{"damage_healed":0,"gold_gain":0,"player_choice":"Ignored","damage_taken":0,"max_hp_gain":0,"max_hp_loss":0,"event_name":"Ghosts","floor":19,"gold_loss":0},{"damage_healed":0,"gold_gain":90,"player_choice":"GOLD ","damage_taken":12,"max_hp_gain":0,"max_hp_loss":0,"event_name":"Knowing Skull","floor":22,"potions_obtained":[],"gold_loss":0,"cards_obtained":[]},{"damage_healed":0,"gold_gain":0,"player_choice":"Read","damage_taken":0,"max_hp_gain":0,"max_hp_loss":0,"event_name":"The Library","floor":29,"gold_loss":0,"cards_obtained":["Hologram"]},{"damage_healed":0,"gold_gain":0,"player_choice":"Memory 3","damage_taken":10,"max_hp_gain":0,"max_hp_loss":0,"event_name":"SensoryStone","floor":38,"gold_loss":0},{"damage_healed":0,"gold_gain":0,"cards_transformed":["Strike_B"],"player_choice":"Transformed","damage_taken":0,"max_hp_gain":0,"max_hp_loss":0,"event_name":"Transmorgrifier","floor":39,"gold_loss":0,"cards_obtained":["Rip and Tear"]},{"damage_healed":0,"gold_gain":0,"player_choice":"Fight","damage_taken":0,"max_hp_gain":0,"max_hp_loss":0,"event_name":"Mysterious Sphere","floor":46,"gold_loss":0}],"is_beta":false,"boss_relics":[{"not_picked":["Coffee Dripper","Busted Crown"],"picked":"Snecko Eye"},{"not_picked":["Runic Pyramid","Velvet Choker"],"picked":"SacredBark"}],"items_purged_floors":[21,36,48],"is_endless":false,"potions_floor_spawned":[5,8,10,12,18,20,24,31,41,44,46,47,55],"ascension_level":20,"potion_discard_per_floor":[[],[],[],[],[],[],[],[],[],[],[],[],[],[],[],[],[],[],[],[],[],[],[],[],[],[],[],[],[],[],[],[],[],[],[],[],[],[],[],[],["DistilledChaos"],[],[],["DistilledChaos"],[],[],[],[],[],[],[],[],[],[],["Swift Potion"],[],[]]}