{"neow_bonuses_skipped_log":["TEN_PERCENT_HP_BONUS"],"potions_obtained_entropic_brew":[[],[],[],[],[],[],[],[],[],[],[],[],[],[],[],[],[],[],[],[],[],[],[],[],[],[],[],[],[],[],[],[],[],[],[],[],[],[],[],[],[],[],[],[],[],[],[],[],[],[],[],[],[],[],[],[],[]],"neow_costs_skipped_log":["NONE"],"gold_per_floor":[113,130,145,155,172,172,6,6,6,17,43,55,89,109,109,183,183,193,213,46,61,71,71,96,96,96,21,52,52,52,67,67,142,142,153,171,186,203,203,238,153,185,185,218,218,253,266,278,278,278,278,278,278,8,38,38],"floor_reached":57,"playtime":10210,"items_purged":["Pain"],"score":3081,"play_id":"89e95f96-16aa-4cd1-a02a-676874dff13a","local_time":"20230407230922","score_breakdown":["Floors Climbed (57): 285","Enemies Slain (19): 38","Exordium Elites Killed (2): 20","City Elites Killed (2): 40","Beyond Elites Killed (4): 120","Bosses Slain (5): 750","Librarian: 25","Champion (3): 75","Perfect (1): 50","Overkill: 25","Ascension (20): 1403","Heartbreaker: 250"],"is_ascension_mode":true,"potions_obtained_alchemize":[[],[],[],[],[],[],[],[],[],[],[],[],[],[],[],[],[],[],[],[],[],[],[],[],[],[],[],[],[],[],[],[],[],[],[],[],[],[],[],[],[],[],[],[],[],[],[],[],[],[],[],[],[],[],[],[],[]],"campfire_choices":[{"data":"Sweeping Beam","floor":6,"key":"SMITH"},{"data":"Darkness","floor":8,"key":"SMITH"},{"data":"Aggregate","floor":15,"key":"SMITH"},{"data":"Seek","floor":23,"key":"SMITH"},{"floor":25,"key":"REST"},{"floor":30,"key":"REST"},{"data":"Biased Cognition","floor":32,"key":"SMITH"},{"data":"Loop","floor":45,"key":"SMITH"},{"floor":49,"key":"RECALL"},{"data":"Skim","floor":53,"key":"SMITH"}],"lesson_learned_per_floor":[[],[],[],[],[],[],[],[],[],[],[],[],[],[],[],[],[],[],[],[],[],[],[],[],[],[],[],[],[],[],[],[],[],[],[],[],[],[],[],[],[],[],[],[],[],[],[],[],[],[],[],[],[],[],[],[],[]],"neow_cost":"NONE","improvable_cards":{},"seed_source_timestamp":29990215697507,"shop_contents":[{"floor":7,"relics":["MealTicket","Dream Catcher"],"cards":["FTL","Sweeping Beam","Skim","Redo","Loop","Discovery","Sadistic Nature"],"potions":["Strength Potion","Fruit Juice","EntropicBrew"]},{"floor":20,"relics":["Prayer Wheel","White Beast Statue"],"cards":["Sweeping Beam","Lockon","Reprogram","Redo","Static Discharge","Madness","Apotheosis"],"potions":["SkillPotion","Swift Potion","SpeedPotion"]},{"floor":27,"relics":["Pen Nib","Emotion Chip","Toolbox"],"cards":["Cold Snap","Sweeping Beam","Reprogram","Consume","Loop","PanicButton","Secret Weapon"],"potions":["Block Potion","DuplicationPotion","Weak Potion"]},{"floor":41,"relics":["Turnip","Meat on the Bone","Medical Kit"],"cards":["FTL","Cold Snap","Stack","Steam","Swift Strike","Transmutation"],"potions":["Explosive Potion","Block Potion","SteroidPotion"]},{"floor":54,"relics":["Gremlin Horn","Chemical X"],"cards":["Melter","Conserve Battery","Turbo","Self Repair","Impatience","Metamorphosis"],"potions":["ColorlessPotion","Fruit Juice"]}],"circlet_count":0,"master_deck":["AscendersBane","Strike_B","Strike_B","Strike_B","Defend_B","Defend_B","Defend_B","Defend_B","Zap","Dualcast","Sweeping Beam+1","Undo","Cold Snap","Biased Cognition+1","Darkness+1","Coolheaded","Biased Cognition","Lockon","White Noise","FTL","Undo","Aggregate+1","Redo","BootSequence","Seek+1","Hologram+1","Cold Snap","Stack+1","Glacier","Hologram+1","Compile Driver","Biased Cognition","CurseOfTheBell","Doom and Gloom","Go for the Eyes","Skim+1","Sunder+1","Defragment","Double Energy","Loop+1","Go for the Eyes","Core Surge","Machine Learning","Glacier+1","Compile Driver","Loop+1"],"potion_use_per_floor":[[],[],[],["EssenceOfSteel"],[],[],[],[],[],[],["Weak Potion"],[],[],[],[],[],[],[],[],[],[],["Swift Potion"],[],["EssenceOfDarkness"],[],[],[],["AttackPotion"],[],[],[],[],[],[],[],[],["Dexterity Potion"],[],[],[],[],[],[],[],[],["AttackPotion"],[],[],[],[],[],[],[],[],[],["Weak Potion"],[]],"relics":["Cracked Core","NeowsBlessing","Orrery","Letter Opener","Pantograph","Pear","Cursed Key","ClockworkSouvenir","Bottled Tornado","Regal Pillow","Calling Bell","Orichalcum","Question Card","CaptainsWheel","Girya","Bag of Marbles","Happy Flower","Bag of Preparation","Bronze Scales","Centennial Puzzle"],"potions_floor_usage":[4,11,22,24,28,37,46,56],"damage_taken":[{"damage":0,"enemies":"Cultist","floor":1,"turns":1},{"damage":0,"enemies":"Jaw Worm","floor":2,"turns":1},{"damage":0,"enemies":"Small Slimes","floor":3,"turns":1},{"damage":4,"enemies":"Exordium Wildlife","floor":4,"turns":4},{"damage":9,"enemies":"Lots of Slimes","floor":5,"turns":4},{"damage":8,"enemies":"Gremlin Gang","floor":10,"turns":4},{"damage":18,"enemies":"Gremlin Nob","floor":11,"turns":5},{"damage":0,"enemies":"Blue Slaver","floor":12,"turns":4},{"damage":5,"enemies":"Lagavulin","floor":13,"turns":4},{"damage":6,"enemies":"2 Fungi Beasts","floor":14,"turns":2},{"damage":22,"enemies":"Slime Boss","floor":16,"turns":8},{"damage":8,"enemies":"2 Thieves","floor":18,"turns":4},{"damage":4,"enemies":"Shell Parasite","floor":19,"turns":3},{"damage":18,"enemies":"Chosen and Byrds","floor":21,"turns":4},{"damage":9,"enemies":"Snake Plant","floor":22,"turns":4},{"damage":28,"enemies":"Slavers","floor":24,"turns":6},{"damage":24,"enemies":"Gremlin Leader","floor":28,"turns":10},{"damage":0,"enemies":"Snecko","floor":31,"turns":5},{"damage":0,"enemies":"Champ","floor":33,"turns":12},{"damage":12,"enemies":"3 Darklings","floor":35,"turns":7},{"damage":0,"enemies":"Orb Walker","floor":36,"turns":4},{"damage":20,"enemies":"Jaw Worm Horde","floor":37,"turns":4},{"damage":0,"enemies":"Sphere and 2 Shapes","floor":38,"turns":4},{"damage":0,"enemies":"Nemesis","floor":40,"turns":5},{"damage":27,"enemies":"Giant Head","floor":42,"turns":8},{"damage":0,"enemies":"Nemesis","floor":44,"turns":7},{"damage":0,"enemies":"Reptomancer","floor":46,"turns":8},{"damage":14,"enemies":"3 Darklings","floor":47,"turns":6},{"damage":0,"enemies":"Jaw Worm Horde","floor":48,"turns":6},{"damage":9,"enemies":"Awakened One","floor":50,"turns":54},{"damage":3,"enemies":"Time Eater","floor":51,"turns":30},{"damage":19,"enemies":"Shield and Spear","floor":55,"turns":12},{"damage":38,"enemies":"The Heart","floor":56,"turns":9}],"green_key_taken_log":44,"seed_played":"1189482300857703113","neow_bonus_log":{"cardsObtained":[],"cardsUpgraded":[],"cardsRemoved":[],"cardsTransformed":[],"relicsObtained":["NeowsBlessing"],"maxHpGained":0,"goldGained":0,"damageTaken":0,"goldLost":0,"maxHpLost":0},"potions_obtained":[{"floor":1,"key":"EssenceOfSteel"},{"floor":3,"key":"Weak Potion"},{"floor":11,"key":"Strength Potion"},{"floor":12,"key":"EssenceOfDarkness"},{"floor":13,"key":"Energy Potion"},{"floor":14,"key":"Weak Potion"},{"floor":16,"key":"Swift Potion"},{"floor":22,"key":"AttackPotion"},{"floor":33,"key":"Dexterity Potion"},{"floor":35,"key":"FearPotion"},{"floor":37,"key":"SkillPotion"},{"floor":38,"key":"AttackPotion"},{"floor":44,"key":"GamblersBrew"},{"floor":47,"key":"ColorlessPotion"}],"is_trial":false,"path_per_floor":["M","M","M","M","M","R","$","R","T","M","E","M","E","M","R","B",null,"M","M","$","M","M","R","E","R","T","$","E","?","R","M","R","B",null,"M","M","M","M","?","E","$","E","T","E","R","E","M","M","R","B","B",null,"R","$","E","B",null],"character_chosen":"DEFECT","basemod:card_modifiers":[null,null,null,null,null,null,null,null,null,null,null,null,null,null,null,null,null,null,null,null,null,null,null,null,null,null,null,null,null,null,null,null,null,null,null,null,null,null,null,null,null,null,null,null,null,null],"items_purchased":["Orrery","ClockworkSouvenir","Loop","Bronze Scales","Weak Potion","Compile Driver"],"campfire_rested":2,"item_purchase_floors":[7,20,41,54,54,54],"current_hp_per_floor":[64,64,64,60,51,51,51,51,51,43,25,25,30,24,24,27,68,60,56,56,38,29,29,1,25,25,25,1,1,40,40,40,65,77,65,65,45,45,45,45,45,18,18,18,18,18,4,4,4,20,42,71,71,71,52,39],"gold":38,"neow_bonus":"THREE_ENEMY_KILL","is_prod":false,"is_daily":false,"rewards_skipped":[{"floor":19,"relics":[],"potions":["SpeedPotion"]},{"floor":21,"relics":[],"potions":["ColorlessPotion"]}],"chose_seed":false,"campfire_upgraded":7,"win_rate":0,"floor_exit_playtime":[80,135,188,407,485,560,895,903,907,1072,1708,1761,1893,1967,1976,2165,2243,2410,2478,2507,2673,2791,2809,3068,3073,3101,3183,4315,4350,4363,4497,4502,4853,4952,5224,5351,5500,5634,5726,5858,5891,6216,6226,6444,6451,6960,7148,7375,7379,8212,8510,8521,8594,8739,9743,10210],"timestamp":1680923362,"blue_key_relic_skipped_log":{"floor":26,"relicID":"Shovel"},"path_taken":["M","?","M","M","M","R","$","R","T","M","E","M","E","M","R","BOSS","M","M","?","M","M","R","E","R","T","$","E","?","R","M","R","BOSS","M","M","M","M","?","E","$","E","T","E","R","E","M","M","R","BOSS","BOSS","R","$","E","BOSS"],"build_version":"2022-12-18","purchased_purges":1,"victory":true,"max_hp_per_floor":[71,71,71,71,71,71,71,71,71,71,71,71,81,81,81,81,81,81,81,81,81,81,81,81,81,81,81,81,81,81,81,81,81,81,81,81,81,81,81,81,81,81,81,81,81,81,81,81,81,81,81,81,81,81,81,81],"relic_stats":{"Girya":0,"Regal Pillow":15,"Happy Flower":[41],"counters":[33,250],"Bag of Preparation":[12],"Letter Opener":[483],"Bottled Tornado":"Biased Cognition","Orichalcum":[24],"Cursed Key":1,"Question Card":11,"Centennial Puzzle":[3],"Pantograph":125,"Bronze Scales":[150],"obtain_stats":[{"Girya":40,"Regal Pillow":28,"Pear":13,"NeowsBlessing":0,"Happy Flower":44,"Bag of Preparation":46,"Letter Opener":9,"Bottled Tornado":24,"Orichalcum":34,"Cursed Key":17,"Question Card":34,"ClockworkSouvenir":20,"Calling Bell":34,"CaptainsWheel":34,"Centennial Puzzle":55,"Pantograph":11,"Bronze Scales":54,"Orrery":7,"Bag of Marbles":42,"Cracked Core":0},{"Girya":24,"Regal Pillow":17,"Pear":9,"NeowsBlessing":0,"Happy Flower":26,"Bag of Preparation":27,"Letter Opener":5,"Bottled Tornado":16,"Orichalcum":19,"Cursed Key":11,"Question Card":19,"ClockworkSouvenir":13,"Calling Bell":19,"CaptainsWheel":19,"Centennial Puzzle":32,"Pantograph":7,"Bronze Scales":31,"Orrery":5,"Bag of Marbles":25,"Cracked Core":0},{"Girya":110,"Regal Pillow":69,"Pear":28,"NeowsBlessing":0,"Happy Flower":125,"Bag of Preparation":133,"Letter Opener":11,"Bottled Tornado":59,"Orichalcum":86,"Cursed Key":38,"Question Card":86,"ClockworkSouvenir":45,"Calling Bell":86,"CaptainsWheel":86,"Centennial Puzzle":241,"Pantograph":20,"Bronze Scales":229,"Orrery":11,"Bag of Marbles":118,"Cracked Core":0}]},"card_choices":[{"not_picked":["Blizzard","Conserve Battery"],"picked":"Sweeping Beam","floor":1},{"not_picked":["Sweeping Beam","Lockon"],"picked":"Undo","floor":2},{"not_picked":["Ball Lightning","Streamline"],"picked":"Cold Snap","floor":3},{"not_picked":["Melter","Stack","Streamline"],"picked":"SKIP","floor":4},{"not_picked":["Conserve Battery","Gash"],"picked":"Biased Cognition","floor":5},{"not_picked":["Storm","Coolheaded"],"picked":"Darkness","floor":7},{"not_picked":["Beam Cell","White Noise"],"picked":"Coolheaded","floor":7},{"not_picked":["Ball Lightning","Genetic Algorithm"],"picked":"Biased Cognition","floor":7},{"not_picked":["Heatsinks","Rebound"],"picked":"Lockon","floor":7},{"not_picked":["Steam Power","Reinforced Body"],"picked":"White Noise","floor":7},{"not_picked":["Ball Lightning","Storm"],"picked":"FTL","floor":10},{"not_picked":["Undo","Creative AI","Barrage"],"picked":"SKIP","floor":11},{"not_picked":["Undo","Creative AI","Barrage"],"picked":"SKIP","floor":11},{"not_picked":["Creative AI","Barrage"],"picked":"Undo","floor":11},{"not_picked":["Turbo","Rebound"],"picked":"Aggregate","floor":12},{"not_picked":["Blizzard","Rebound"],"picked":"Redo","floor":13},{"not_picked":["Leap","Go for the Eyes"],"picked":"BootSequence","floor":14},{"not_picked":["Hyperbeam","Buffer"],"picked":"Seek","floor":16},{"not_picked":["Coolheaded","Doom and Gloom"],"picked":"Hologram+1","floor":18},{"not_picked":["Turbo","Auto Shields"],"picked":"Cold Snap","floor":19},{"not_picked":["Coolheaded","Conserve Battery"],"picked":"Stack+1","floor":21},{"not_picked":["Hologram","Force Field"],"picked":"Glacier","floor":22},{"not_picked":["Fission","Reprogram"],"picked":"Hologram+1","floor":24},{"not_picked":["Darkness","Hologram"],"picked":"Compile Driver","floor":28},{"not_picked":["White Noise","Beam Cell","Lockon"],"picked":"SKIP","floor":31},{"not_picked":["Hyperbeam","Thunder Strike"],"picked":"Biased Cognition","floor":33},{"not_picked":["Coolheaded","Rainbow","Beam Cell"],"picked":"Doom and Gloom","floor":35},{"not_picked":["Gash","Barrage","Doom and Gloom"],"picked":"Go for the Eyes","floor":36},{"not_picked":["White Noise+1","Compile Driver","Darkness"],"picked":"Skim","floor":37},{"not_picked":["Cold Snap+1","Steam","BootSequence+1"],"picked":"Sunder+1","floor":38},{"not_picked":["Hologram","Reboot","FTL"],"picked":"Double Energy","floor":40},{"not_picked":["Beam Cell+1","Rip and Tear","Stack"],"picked":"Go for the Eyes","floor":42},{"not_picked":["Turbo","Stack","Coolheaded"],"picked":"Core Surge","floor":44},{"not_picked":["Rainbow","Coolheaded","Streamline"],"picked":"Machine Learning","floor":46},{"not_picked":["Leap+1","Reinforced Body","Hologram"],"picked":"Glacier+1","floor":47},{"not_picked":["Cold Snap","Rebound","Aggregate","Sweeping Beam"],"picked":"SKIP","floor":48},{"not_picked":["Gash+1","Auto Shields","Lockon"],"picked":"Loop+1","floor":55}],"player_experience":5517753,"relics_obtained":[{"floor":9,"key":"Letter Opener"},{"floor":11,"key":"Pantograph"},{"floor":13,"key":"Pear"},{"floor":24,"key":"Bottled Tornado"},{"floor":28,"key":"Regal Pillow"},{"floor":34,"key":"Orichalcum"},{"floor":34,"key":"Question Card"},{"floor":34,"key":"CaptainsWheel"},{"floor":40,"key":"Girya"},{"floor":42,"key":"Bag of Marbles"},{"floor":44,"key":"Happy Flower"},{"floor":46,"key":"Bag of Preparation"},{"floor":55,"key":"Centennial Puzzle"}],"event_choices":[{"damage_healed":0,"gold_gain":0,"player_choice":"Leave","damage_taken":0,"max_hp_gain":0,"max_hp_loss":0,"event_name":"FaceTrader","floor":29,"gold_loss":0},{"damage_healed":0,"gold_gain":0,"cards_transformed":["Strike_B"],"player_choice":"Transformed","damage_taken":0,"max_hp_gain":0,"max_hp_loss":0,"event_name":"Transmorgrifier","floor":39,"gold_loss":0,"cards_obtained":["Defragment"]}],"is_beta":false,"boss_relics":[{"not_picked":["Busted Crown","Philosopher\u0027s Stone"],"picked":"Cursed Key"},{"not_picked":["Sozu","Inserter"],"picked":"Calling Bell"}],"items_purged_floors":[27],"is_endless":false,"potions_floor_spawned":[1,3,11,12,13,14,16,19,21,22,33,35,37,38,44,47],"ascension_level":20,"potion_discard_per_floor":[[],[],[],[],[],[],[],[],[],[],[],[],["Strength Potion"],["Energy Potion"],[],["Weak Potion"],[],[],[],[],[],[],[],[],[],[],[],[],[],[],[],[],[],[],[],[],[],["FearPotion"],[],[],[],[],[],["SkillPotion"],[],[],[],[],[],[],[],[],[],["ColorlessPotion"],[],[],[]]}