{"neow_bonuses_skipped_log":["REMOVE_CARD","RANDOM_COMMON_RELIC","BOSS_RELIC"],"neow_costs_skipped_log":["NONE","NONE","NONE"],"potions_obtained_entropic_brew":[[],[],[],[],[],[],[],[],[],[],[],[],["DistilledChaos","Explosive Potion"]],"gold_per_floor":[19,19,37,37,52,65,65,65,65,65,81,81,81],"floor_reached":13,"playtime":832,"items_purged":[],"score":150,"play_id":"34a7a10b-8483-4cdd-b325-f636b5ea6593","local_time":"20230403203414","score_breakdown":["Floors Climbed (13): 65","Enemies Slain (5): 10","Exordium Elites Killed (0): 0","Bosses Slain (0): 0","Ascension (20): 75"],"is_ascension_mode":true,"potions_obtained_alchemize":[[],[],[],[],[],[],[],[],[],[],[],[],[]],"campfire_choices":[{"data":"Zap","floor":8,"key":"SMITH"},{"data":"Genetic Algorithm","floor":10,"key":"SMITH"}],"lesson_learned_per_floor":[[],[],[],[],[],[],[],[],[],[],[],[],[]],"neow_cost":"NO_GOLD","improvable_cards":{"Genetic Algorithm+1":[13]},"seed_source_timestamp":13258024120250,"shop_contents":[],"circlet_count":0,"master_deck":["AscendersBane","Strike_B","Defend_B+1","Defend_B","Defend_B+1","Defend_B","Zap+1","Dualcast","Hologram","Genetic Algorithm+1","BootSequence","Self Repair","Cold Snap"],"potion_use_per_floor":[[],[],[],[],[],[],[],[],[],[],[],[],["Fire Potion","EntropicBrew","DistilledChaos"]],"relics":["Cracked Core","Ginger","Torii","Singing Bowl"],"potions_floor_usage":[13,13,13],"damage_taken":[{"damage":7,"enemies":"Jaw Worm","floor":1,"turns":3},{"damage":0,"enemies":"2 Louse","floor":3,"turns":4},{"damage":3,"enemies":"Cultist","floor":5,"turns":4},{"damage":3,"enemies":"Exordium Thugs","floor":6,"turns":5},{"damage":1,"enemies":"Red Slaver","floor":11,"turns":5},{"damage":50,"enemies":"Gremlin Nob","floor":13,"turns":4}],"seed_played":"1029992446674363262","neow_bonus_log":{"cardsObtained":[],"cardsUpgraded":[],"cardsRemoved":["Strike_B","Strike_B"],"cardsTransformed":[],"relicsObtained":[],"maxHpGained":0,"goldGained":0,"damageTaken":0,"goldLost":99,"maxHpLost":0},"potions_obtained":[{"floor":6,"key":"EntropicBrew"},{"floor":11,"key":"Fire Potion"}],"is_trial":false,"path_per_floor":["M","?","M","?","M","M","?","R","T","R","M","T","E"],"character_chosen":"DEFECT","basemod:card_modifiers":[null,null,null,null,null,null,null,null,null,null,null,null,null],"items_purchased":[],"campfire_rested":0,"item_purchase_floors":[],"current_hp_per_floor":[57,57,57,36,33,37,37,37,37,37,43,43,0],"gold":81,"neow_bonus":"REMOVE_TWO","is_prod":false,"is_daily":false,"rewards_skipped":[],"chose_seed":false,"campfire_upgraded":2,"win_rate":0,"floor_exit_playtime":[171,190,250,263,306,379,416,440,451,460,608,622],"timestamp":1680568454,"path_taken":["M","?","M","?","M","M","?","R","T","R","?","?","E"],"build_version":"2022-12-18","purchased_purges":0,"victory":false,"max_hp_per_floor":[71,71,71,71,71,71,71,71,71,71,71,71,71],"relic_stats":{"Torii":3,"Singing Bowl":0,"counters":[6,25],"Ginger":[0],"obtain_stats":[{"Torii":9,"Singing Bowl":12,"Ginger":7,"Cracked Core":0},{"Torii":4,"Singing Bowl":5,"Ginger":4,"Cracked Core":0},{"Torii":16,"Singing Bowl":21,"Ginger":16,"Cracked Core":0}]},"card_choices":[{"not_picked":["Compile Driver","Barrage"],"picked":"Hologram","floor":1},{"not_picked":["Redo","Conserve Battery"],"picked":"BootSequence","floor":3},{"not_picked":["Compile Driver","Go for the Eyes"],"picked":"Self Repair","floor":5},{"not_picked":["Stack","Steam Power"],"picked":"Cold Snap","floor":6},{"not_picked":["Ball Lightning","Static Discharge","Barrage"],"picked":"SKIP","floor":11}],"player_experience":5516921,"relics_obtained":[{"floor":7,"key":"Ginger"},{"floor":9,"key":"Torii"},{"floor":12,"key":"Singing Bowl"}],"event_choices":[{"damage_healed":0,"gold_gain":0,"cards_transformed":["Strike_B"],"player_choice":"Change","damage_taken":0,"max_hp_gain":0,"max_hp_loss":0,"event_name":"Living Wall","floor":2,"gold_loss":0,"cards_obtained":["Genetic Algorithm"]},{"damage_healed":0,"gold_gain":0,"player_choice":"Entered Light","damage_taken":21,"max_hp_gain":0,"max_hp_loss":0,"event_name":"Shining Light","floor":4,"gold_loss":0,"cards_upgraded":["Defend_B","Defend_B"]},{"damage_healed":0,"gold_gain":0,"player_choice":"Relic","damage_taken":0,"max_hp_gain":0,"max_hp_loss":0,"event_name":"Wheel of Change","floor":7,"gold_loss":0}],"is_beta":false,"boss_relics":[],"items_purged_floors":[],"is_endless":false,"potions_floor_spawned":[6,11],"killed_by":"Gremlin Nob","ascension_level":20,"potion_discard_per_floor":[[],[],[],[],[],[],[],[],[],[],[],[],[]]}