{"neow_bonuses_skipped_log":["REMOVE_CARD","THREE_SMALL_POTIONS","BOSS_RELIC"],"neow_costs_skipped_log":["NONE","NONE","NONE"],"potions_obtained_entropic_brew":[[],[],[],[],[],[],[],[],[],[],[],[],[],[],[],[],[],[],[],[],[],[],[],[],[],[],[],[],[],[],[],[],[]],"gold_per_floor":[114,128,128,128,141,174,174,202,202,202,277,277,288,305,305,377,377,297,297,211,228,13,13,26,26,76,88,104,104,137,163,163,163],"floor_reached":33,"playtime":5214,"items_purged":[],"score":546,"play_id":"941e0c5b-7e3a-43e8-a040-8a31850a095e","local_time":"20230329182633","score_breakdown":["Floors Climbed (33): 165","Enemies Slain (9): 18","Exordium Elites Killed (2): 20","City Elites Killed (1): 20","Bosses Slain (1): 50","Ascension (20): 273"],"is_ascension_mode":true,"potions_obtained_alchemize":[[],[],[],[],[],[],[],[],[],[],[],[],[],[],[],[],[],[],[],[],[],[],[],[],[],[],[],[],[],[],[],[],[]],"campfire_choices":[{"floor":7,"key":"REST"},{"data":"Beam Cell","floor":10,"key":"SMITH"},{"floor":12,"key":"REST"},{"data":"Reboot","floor":15,"key":"SMITH"},{"data":"Fission","floor":23,"key":"SMITH"},{"data":"Defragment","floor":25,"key":"SMITH"},{"data":"Redo","floor":32,"key":"SMITH"}],"lesson_learned_per_floor":[[],[],[],[],[],[],[],[],[],[],[],[],[],[],[],[],[],[],[],[],[],[],[],[],[],[],[],[],[],[],[],[],[]],"neow_cost":"PERCENT_DAMAGE","improvable_cards":{"Genetic Algorithm":[23]},"seed_source_timestamp":2369368578266,"shop_contents":[{"floor":20,"relics":["Omamori","Dream Catcher","Medical Kit"],"cards":["Ball Lightning","Barrage","Reinforced Body","Conserve Battery","Discovery","Violence"],"potions":["SteroidPotion","ColorlessPotion","DuplicationPotion"]},{"floor":22,"relics":["Bag of Preparation","Singing Bowl"],"cards":["Cold Snap","Ball Lightning","Turbo","Loop","Enlightenment","Metamorphosis"],"potions":["AttackPotion","Dexterity Potion","Weak Potion"]}],"circlet_count":0,"master_deck":["AscendersBane","Defend_B","Defend_B","Defend_B","Zap","Dualcast","Hello World","Multi-Cast","FTL","Coolheaded","Beam Cell+1","Genetic Algorithm","Hologram","Reboot+1","Hologram","Cold Snap","All For One","Redo+1","Lockon","Beam Cell","Defragment+1","Go for the Eyes","Echo Form","Fission+1","Turbo+1","Skim","Hologram","Compile Driver+1","Coolheaded","Loop","Ghostly","Ghostly","Ghostly","Blizzard"],"potion_use_per_floor":[[],[],[],[],[],["DistilledChaos"],[],[],[],[],[],[],[],["Block Potion"],[],[],[],["Weak Potion"],[],[],["Energy Potion"],[],[],[],[],[],[],[],[],["DistilledChaos"],[],[],["Dexterity Potion","AttackPotion"]],"relics":["Cracked Core","Tiny Chest","Pantograph","DataDisk","SlaversCollar","Orrery","Potion Belt","Eternal Feather"],"potions_floor_usage":[6,14,18,21,30,33,33],"damage_taken":[{"damage":5,"enemies":"2 Louse","floor":1,"turns":2},{"damage":7,"enemies":"Jaw Worm","floor":2,"turns":3},{"damage":0,"enemies":"Small Slimes","floor":5,"turns":3},{"damage":38,"enemies":"Gremlin Nob","floor":6,"turns":4},{"damage":23,"enemies":"Lagavulin","floor":8,"turns":10},{"damage":9,"enemies":"Looter","floor":13,"turns":3},{"damage":15,"enemies":"Exordium Thugs","floor":14,"turns":3},{"damage":18,"enemies":"Hexaghost","floor":16,"turns":11},{"damage":13,"enemies":"2 Thieves","floor":18,"turns":4},{"damage":6,"enemies":"Spheric Guardian","floor":21,"turns":3},{"damage":5,"enemies":"Centurion and Healer","floor":24,"turns":6},{"damage":7,"enemies":"Cultist and Chosen","floor":27,"turns":8},{"damage":11,"enemies":"Chosen and Byrds","floor":28,"turns":11},{"damage":2,"enemies":"Book of Stabbing","floor":30,"turns":6},{"damage":53,"enemies":"Collector","floor":33,"turns":9}],"seed_played":"3981282279163772390","neow_bonus_log":{"cardsObtained":["Hello World","Multi-Cast"],"cardsUpgraded":[],"cardsRemoved":[],"cardsTransformed":["Strike_B","Defend_B"],"relicsObtained":[],"maxHpGained":0,"goldGained":0,"damageTaken":18,"goldLost":0,"maxHpLost":0},"potions_obtained":[{"floor":1,"key":"DistilledChaos"},{"floor":8,"key":"Block Potion"},{"floor":14,"key":"Energy Potion"},{"floor":16,"key":"Weak Potion"},{"floor":21,"key":"Dexterity Potion"},{"floor":27,"key":"DistilledChaos"},{"floor":28,"key":"AttackPotion"}],"is_trial":false,"path_per_floor":["M","M","?","?","M","E","R","E","T","R","?","R","M","M","R","B",null,"M","?","$","M","$","R","M","R","T","M","M","?","E","T","R","B"],"character_chosen":"DEFECT","basemod:card_modifiers":[null,null,null,null,null,null,null,null,null,null,null,null,null,null,null,null,null,null,null,null,null,null,null,null,null,null,null,null,null,null,null,null,null,null],"items_purchased":["Defragment","Orrery","Hologram"],"campfire_rested":2,"item_purchase_floors":[20,22,22],"current_hp_per_floor":[41,34,57,57,57,19,40,17,17,17,6,27,18,3,3,10,56,43,43,43,37,37,37,32,32,32,25,14,14,12,12,30,0],"gold":163,"neow_bonus":"TRANSFORM_TWO_CARDS","is_prod":false,"is_daily":false,"rewards_skipped":[],"chose_seed":false,"campfire_upgraded":5,"win_rate":0,"floor_exit_playtime":[256,305,324,361,476,645,649,888,892,903,913,922,1017,1161,1204,1630,1729,1916,1954,2013,2228,2406,2449,2622,2638,2662,2927,3276,3280,3645,3661,3670],"timestamp":1680128793,"blue_key_relic_skipped_log":{"floor":31,"relicID":"CeramicFish"},"path_taken":["M","M","?","?","M","E","R","E","T","R","?","R","M","M","R","BOSS","M","?","$","M","$","R","M","R","T","M","M","?","E","?","R","BOSS"],"build_version":"2022-12-18","purchased_purges":0,"victory":false,"max_hp_per_floor":[71,71,71,71,71,71,71,71,71,71,71,71,71,71,71,71,71,71,71,71,71,71,71,71,71,71,71,71,35,35,35,35,35],"relic_stats":{"counters":[15,86],"Pantograph":30,"Tiny Chest":1,"Eternal Feather":18,"obtain_stats":[{"Potion Belt":26,"SlaversCollar":17,"DataDisk":9,"Pantograph":8,"Orrery":22,"Tiny Chest":6,"Eternal Feather":30,"Cracked Core":0},{"Potion Belt":11,"SlaversCollar":8,"DataDisk":5,"Pantograph":5,"Orrery":10,"Tiny Chest":4,"Eternal Feather":14,"Cracked Core":0},{"Potion Belt":52,"SlaversCollar":39,"DataDisk":22,"Pantograph":22,"Orrery":46,"Tiny Chest":12,"Eternal Feather":77,"Cracked Core":0}]},"card_choices":[{"not_picked":["Stack","Compile Driver"],"picked":"FTL","floor":1},{"not_picked":["Blizzard","Steam"],"picked":"Coolheaded","floor":2},{"not_picked":["Ball Lightning","Turbo"],"picked":"Genetic Algorithm","floor":5},{"not_picked":["Aggregate","Go for the Eyes"],"picked":"Hologram","floor":6},{"not_picked":["Reinforced Body","Streamline"],"picked":"Reboot","floor":8},{"not_picked":["Redo","Steam Power"],"picked":"Hologram","floor":13},{"not_picked":["Hologram","Coolheaded"],"picked":"Cold Snap","floor":14},{"not_picked":["Meteor Strike","Electrodynamics"],"picked":"All For One","floor":16},{"not_picked":["Reprogram","Gash"],"picked":"Redo","floor":18},{"not_picked":["Rebound+1","Blizzard"],"picked":"Go for the Eyes","floor":21},{"not_picked":["Conserve Battery","Storm"],"picked":"Echo Form","floor":22},{"not_picked":["Go for the Eyes","Compile Driver"],"picked":"Fission","floor":22},{"not_picked":["Scrape","Compile Driver+1"],"picked":"Turbo+1","floor":22},{"not_picked":["Conserve Battery+1","Consume"],"picked":"Skim","floor":22},{"not_picked":["Beam Cell","Streamline","Barrage"],"picked":"SKIP","floor":22},{"not_picked":["Rebound","Fusion"],"picked":"Compile Driver+1","floor":24},{"not_picked":["Turbo","Lockon"],"picked":"Coolheaded","floor":27},{"not_picked":["Chaos","Steam"],"picked":"Loop","floor":28},{"not_picked":["Reinforced Body+1","Genetic Algorithm+1"],"picked":"Blizzard","floor":30}],"player_experience":5469905,"relics_obtained":[{"floor":6,"key":"Tiny Chest"},{"floor":8,"key":"Pantograph"},{"floor":9,"key":"DataDisk"},{"floor":26,"key":"Potion Belt"},{"floor":30,"key":"Eternal Feather"}],"event_choices":[{"damage_healed":23,"gold_gain":0,"player_choice":"Banana","damage_taken":0,"max_hp_gain":0,"max_hp_loss":0,"event_name":"Big Fish","floor":3,"gold_loss":0},{"damage_healed":0,"gold_gain":0,"cards_transformed":["Strike_B"],"player_choice":"Change","damage_taken":0,"max_hp_gain":0,"max_hp_loss":0,"event_name":"Living Wall","floor":4,"gold_loss":0,"cards_obtained":["Beam Cell"]},{"damage_healed":0,"gold_gain":75,"player_choice":"Gather Gold","damage_taken":11,"max_hp_gain":0,"max_hp_loss":0,"event_name":"World of Goop","floor":11,"gold_loss":0},{"damage_healed":0,"gold_gain":0,"cards_transformed":["Strike_B","Strike_B"],"player_choice":"Became Test Subject","damage_taken":0,"max_hp_gain":0,"max_hp_loss":0,"event_name":"Drug Dealer","floor":19,"gold_loss":0,"cards_obtained":["Lockon","Beam Cell"]},{"damage_healed":0,"gold_gain":0,"player_choice":"Became a Ghost","damage_taken":0,"max_hp_gain":0,"max_hp_loss":36,"event_name":"Ghosts","floor":29,"gold_loss":0,"cards_obtained":["Ghostly","Ghostly","Ghostly"]}],"is_beta":false,"boss_relics":[{"not_picked":["Velvet Choker","Sozu"],"picked":"SlaversCollar"}],"items_purged_floors":[],"is_endless":false,"potions_floor_spawned":[1,8,14,16,21,27,28],"killed_by":"Collector","ascension_level":20,"potion_discard_per_floor":[[],[],[],[],[],[],[],[],[],[],[],[],[],[],[],[],[],[],[],[],[],[],[],[],[],[],[],[],[],[],[],[],[]]}