{"neow_bonuses_skipped_log":["UPGRADE_CARD","RANDOM_COLORLESS_2","BOSS_RELIC"],"potions_obtained_entropic_brew":[[],[],[],[],[],[],[],[],[],[],[],[],[],[],[],[],[],[],[],[],[],[],[],[],[],[],[],[],[],[],[],[],[],[],[],[],[],[],[],[],[],[],[],[],[],[],[],[],[],[],[],[],[],[],[],[],[]],"neow_costs_skipped_log":["NONE","CURSE","NONE"],"gold_per_floor":[210,210,10,10,25,25,39,39,39,52,52,72,91,91,91,163,163,174,193,5,5,18,45,45,60,84,102,102,129,146,180,180,252,252,268,288,64,64,44,77,95,109,159,178,206,206,206,237,237,237,237,237,237,24,56,56],"floor_reached":57,"playtime":9726,"items_purged":["Strike_B","Dualcast"],"score":3313,"play_id":"00bb3d64-6a44-4091-ad6f-46413159280f","local_time":"20230402173336","score_breakdown":["Floors Climbed (57): 285","Enemies Slain (17): 34","Exordium Elites Killed (0): 0","City Elites Killed (3): 60","Beyond Elites Killed (3): 90","Bosses Slain (5): 750","Collector (1): 25","Champion (6): 150","Perfect (2): 100","Overkill: 25","C-c-c-combo: 25","Ascension (20): 1519","Heartbreaker: 250"],"is_ascension_mode":true,"potions_obtained_alchemize":[[],[],[],[],[],[],[],[],[],[],[],[],[],[],[],[],[],[],[],[],[],[],[],[],[],[],[],[],[],[],[],[],[],[],[],[],[],[],[],[],[],[],[],[],[],[],[],[],[],[],[],[],[],[],[],[],[]],"campfire_choices":[{"data":"Zap","floor":6,"key":"SMITH"},{"data":"Beam Cell","floor":8,"key":"SMITH"},{"data":"Coolheaded","floor":11,"key":"SMITH"},{"data":"Loop","floor":15,"key":"SMITH"},{"data":"Defragment","floor":24,"key":"SMITH"},{"data":"Reboot","floor":28,"key":"SMITH"},{"data":"Turbo","floor":32,"key":"SMITH"},{"floor":47,"key":"RECALL"},{"data":"Hologram","floor":49,"key":"SMITH"},{"floor":53,"key":"REST"}],"lesson_learned_per_floor":[[],[],[],[],[],[],[],[],[],[],[],[],[],[],[],[],[],[],[],[],[],[],[],[],[],[],[],[],[],[],[],[],[],[],[],[],[],[],[],[],[],[],[],[],[],[],[],[],[],[],[],[],[],[],[],[],[]],"neow_cost":"NONE","improvable_cards":{"Genetic Algorithm+1":[42,37]},"seed_source_timestamp":8221992224977,"shop_contents":[{"floor":3,"relics":["Question Card","Akabeko"],"cards":["Barrage","Gash","Force Field","Consume","Capacitor","Forethought","Magnetism"],"potions":["EssenceOfDarkness","PowerPotion","CultistPotion"]},{"floor":20,"relics":["Boot","Strange Spoon"],"cards":["Blizzard","Gash","Coolheaded","Steam Power","Static Discharge","Mind Blast"],"potions":["Block Potion","SpeedPotion","SkillPotion"]},{"floor":37,"relics":["Prayer Wheel","StoneCalendar"],"cards":["Melter","Blizzard","Stack","Leap","Storm","PanicButton"],"potions":["Swift Potion","Block Potion","LiquidBronze"]},{"floor":54,"relics":["Orichalcum"],"cards":["Meteor Strike","Scrape","Redo","Stack","Defragment","Forethought","Secret Technique"],"potions":["SpeedPotion","Regen Potion"]}],"circlet_count":0,"master_deck":["AscendersBane","Zap+1","Skim+1","Coolheaded+1","Beam Cell+1","Lockon+1","Loop+1","Turbo+1","Biased Cognition+1","Compile Driver+1","Chill+1","Reboot+1","Seek+1","Undo+1","Defragment+1","Master of Strategy+1","Coolheaded+1","Hologram+1","Hologram+1","Hologram+1","Reboot+1","Genetic Algorithm+1","Genetic Algorithm+1","Electrodynamics+1","Defragment+1","Master of Strategy+1","Chaos+1","Redo+1","Hologram+1","Hologram+1","Fusion+1","Echo Form"],"potion_use_per_floor":[[],[],[],[],[],[],[],[],[],[],[],["Explosive Potion"],[],[],[],[],[],[],[],[],[],[],[],[],[],[],[],[],[],[],[],[],["DistilledChaos"],[],[],[],[],[],[],[],[],[],[],[],[],[],[],[],[],[],["DistilledChaos"],[],[],[],[],["PotionOfCapacity"],[]],"relics":["Cracked Core","Membership Card","DataDisk","Pandora\u0027s Box","Happy Flower","Art of War","PreservedInsect","Matryoshka","Empty Cage","DollysMirror","Mark of the Bloom","Kunai","Strawberry","Centennial Puzzle","Juzu Bracelet","Thread and Needle","Lantern","Ancient Tea Set","Frozen Eye","Bag of Preparation","Blood Vial"],"potions_floor_usage":[12,33,51,56],"damage_taken":[{"damage":2,"enemies":"Jaw Worm","floor":1,"turns":3},{"damage":3,"enemies":"2 Louse","floor":5,"turns":3},{"damage":0,"enemies":"Cultist","floor":7,"turns":3},{"damage":17,"enemies":"3 Louse","floor":10,"turns":3},{"damage":2,"enemies":"Gremlin Gang","floor":12,"turns":2},{"damage":6,"enemies":"Exordium Thugs","floor":13,"turns":4},{"damage":14,"enemies":"The Guardian","floor":16,"turns":8},{"damage":0,"enemies":"Spheric Guardian","floor":18,"turns":3},{"damage":0,"enemies":"Chosen","floor":19,"turns":4},{"damage":0,"enemies":"Snecko","floor":22,"turns":9},{"damage":10,"enemies":"Slavers","floor":23,"turns":5},{"damage":0,"enemies":"Shelled Parasite and Fungi","floor":25,"turns":3},{"damage":0,"enemies":"3 Cultists","floor":27,"turns":3},{"damage":0,"enemies":"Gremlin Leader","floor":29,"turns":5},{"damage":0,"enemies":"Cultist and Chosen","floor":30,"turns":6},{"damage":0,"enemies":"Book of Stabbing","floor":31,"turns":4},{"damage":28,"enemies":"Collector","floor":33,"turns":14},{"damage":9,"enemies":"3 Darklings","floor":35,"turns":4},{"damage":0,"enemies":"3 Shapes","floor":36,"turns":6},{"damage":0,"enemies":"Nemesis","floor":40,"turns":5},{"damage":0,"enemies":"Spire Growth","floor":41,"turns":4},{"damage":0,"enemies":"Maw","floor":42,"turns":6},{"damage":0,"enemies":"Writhing Mass","floor":44,"turns":6},{"damage":0,"enemies":"Giant Head","floor":45,"turns":6},{"damage":0,"enemies":"Reptomancer","floor":48,"turns":3},{"damage":0,"enemies":"Time Eater","floor":50,"turns":12},{"damage":0,"enemies":"Donu and Deca","floor":51,"turns":9},{"damage":0,"enemies":"Shield and Spear","floor":55,"turns":6},{"damage":48,"enemies":"The Heart","floor":56,"turns":9}],"green_key_taken_log":45,"seed_played":"-4262527321136374084","neow_bonus_log":{"cardsObtained":[],"cardsUpgraded":[],"cardsRemoved":[],"cardsTransformed":[],"relicsObtained":[],"maxHpGained":0,"goldGained":100,"damageTaken":0,"goldLost":0,"maxHpLost":0},"potions_obtained":[{"floor":1,"key":"FairyPotion"},{"floor":7,"key":"Explosive Potion"},{"floor":18,"key":"DistilledChaos"},{"floor":33,"key":"EssenceOfSteel"},{"floor":39,"key":"SkillPotion"},{"floor":41,"key":"DistilledChaos"},{"floor":45,"key":"SpeedPotion"},{"floor":48,"key":"DistilledChaos"}],"is_trial":false,"path_per_floor":["M","?","$","?","M","R","M","R","T","M","R","M","M","?","R","B",null,"M","M","$","?","M","E","R","M","T","M","R","E","M","E","R","B",null,"M","M","$","?","?","E","M","M","T","M","E","T","R","E","R","B","B",null,"R","$","E","B",null],"character_chosen":"DEFECT","basemod:card_modifiers":[null,null,null,null,null,null,null,null,null,null,null,null,null,null,null,null,null,null,null,null,null,null,null,null,null,null,null,null,null,null,null,null],"items_purchased":["Membership Card","Happy Flower","Master of Strategy","DollysMirror","Master of Strategy","Frozen Eye","Bag of Preparation","PotionOfCapacity"],"campfire_rested":1,"item_purchase_floors":[3,20,20,37,37,54,54,54],"current_hp_per_floor":[62,62,62,67,64,64,64,64,64,47,47,45,39,39,39,25,63,63,63,63,63,63,53,53,53,53,53,53,53,53,53,53,25,63,54,54,54,54,54,54,54,54,54,54,54,54,54,54,54,54,54,54,54,54,54,6],"gold":56,"neow_bonus":"HUNDRED_GOLD","is_prod":false,"is_daily":false,"rewards_skipped":[{"floor":23,"relics":[],"potions":["Swift Potion"]},{"floor":25,"relics":[],"potions":["Fire Potion"]},{"floor":27,"relics":[],"potions":["FearPotion"]},{"floor":30,"relics":[],"potions":["AttackPotion"]}],"chose_seed":false,"campfire_upgraded":8,"win_rate":0,"floor_exit_playtime":[86,128,187,203,297,306,361,370,393,558,565,737,856,880,886,1063,1150,1259,1331,1439,1454,1706,1956,2011,2107,2118,2309,2322,2627,2801,2947,2954,3840,3954,4147,4236,4526,4919,4931,5116,5254,5480,5488,5702,6007,6015,6023,6167,6177,6627,7031,7041,7046,7189,7616,9726],"timestamp":1680471216,"blue_key_relic_skipped_log":{"floor":26,"relicID":"Dream Catcher"},"path_taken":["M","?","$","?","M","R","M","R","T","M","R","M","M","?","R","BOSS","M","?","$","?","M","E","R","?","T","M","R","E","?","E","R","BOSS","M","?","$","?","?","E","M","?","T","M","E","?","R","E","R","BOSS","BOSS","R","$","E","BOSS"],"build_version":"2022-12-18","purchased_purges":2,"victory":true,"max_hp_per_floor":[71,71,71,76,76,76,76,76,76,76,76,76,76,76,76,76,76,76,76,76,76,76,76,76,76,76,76,76,76,76,76,76,76,76,76,76,76,76,76,76,76,76,83,83,83,83,83,83,83,83,83,83,83,83,83,83],"relic_stats":{"Mark of the Bloom":55,"Happy Flower":[41],"counters":[29,153],"PreservedInsect":362,"Juzu Bracelet":0,"Bag of Preparation":[4],"Ancient Tea Set":[4],"Blood Vial":0,"Frozen Eye":448.3482,"Centennial Puzzle":[3],"Matryoshka":2,"Pandora\u0027s Box":["Compile Driver","Leap","Chill","Reboot","Seek","Undo"],"Art of War":[35],"Membership Card":658,"Kunai":[13],"obtain_stats":[{"Mark of the Bloom":38,"Lantern":46,"Happy Flower":20,"Thread and Needle":46,"PreservedInsect":29,"Juzu Bracelet":45,"Bag of Preparation":54,"Empty Cage":34,"Ancient Tea Set":48,"Blood Vial":55,"Frozen Eye":54,"DataDisk":9,"Centennial Puzzle":43,"Matryoshka":31,"DollysMirror":37,"Strawberry":43,"Pandora\u0027s Box":17,"Art of War":23,"Membership Card":3,"Kunai":40,"Cracked Core":0},{"Mark of the Bloom":19,"Lantern":24,"Happy Flower":9,"Thread and Needle":24,"PreservedInsect":14,"Juzu Bracelet":24,"Bag of Preparation":27,"Empty Cage":17,"Ancient Tea Set":25,"Blood Vial":28,"Frozen Eye":27,"DataDisk":3,"Centennial Puzzle":22,"Matryoshka":16,"DollysMirror":19,"Strawberry":22,"Pandora\u0027s Box":7,"Art of War":11,"Membership Card":1,"Kunai":20,"Cracked Core":0},{"Mark of the Bloom":89,"Lantern":115,"Happy Flower":31,"Thread and Needle":115,"PreservedInsect":55,"Juzu Bracelet":115,"Bag of Preparation":138,"Empty Cage":79,"Ancient Tea Set":118,"Blood Vial":144,"Frozen Eye":138,"DataDisk":9,"Centennial Puzzle":104,"Matryoshka":65,"DollysMirror":89,"Strawberry":104,"Pandora\u0027s Box":26,"Art of War":45,"Membership Card":3,"Kunai":94,"Cracked Core":0}]},"card_choices":[{"not_picked":["Double Energy","Redo"],"picked":"Skim","floor":1},{"not_picked":["Barrage","Redo"],"picked":"Coolheaded","floor":5},{"not_picked":["Go for the Eyes","Auto Shields"],"picked":"Beam Cell","floor":7},{"not_picked":["Redo","Ball Lightning"],"picked":"Lockon","floor":10},{"not_picked":["Leap","Aggregate"],"picked":"Loop","floor":12},{"not_picked":["Recycle","Rip and Tear"],"picked":"Turbo","floor":13},{"not_picked":["Amplify","Electrodynamics"],"picked":"Biased Cognition","floor":16},{"not_picked":["Stack","Barrage"],"picked":"Melter+1","floor":18},{"not_picked":["Steam","Conserve Battery"],"picked":"Defragment","floor":19},{"not_picked":["Redo","Hello World"],"picked":"Coolheaded+1","floor":22},{"not_picked":["Gash","Sweeping Beam"],"picked":"Hologram","floor":23},{"not_picked":["Hello World","Turbo"],"picked":"Hologram","floor":25},{"not_picked":["Gash","Leap"],"picked":"Hologram","floor":27},{"not_picked":["Scrape","Steam Power"],"picked":"Reboot","floor":29},{"not_picked":["BootSequence","Rip and Tear"],"picked":"Genetic Algorithm","floor":30},{"not_picked":["Rebound","Steam+1"],"picked":"Genetic Algorithm","floor":31},{"not_picked":["Fission","Biased Cognition"],"picked":"Electrodynamics","floor":33},{"not_picked":["Sweeping Beam+1","Beam Cell","Force Field"],"picked":"SKIP","floor":35},{"not_picked":["Sweeping Beam+1","Beam Cell","Force Field"],"picked":"SKIP","floor":35},{"not_picked":["Steam","Gash","Sweeping Beam"],"picked":"SKIP","floor":36},{"not_picked":["Beam Cell","Rebound","Gash"],"picked":"SKIP","floor":40},{"not_picked":["Sunder+1","Cold Snap+1"],"picked":"Chaos+1","floor":41},{"not_picked":["Double Energy","Compile Driver"],"picked":"Redo+1","floor":42},{"not_picked":["Beam Cell","Ball Lightning+1"],"picked":"Hologram","floor":44},{"not_picked":["Streamline+1","Turbo"],"picked":"Hologram+1","floor":45},{"not_picked":["Melter","Undo"],"picked":"Fusion+1","floor":48},{"not_picked":["Compile Driver+1","Fission"],"picked":"Echo Form","floor":55}],"player_experience":5500156,"relics_obtained":[{"floor":9,"key":"DataDisk"},{"floor":23,"key":"Art of War"},{"floor":29,"key":"PreservedInsect"},{"floor":31,"key":"Matryoshka"},{"floor":40,"key":"Kunai"},{"floor":43,"key":"Strawberry"},{"floor":43,"key":"Centennial Puzzle"},{"floor":45,"key":"Juzu Bracelet"},{"floor":46,"key":"Thread and Needle"},{"floor":46,"key":"Lantern"},{"floor":48,"key":"Ancient Tea Set"},{"floor":55,"key":"Blood Vial"}],"event_choices":[{"damage_healed":0,"gold_gain":0,"player_choice":"Leave","damage_taken":0,"max_hp_gain":0,"max_hp_loss":0,"event_name":"The Cleric","floor":2,"gold_loss":0},{"damage_healed":0,"gold_gain":0,"player_choice":"Donut","damage_taken":0,"max_hp_gain":5,"max_hp_loss":0,"event_name":"Big Fish","floor":4,"gold_loss":0},{"cards_removed":["Strike_B"],"damage_healed":0,"gold_gain":0,"player_choice":"Purged","damage_taken":0,"max_hp_gain":0,"max_hp_loss":0,"event_name":"Purifier","floor":14,"gold_loss":0},{"damage_healed":0,"gold_gain":0,"player_choice":"Upgraded","damage_taken":0,"max_hp_gain":0,"max_hp_loss":0,"event_name":"Upgrade Shrine","floor":21,"gold_loss":0,"cards_upgraded":["Seek"]},{"damage_healed":0,"gold_gain":0,"player_choice":"Upgrade","damage_taken":0,"relics_obtained":["Mark of the Bloom"],"max_hp_gain":0,"max_hp_loss":0,"event_name":"MindBloom","floor":38,"gold_loss":0,"cards_upgraded":["Skim","Lockon","Biased Cognition","Compile Driver","Chill","Undo","Master of Strategy","Hologram","Hologram","Hologram","Reboot","Genetic Algorithm","Genetic Algorithm","Electrodynamics","Master of Strategy"]},{"damage_healed":0,"gold_gain":0,"player_choice":"Bought 1 Potion","damage_taken":0,"max_hp_gain":0,"max_hp_loss":0,"event_name":"The Woman in Blue","floor":39,"gold_loss":0}],"is_beta":false,"boss_relics":[{"not_picked":["SacredBark","SlaversCollar"],"picked":"Pandora\u0027s Box"},{"not_picked":["FrozenCore","Calling Bell"],"picked":"Empty Cage"}],"items_purged_floors":[3,37],"is_endless":false,"potions_floor_spawned":[1,7,18,23,25,27,30,33,41,45,48],"ascension_level":20,"potion_discard_per_floor":[[],[],[],[],[],[],[],[],[],[],[],[],[],[],[],[],[],[],[],[],[],[],[],[],[],[],[],[],[],[],[],[],[],[],[],[],[],[],["FairyPotion"],[],["EssenceOfSteel"],[],[],[],["SkillPotion"],[],[],["SpeedPotion"],[],[],[],[],[],[],[],[],[]]}