{"neow_bonuses_skipped_log":["TEN_PERCENT_HP_BONUS","ONE_RARE_RELIC","BOSS_RELIC"],"potions_obtained_entropic_brew":[[],[],[],[],[],[],[],[],[],[],[],[],[],[],[],[],[],[],[],[],[],[],[],[],[],[],[],[],[],[],[],[],[],[],[],[],[],[],[],[],[],[],[],[],[],[],[],[],[],[],[]],"neow_costs_skipped_log":["NONE","CURSE","NONE"],"gold_per_floor":[118,25,35,54,70,70,101,101,101,135,153,153,153,171,171,244,244,255,305,324,337,337,362,376,376,402,49,49,69,82,116,116,194,194,212,55,71,86,97,122,122,152,152,152,152,152,187,199,199,199,199],"floor_reached":51,"playtime":8795,"items_purged":["Strike_B"],"score":1928,"play_id":"165f0032-1cc6-43f6-9d85-3a4679ca700a","local_time":"20230409164309","score_breakdown":["Floors Climbed (51): 255","Enemies Slain (17): 34","Exordium Elites Killed (2): 20","City Elites Killed (2): 40","Beyond Elites Killed (3): 90","Bosses Slain (3): 300","Champion (4): 100","Perfect (2): 100","C-c-c-combo: 25","Ascension (20): 964"],"is_ascension_mode":true,"potions_obtained_alchemize":[[],[],[],[],[],[],[],[],[],[],[],[],[],[],[],[],[],[],[],[],[],[],[],[],[],[],[],[],[],[],[],[],[],[],[],[],[],[],[],[],[],[],[],[],[],[],[],[],[],[],[]],"campfire_choices":[{"data":"Defragment","floor":6,"key":"SMITH"},{"data":"Doom and Gloom","floor":8,"key":"SMITH"},{"data":"Redo","floor":13,"key":"SMITH"},{"data":"Buffer","floor":15,"key":"SMITH"},{"data":"Seek","floor":25,"key":"SMITH"},{"data":"Skim","floor":28,"key":"SMITH"},{"data":"Recycle","floor":32,"key":"SMITH"},{"data":"Hologram","floor":41,"key":"SMITH"},{"data":"Coolheaded","floor":44,"key":"SMITH"},{"floor":46,"key":"RECALL"},{"data":"Madness","floor":49,"key":"SMITH"}],"lesson_learned_per_floor":[[],[],[],[],[],[],[],[],[],[],[],[],[],[],[],[],[],[],[],[],[],[],[],[],[],[],[],[],[],[],[],[],[],[],[],[],[],[],[],[],[],[],[],[],[],[],[],[],[],[],[]],"neow_cost":"NONE","improvable_cards":{"Genetic Algorithm":[39]},"seed_source_timestamp":3054466838108,"shop_contents":[{"floor":2,"relics":["Dream Catcher","Bottled Flame","Orrery"],"cards":["Go for the Eyes","Lockon","Redo","Trip","Master of Strategy"],"potions":["SpeedPotion","EssenceOfSteel","Strength Potion"]},{"floor":27,"relics":["Oddly Smooth Stone","DollysMirror"],"cards":["Blizzard","Ball Lightning","White Noise","Turbo","Electrodynamics","PanicButton","Master of Strategy"],"potions":["LiquidBronze","DistilledChaos","PowerPotion"]},{"floor":36,"relics":["Frozen Egg 2","Prayer Wheel"],"cards":["Streamline","Cold Snap","Conserve Battery","Steam","Hello World","Good Instincts","Transmutation"],"potions":["FairyPotion","SteroidPotion","DuplicationPotion"]}],"circlet_count":0,"master_deck":["AscendersBane","Strike_B","Strike_B","Strike_B","Defend_B","Defend_B","Defend_B","Defend_B","Zap+1","Dualcast","Doom and Gloom+1","Defragment+1","Conserve Battery","Rebound","Cold Snap","Hologram+1","Skim+1","Redo+1","Genetic Algorithm","Buffer+1","Rainbow","Compile Driver","Seek+1","Cold Snap","Chill","Turbo","Skim+1","Recycle+1","All For One","Coolheaded+1","Self Repair","Madness+1","Madness","Heatsinks+1"],"potion_use_per_floor":[[],[],[],[],[],[],["Swift Potion"],[],[],[],[],[],[],[],[],[],[],[],[],[],[],[],[],[],[],[],[],[],[],[],[],[],[],[],[],[],[],[],[],["ColorlessPotion"],[],[],[],[],[],[],[],[],[],[],["Explosive Potion","Fire Potion"]],"relics":["Cracked Core","InkBottle","Meat on the Bone","Bronze Scales","Nuclear Battery","Mummified Hand","Nunchaku","Art of War","Bottled Lightning","Boot","SlaversCollar","TheAbacus","Kunai","Molten Egg 2","Bag of Marbles"],"potions_floor_usage":[7,40,51,51],"damage_taken":[{"damage":0,"enemies":"Cultist","floor":1,"turns":3},{"damage":0,"enemies":"2 Louse","floor":3,"turns":3},{"damage":0,"enemies":"Jaw Worm","floor":4,"turns":3},{"damage":10,"enemies":"Lots of Slimes","floor":5,"turns":5},{"damage":11,"enemies":"3 Sentries","floor":7,"turns":5},{"damage":17,"enemies":"Lagavulin","floor":10,"turns":6},{"damage":13,"enemies":"Exordium Thugs","floor":11,"turns":3},{"damage":1,"enemies":"Red Slaver","floor":14,"turns":3},{"damage":15,"enemies":"Hexaghost","floor":16,"turns":7},{"damage":6,"enemies":"3 Byrds","floor":18,"turns":3},{"damage":7,"enemies":"2 Thieves","floor":20,"turns":4},{"damage":0,"enemies":"Snecko","floor":21,"turns":5},{"damage":9,"enemies":"Gremlin Leader","floor":23,"turns":6},{"damage":0,"enemies":"Sentry and Sphere","floor":24,"turns":4},{"damage":2,"enemies":"Snake Plant","floor":29,"turns":3},{"damage":8,"enemies":"Shelled Parasite and Fungi","floor":30,"turns":7},{"damage":0,"enemies":"Book of Stabbing","floor":31,"turns":4},{"damage":0,"enemies":"Champ","floor":33,"turns":8},{"damage":0,"enemies":"Orb Walker","floor":35,"turns":3},{"damage":12,"enemies":"3 Darklings","floor":37,"turns":5},{"damage":13,"enemies":"Maw","floor":38,"turns":9},{"damage":0,"enemies":"Writhing Mass","floor":39,"turns":7},{"damage":0,"enemies":"Nemesis","floor":40,"turns":7},{"damage":0,"enemies":"Reptomancer","floor":42,"turns":7},{"damage":0,"enemies":"Nemesis","floor":47,"turns":7},{"damage":0,"enemies":"Transient","floor":48,"turns":6},{"damage":0,"enemies":"Donu and Deca","floor":50,"turns":8},{"damage":79,"enemies":"Awakened One","floor":51,"turns":8}],"green_key_taken_log":47,"seed_played":"-2968480210760648356","neow_bonus_log":{"cardsObtained":[],"cardsUpgraded":["Zap"],"cardsRemoved":[],"cardsTransformed":[],"relicsObtained":[],"maxHpGained":0,"goldGained":0,"damageTaken":0,"goldLost":0,"maxHpLost":0},"potions_obtained":[{"floor":1,"key":"Swift Potion"},{"floor":5,"key":"ColorlessPotion"},{"floor":7,"key":"SkillPotion"},{"floor":11,"key":"Regen Potion"},{"floor":30,"key":"AttackPotion"},{"floor":39,"key":"Explosive Potion"},{"floor":40,"key":"Fire Potion"}],"is_trial":false,"path_per_floor":["M","$","M","M","M","R","E","R","T","E","M","?","R","M","R","B",null,"M","?","M","M","T","E","M","R","T","$","R","M","M","E","R","B",null,"M","$","M","M","M","E","R","E","T","R","?","R","E","M","R","B","B"],"character_chosen":"DEFECT","basemod:card_modifiers":[null,null,null,null,null,null,null,null,null,null,null,null,null,null,null,null,null,null,null,null,null,null,null,null,null,null,null,null,null,null,null,null,null,null],"items_purchased":["Defragment","Conserve Battery","Bottled Lightning","TheAbacus"],"campfire_rested":0,"item_purchase_floors":[2,2,27,36],"current_hp_per_floor":[64,64,64,64,54,54,43,43,43,38,37,37,37,36,36,33,62,56,49,42,42,42,45,45,45,45,45,45,43,47,47,47,47,65,65,65,53,40,47,54,54,61,61,61,48,48,55,62,62,69,0],"gold":199,"neow_bonus":"UPGRADE_CARD","is_prod":false,"is_daily":false,"rewards_skipped":[{"floor":18,"relics":[],"potions":["SkillPotion"]},{"floor":33,"relics":[],"potions":["SkillPotion"]}],"chose_seed":false,"campfire_upgraded":10,"win_rate":0,"floor_exit_playtime":[197,243,286,315,405,414,682,703,708,866,964,968,1011,1097,1103,1403,1546,1635,1648,1766,1907,1949,2143,2266,2289,2310,2486,2495,2656,3020,3324,3329,3990,4192,4356,4395,4581,5159,5593,5933,5945,6406,6408,6415,6448,6460,6969,7213,7232,7683],"timestamp":1681072989,"blue_key_relic_skipped_log":{"floor":43,"relicID":"Darkstone Periapt"},"path_taken":["M","$","?","M","M","R","E","R","T","E","M","?","R","M","R","BOSS","M","?","?","M","?","E","M","R","T","$","R","M","?","E","R","BOSS","M","$","M","M","M","E","R","E","T","R","?","R","E","M","R","BOSS","BOSS"],"build_version":"2022-12-18","purchased_purges":1,"victory":false,"max_hp_per_floor":[71,71,71,71,71,71,71,71,71,71,71,71,71,71,71,71,71,71,71,71,71,71,71,71,71,71,71,71,71,71,71,71,71,71,71,71,71,71,71,71,71,71,71,71,71,71,71,71,71,71,71],"relic_stats":{"Nunchaku":[23],"TheAbacus":[198],"counters":[28,149],"Mummified Hand":[46],"Bronze Scales":[420],"Art of War":[20],"Bottled Lightning":"Seek","Kunai":[20],"Boot":[79],"obtain_stats":[{"Boot":31,"Nuclear Battery":17,"SlaversCollar":34,"Nunchaku":23,"TheAbacus":36,"Mummified Hand":22,"Bronze Scales":10,"Molten Egg 2":42,"Art of War":26,"Bag of Marbles":47,"Bottled Lightning":27,"Kunai":40,"Cracked Core":0,"InkBottle":7,"Meat on the Bone":9},{"Boot":17,"Nuclear Battery":9,"SlaversCollar":18,"Nunchaku":13,"TheAbacus":19,"Mummified Hand":12,"Bronze Scales":6,"Molten Egg 2":24,"Art of War":14,"Bag of Marbles":25,"Bottled Lightning":14,"Kunai":23,"Cracked Core":0,"InkBottle":5,"Meat on the Bone":5},{"Boot":74,"Nuclear Battery":38,"SlaversCollar":82,"Nunchaku":56,"TheAbacus":85,"Mummified Hand":50,"Bronze Scales":25,"Molten Egg 2":120,"Art of War":60,"Bag of Marbles":127,"Bottled Lightning":60,"Kunai":113,"Cracked Core":0,"InkBottle":19,"Meat on the Bone":19}],"InkBottle":[99],"Meat on the Bone":60},"card_choices":[{"not_picked":["Ball Lightning","Beam Cell"],"picked":"Doom and Gloom","floor":1},{"not_picked":["Storm","Darkness"],"picked":"Rebound","floor":3},{"not_picked":["Steam","Beam Cell"],"picked":"Cold Snap","floor":4},{"not_picked":["Rebound","Compile Driver"],"picked":"Hologram","floor":5},{"not_picked":["Sunder","Coolheaded"],"picked":"Skim","floor":7},{"not_picked":["Stack","Ball Lightning"],"picked":"Redo","floor":10},{"not_picked":["Go for the Eyes","Beam Cell"],"picked":"Genetic Algorithm","floor":11},{"not_picked":["Skim","Redo"],"picked":"Buffer","floor":14},{"not_picked":["Hyperbeam","Amplify"],"picked":"Rainbow","floor":16},{"not_picked":["Steam","Leap"],"picked":"Compile Driver","floor":18},{"not_picked":["Glacier","Cold Snap"],"picked":"Seek","floor":20},{"not_picked":["Rebound+1","Streamline","Steam"],"picked":"SKIP","floor":21},{"not_picked":["Rebound+1","Streamline","Steam"],"picked":"SKIP","floor":21},{"not_picked":["Redo","Leap"],"picked":"Cold Snap","floor":23},{"not_picked":["Ball Lightning","Rebound+1"],"picked":"Chill","floor":24},{"not_picked":["Streamline","Leap"],"picked":"Turbo","floor":29},{"not_picked":["Turbo","Defragment"],"picked":"Skim+1","floor":30},{"not_picked":["Leap","Reboot"],"picked":"Recycle","floor":31},{"not_picked":["Creative AI","Machine Learning"],"picked":"All For One","floor":33},{"not_picked":["Sweeping Beam","BootSequence+1"],"picked":"Coolheaded","floor":35},{"not_picked":["Reinforced Body","Streamline","Rip and Tear"],"picked":"SKIP","floor":37},{"not_picked":["Leap","Streamline"],"picked":"Self Repair","floor":38},{"not_picked":["Sweeping Beam","Conserve Battery","Barrage"],"picked":"SKIP","floor":39},{"not_picked":["Rebound","Reprogram+1","Sunder"],"picked":"SKIP","floor":40},{"not_picked":["Streamline+1","Multi-Cast","Genetic Algorithm+1"],"picked":"SKIP","floor":42},{"not_picked":["Streamline+1","Leap","Conserve Battery"],"picked":"SKIP","floor":47},{"not_picked":["White Noise","Storm+1"],"picked":"Heatsinks+1","floor":48}],"player_experience":5527963,"relics_obtained":[{"floor":7,"key":"InkBottle"},{"floor":9,"key":"Meat on the Bone"},{"floor":10,"key":"Bronze Scales"},{"floor":22,"key":"Mummified Hand"},{"floor":23,"key":"Nunchaku"},{"floor":26,"key":"Art of War"},{"floor":31,"key":"Boot"},{"floor":40,"key":"Kunai"},{"floor":42,"key":"Molten Egg 2"},{"floor":47,"key":"Bag of Marbles"}],"event_choices":[{"damage_healed":0,"gold_gain":0,"player_choice":"Ignored","damage_taken":0,"max_hp_gain":0,"max_hp_loss":0,"event_name":"Liars Game","floor":12,"gold_loss":0},{"damage_healed":0,"gold_gain":50,"player_choice":"Touch","damage_taken":7,"max_hp_gain":0,"max_hp_loss":0,"event_name":"FaceTrader","floor":19,"gold_loss":0},{"damage_healed":0,"gold_gain":0,"player_choice":"Embrace Madness","damage_taken":13,"max_hp_gain":0,"max_hp_loss":0,"event_name":"Winding Halls","floor":45,"gold_loss":0,"cards_obtained":["Madness","Madness"]}],"is_beta":false,"boss_relics":[{"not_picked":["Snecko Eye","Calling Bell"],"picked":"Nuclear Battery"},{"not_picked":["Inserter","Black Star"],"picked":"SlaversCollar"}],"items_purged_floors":[27],"is_endless":false,"potions_floor_spawned":[1,5,7,11,18,30,33,39,40],"killed_by":"Awakened One","ascension_level":20,"potion_discard_per_floor":[[],[],[],[],[],[],[],[],[],[],["SkillPotion"],[],[],[],[],[],[],[],[],[],[],[],[],[],[],[],[],[],[],["Regen Potion"],[],[],[],[],[],[],[],[],["AttackPotion"],[],[],[],[],[],[],[],[],[],[],[],[]]}