{"neow_bonuses_skipped_log":["THREE_CARDS","TEN_PERCENT_HP_BONUS","BOSS_RELIC"],"neow_costs_skipped_log":["NONE","NONE","NONE"],"potions_obtained_entropic_brew":[[],[],[],[],[],[],[],[],[],[],[],[],[],[],[],[],[],[],[],[],[],[],[],[],[],[],[],[],[],[],[],[],[],[],[],[],[],[],[],[],[],[],[],[],[],[],[],[],[],[]],"gold_per_floor":[116,116,136,150,164,164,194,209,236,236,271,299,334,360,360,443,443,443,383,333,333,333,333,333,333,333,333,333,333,248,248,248,248,248,248,248,248,248,248,248,248,248,248,21,21,21,21,21,21,21],"floor_reached":50,"playtime":7853,"items_purged":[],"score":1492,"play_id":"d703f7d9-f743-4a41-baa2-fdf8ba5a3be4","local_time":"20230418151455","falling_options_log":["Doom and Gloom+1","Coolheaded+1"],"score_breakdown":["Floors Climbed (50): 250","Enemies Slain (18): 36","Exordium Elites Killed (3): 30","City Elites Killed (2): 40","Beyond Elites Killed (3): 90","Bosses Slain (2): 150","Collector (1): 25","Librarian: 25","Champion (3): 75","Overkill: 25","C-c-c-combo: 25","Ascension (20): 721"],"is_ascension_mode":true,"potions_obtained_alchemize":[[],[],[],[],[],[],[],[],[],[],[],[],[],[],[],[],[],[],[],[],[],[],[],[],[],[],[],[],[],[],[],[],[],[],[],[],[],[],[],[],[],[],[],[],[],[],[],[],[],[]],"campfire_choices":[{"data":"Doom and Gloom","floor":6,"key":"SMITH"},{"data":"Go for the Eyes","floor":10,"key":"SMITH"},{"data":"Hologram","floor":15,"key":"SMITH"},{"floor":23,"key":"REST"},{"data":"Coolheaded","floor":32,"key":"SMITH"},{"data":"Skim","floor":41,"key":"SMITH"},{"data":"Defragment","floor":46,"key":"SMITH"},{"floor":49,"key":"RECALL"}],"lesson_learned_per_floor":[[],[],[],[],[],[],[],[],[],[],[],[],[],[],[],[],[],[],[],[],[],[],[],[],[],[],[],[],[],[],[],[],[],[],[],[],[],[],[],[],[],[],[],[],[],[],[],[],[],[]],"neow_cost":"TEN_PERCENT_HP_LOSS","improvable_cards":{"Genetic Algorithm+1":[56],"Genetic Algorithm":[45]},"seed_source_timestamp":3367790506998,"shop_contents":[{"floor":20,"relics":["Bronze Scales","Sundial","HandDrill"],"cards":["Rebound","Coolheaded","White Noise","Heatsinks","Finesse","Violence"],"potions":["Fire Potion","Regen Potion","PowerPotion"]},{"floor":36,"relics":["Pear","Frozen Egg 2","TheAbacus"],"cards":["Rip and Tear","Gash","Reinforced Body+1","Conserve Battery+1","Static Discharge","Bandage Up+1","Mayhem"],"potions":["LiquidBronze","ColorlessPotion","EssenceOfSteel"]},{"floor":44,"relics":["Akabeko","Mercury Hourglass","Runic Capacitor"],"cards":["Go for the Eyes","Streamline","Blind+1","Secret Technique+1"],"potions":["Energy Potion","GamblersBrew","Swift Potion"]}],"circlet_count":0,"master_deck":["AscendersBane","Strike_B","Strike_B+1","Defend_B","Defend_B","Dualcast","Go for the Eyes+1","Streamline+1","Conserve Battery","Hologram+1","Doom and Gloom+1","Skim","FTL","All For One+1","Genetic Algorithm","Coolheaded+1","Biased Cognition","Lockon+1","Beam Cell","Cold Snap","Cold Snap","Glacier","Hologram+1","Skim+1","Biased Cognition","BootSequence","Turbo","Compile Driver","Buffer","All For One+1","Fission+1","BootSequence+1","Conserve Battery+1","Genetic Algorithm+1","Hologram+1","Echo Form","Hologram+1","Machine Learning","Defragment+1","Coolheaded+1","Skim+1","Stack+1","Glacier+1"],"potion_use_per_floor":[[],[],[],[],[],[],[],[],[],[],[],[],["AttackPotion"],[],[],[],[],[],[],[],[],[],[],["SteroidPotion","FearPotion"],[],[],[],[],[],[],[],[],[],[],[],[],[],[],[],[],[],[],[],[],[],[],[],[],[],["DistilledChaos","DuplicationPotion"]],"relics":["Cracked Core","StrikeDummy","DataDisk","CeramicFish","Whetstone","Ectoplasm","Red Mask","Pen Nib","HornCleat","Bag of Marbles","Toxic Egg 2","Astrolabe","Letter Opener","Blue Candle","Oddly Smooth Stone"],"potions_floor_usage":[13,24,24,50,50],"damage_taken":[{"damage":0,"enemies":"2 Louse","floor":1,"turns":1},{"damage":0,"enemies":"Cultist","floor":3,"turns":3},{"damage":1,"enemies":"Small Slimes","floor":4,"turns":2},{"damage":10,"enemies":"3 Louse","floor":5,"turns":4},{"damage":18,"enemies":"3 Sentries","floor":7,"turns":6},{"damage":4,"enemies":"Exordium Wildlife","floor":8,"turns":4},{"damage":3,"enemies":"Lagavulin","floor":11,"turns":5},{"damage":8,"enemies":"Gremlin Gang","floor":12,"turns":3},{"damage":14,"enemies":"Gremlin Nob","floor":13,"turns":3},{"damage":10,"enemies":"Red Slaver","floor":14,"turns":3},{"damage":5,"enemies":"The Guardian","floor":16,"turns":9},{"damage":7,"enemies":"Shell Parasite","floor":18,"turns":6},{"damage":20,"enemies":"2 Thieves","floor":19,"turns":3},{"damage":33,"enemies":"Masked Bandits","floor":21,"turns":4},{"damage":0,"enemies":"Snecko","floor":22,"turns":3},{"damage":15,"enemies":"Slavers","floor":24,"turns":8},{"damage":0,"enemies":"Centurion and Healer","floor":25,"turns":9},{"damage":0,"enemies":"Chosen and Byrds","floor":27,"turns":7},{"damage":19,"enemies":"Book of Stabbing","floor":28,"turns":7},{"damage":0,"enemies":"Snecko","floor":29,"turns":5},{"damage":3,"enemies":"Centurion and Healer","floor":31,"turns":8},{"damage":23,"enemies":"Automaton","floor":33,"turns":9},{"damage":10,"enemies":"3 Shapes","floor":35,"turns":10},{"damage":0,"enemies":"3 Darklings","floor":38,"turns":7},{"damage":0,"enemies":"Sphere and 2 Shapes","floor":39,"turns":5},{"damage":0,"enemies":"Giant Head","floor":40,"turns":8},{"damage":0,"enemies":"Reptomancer","floor":42,"turns":9},{"damage":0,"enemies":"Maw","floor":47,"turns":10},{"damage":0,"enemies":"Giant Head","floor":48,"turns":9},{"damage":65,"enemies":"Time Eater","floor":50,"turns":12}],"green_key_taken_log":24,"seed_played":"2416156496082293579","neow_bonus_log":{"cardsObtained":["Go for the Eyes","Streamline"],"cardsUpgraded":[],"cardsRemoved":[],"cardsTransformed":["Strike_B","Strike_B"],"relicsObtained":[],"maxHpGained":0,"goldGained":0,"damageTaken":0,"goldLost":0,"maxHpLost":7},"potions_obtained":[{"floor":3,"key":"SteroidPotion"},{"floor":5,"key":"AttackPotion"},{"floor":13,"key":"SpeedPotion"},{"floor":14,"key":"Energy Potion"},{"floor":16,"key":"Energy Potion"},{"floor":18,"key":"FearPotion"},{"floor":27,"key":"DistilledChaos"},{"floor":28,"key":"Explosive Potion"},{"floor":29,"key":"DuplicationPotion"}],"is_trial":false,"path_per_floor":["M","?","M","M","M","R","E","M","T","R","E","M","E","M","R","B",null,"M","M","$","?","M","R","E","M","T","M","E","M","?","M","R","B",null,"M","$","?","M","M","E","R","E","T","$","?","R","M","E","R","B"],"character_chosen":"DEFECT","basemod:card_modifiers":[null,null,null,null,null,null,null,null,null,null,null,null,null,null,null,null,null,null,null,null,null,null,null,null,null,null,null,null,null,null,null,null,null,null,null,null,null,null,null,null,null,null,null],"items_purchased":["Cold Snap","Defragment","Coolheaded+1","Skim+1"],"campfire_rested":1,"item_purchase_floors":[20,44,44,44],"current_hp_per_floor":[64,64,64,63,53,53,35,38,38,38,42,41,34,31,31,33,56,56,36,36,10,17,36,28,35,35,42,23,30,30,34,34,18,53,50,50,50,57,64,64,64,64,64,64,64,64,64,64,64,0],"gold":21,"neow_bonus":"TRANSFORM_TWO_CARDS","is_prod":false,"is_daily":false,"rewards_skipped":[{"floor":12,"relics":[],"potions":["BlessingOfTheForge"]},{"floor":35,"relics":[],"potions":["ColorlessPotion"]},{"floor":40,"relics":[],"potions":["FearPotion"]}],"chose_seed":false,"campfire_upgraded":6,"win_rate":0,"floor_exit_playtime":[92,97,219,258,350,372,487,541,547,636,726,952,1288,1373,1470,1725,2102,2251,2370,2604,2895,2986,2990,3227,3368,3381,3548,3772,3858,3901,4098,4166,4619,4772,5049,5088,5165,5386,5519,5785,5800,6119,6121,6352,6393,6400,6710,6914,6919],"timestamp":1681845295,"blue_key_relic_skipped_log":{"floor":43,"relicID":"Vajra"},"path_taken":["M","?","M","M","M","R","E","M","T","R","E","?","E","M","R","BOSS","M","?","$","?","M","R","E","M","T","M","E","M","?","M","R","BOSS","M","$","?","M","?","E","R","E","T","?","?","R","?","E","R","BOSS"],"build_version":"2022-12-18","purchased_purges":0,"victory":false,"max_hp_per_floor":[64,64,64,64,64,64,64,64,64,64,64,64,64,64,64,64,64,64,64,64,64,64,64,64,64,64,64,64,64,64,64,64,64,64,64,64,64,64,64,64,64,64,64,64,64,64,64,64,64,64],"relic_stats":{"counters":[30,182],"CeramicFish":36,"Astrolabe":["All For One","Fission","BootSequence"],"Blue Candle":[1],"Ectoplasm":709,"Pen Nib":[25],"Whetstone":["Strike_B","All For One"],"Letter Opener":[125],"obtain_stats":[{"CeramicFish":11,"Astrolabe":34,"Blue Candle":42,"Oddly Smooth Stone":48,"Pen Nib":24,"Whetstone":13,"Letter Opener":40,"DataDisk":9,"HornCleat":26,"Ectoplasm":17,"Red Mask":21,"Bag of Marbles":28,"Toxic Egg 2":30,"Cracked Core":0,"StrikeDummy":7},{"CeramicFish":7,"Astrolabe":22,"Blue Candle":27,"Oddly Smooth Stone":29,"Pen Nib":16,"Whetstone":9,"Letter Opener":26,"DataDisk":6,"HornCleat":17,"Ectoplasm":11,"Red Mask":14,"Bag of Marbles":19,"Toxic Egg 2":20,"Cracked Core":0,"StrikeDummy":5},{"CeramicFish":25,"Astrolabe":112,"Blue Candle":151,"Oddly Smooth Stone":170,"Pen Nib":67,"Whetstone":31,"Letter Opener":142,"DataDisk":20,"HornCleat":76,"Ectoplasm":43,"Red Mask":56,"Bag of Marbles":90,"Toxic Egg 2":95,"Cracked Core":0,"StrikeDummy":16}]},"card_choices":[{"not_picked":["Barrage","Stack"],"picked":"Conserve Battery","floor":1},{"not_picked":["Sweeping Beam","Recycle"],"picked":"Hologram","floor":3},{"not_picked":["Go for the Eyes","Capacitor"],"picked":"Doom and Gloom","floor":4},{"not_picked":["Ball Lightning","Steam"],"picked":"Skim","floor":5},{"not_picked":["Rebound","Beam Cell"],"picked":"Self Repair","floor":7},{"not_picked":["Leap","Melter"],"picked":"FTL","floor":8},{"not_picked":["Conserve Battery","Compile Driver"],"picked":"All For One","floor":11},{"not_picked":["Go for the Eyes","Coolheaded"],"picked":"Genetic Algorithm","floor":12},{"not_picked":["Go for the Eyes","Stack","Gash"],"picked":"SKIP","floor":13},{"not_picked":["Go for the Eyes","Stack","Gash"],"picked":"SKIP","floor":13},{"not_picked":["Steam Power","Sweeping Beam"],"picked":"Coolheaded","floor":14},{"not_picked":["Fission","Rainbow"],"picked":"Biased Cognition","floor":16},{"not_picked":["Scrape","Streamline"],"picked":"Lockon+1","floor":18},{"not_picked":["Sweeping Beam","Go for the Eyes"],"picked":"Beam Cell","floor":19},{"not_picked":["Go for the Eyes","Heatsinks"],"picked":"Cold Snap","floor":21},{"not_picked":["Conserve Battery","BootSequence+1"],"picked":"Glacier","floor":22},{"not_picked":["Streamline","BootSequence+1"],"picked":"Hologram+1","floor":24},{"not_picked":["Redo","Gash"],"picked":"Skim","floor":25},{"not_picked":["Coolheaded","Self Repair"],"picked":"Biased Cognition","floor":27},{"not_picked":["Go for the Eyes","Thunder Strike"],"picked":"BootSequence","floor":28},{"not_picked":["Coolheaded","Scrape"],"picked":"Turbo","floor":29},{"not_picked":["Cold Snap","Barrage"],"picked":"Compile Driver","floor":31},{"not_picked":["Multi-Cast+1","Creative AI"],"picked":"Buffer","floor":33},{"not_picked":["Ball Lightning","Rebound+1"],"picked":"Conserve Battery+1","floor":35},{"not_picked":["Gash","Redo+1"],"picked":"Hologram+1","floor":38},{"not_picked":["Hologram+1","Rebound"],"picked":"Echo Form","floor":39},{"not_picked":["Gash","Conserve Battery+1"],"picked":"Hologram+1","floor":40},{"not_picked":["Rip and Tear","Conserve Battery+1"],"picked":"Machine Learning","floor":42},{"not_picked":["Sweeping Beam","Ball Lightning"],"picked":"Stack+1","floor":47},{"not_picked":["Lockon","Go for the Eyes"],"picked":"Glacier+1","floor":48}],"player_experience":5554361,"relics_obtained":[{"floor":7,"key":"StrikeDummy"},{"floor":9,"key":"DataDisk"},{"floor":11,"key":"CeramicFish"},{"floor":13,"key":"Whetstone"},{"floor":21,"key":"Red Mask"},{"floor":24,"key":"Pen Nib"},{"floor":26,"key":"HornCleat"},{"floor":28,"key":"Bag of Marbles"},{"floor":40,"key":"Letter Opener"},{"floor":42,"key":"Blue Candle"},{"floor":48,"key":"Oddly Smooth Stone"}],"event_choices":[{"damage_healed":0,"gold_gain":0,"player_choice":"Upgraded","damage_taken":0,"max_hp_gain":0,"max_hp_loss":0,"event_name":"Upgrade Shrine","floor":2,"gold_loss":0,"cards_upgraded":["Streamline"]},{"damage_healed":0,"gold_gain":0,"player_choice":"Fought Bandits","damage_taken":0,"max_hp_gain":0,"max_hp_loss":0,"event_name":"Masked Bandits","floor":21,"gold_loss":0},{"damage_healed":0,"gold_gain":0,"player_choice":"Obtained Relic","damage_taken":0,"relics_obtained":["Toxic Egg 2"],"max_hp_gain":0,"max_hp_loss":0,"event_name":"Addict","floor":30,"gold_loss":85},{"damage_healed":0,"gold_gain":0,"player_choice":"Copied","damage_taken":0,"max_hp_gain":0,"max_hp_loss":0,"event_name":"Duplicator","floor":37,"gold_loss":0,"cards_obtained":["Genetic Algorithm"]},{"cards_removed":["Self Repair"],"damage_healed":0,"gold_gain":0,"player_choice":"Removed Power","damage_taken":0,"max_hp_gain":0,"max_hp_loss":0,"event_name":"Falling","floor":45,"gold_loss":0}],"is_beta":false,"boss_relics":[{"not_picked":["Inserter","Empty Cage"],"picked":"Ectoplasm"},{"not_picked":["FrozenCore","Calling Bell"],"picked":"Astrolabe"}],"items_purged_floors":[],"is_endless":false,"potions_floor_spawned":[3,5,12,13,14,16,18,27,28,29,35,40],"killed_by":"Time Eater","ascension_level":20,"potion_discard_per_floor":[[],[],[],[],[],[],[],[],[],[],[],[],[],["SpeedPotion"],[],["Energy Potion"],[],["Energy Potion"],[],[],[],[],[],[],[],[],[],[],["Explosive Potion"],[],[],[],[],[],[],[],[],[],[],[],[],[],[],[],[],[],[],[],[],[]]}