{"neow_bonuses_skipped_log":["REMOVE_CARD","THREE_SMALL_POTIONS","BOSS_RELIC"],"potions_obtained_entropic_brew":[[],[],[],[],[],[],[],[],[],[],[],[],[],[],[],[],[],[],[],[],[],[],[],[],[],[],[]],"neow_costs_skipped_log":["NONE","NONE","NONE"],"gold_per_floor":[112,112,126,137,137,137,137,171,171,204,224,236,236,250,250,328,328,341,21,21,21,21,21,39,39,64,64],"floor_reached":27,"playtime":2764,"items_purged":["Defend_B"],"score":442,"play_id":"b3b97c02-7b67-435b-b213-068c266ad04e","local_time":"20230419174016","score_breakdown":["Floors Climbed (27): 135","Enemies Slain (8): 16","Exordium Elites Killed (2): 20","City Elites Killed (0): 0","Bosses Slain (1): 50","Ascension (20): 221"],"is_ascension_mode":true,"potions_obtained_alchemize":[[],[],[],[],[],[],[],[],[],[],[],[],[],[],[],[],[],[],[],[],[],[],[],[],[],[],[]],"campfire_choices":[{"data":"Defragment","floor":6,"key":"SMITH"},{"data":"Redo","floor":13,"key":"SMITH"},{"data":"Sweeping Beam","floor":15,"key":"SMITH"},{"data":"Aggregate","floor":23,"key":"SMITH"},{"data":"Buffer","floor":25,"key":"SMITH"}],"lesson_learned_per_floor":[[],[],[],[],[],[],[],[],[],[],[],[],[],[],[],[],[],[],[],[],[],[],[],[],[],[],[]],"neow_cost":"TEN_PERCENT_HP_LOSS","improvable_cards":{},"seed_source_timestamp":5174587557585,"shop_contents":[{"floor":19,"relics":["MealTicket","Cauldron"],"cards":["Beam Cell","Ball Lightning","Hologram","Static Discharge","Impatience","Secret Technique"],"potions":["PowerPotion","Fruit Juice","SpeedPotion"]},{"floor":22,"relics":["Mercury Hourglass","Letter Opener","Membership Card"],"cards":["FTL","Sweeping Beam","Reinforced Body","Steam Power","Hello World","Bandage Up","Transmutation"],"potions":["LiquidMemories","BlessingOfTheForge","DistilledChaos"]}],"circlet_count":0,"master_deck":["AscendersBane","Strike_B","Dualcast","Undo","Rainbow","Sweeping Beam+1","Defragment+1","Cold Snap","Heatsinks","Cold Snap","Redo+1","Hologram","Hologram","BootSequence","Buffer+1","Loop+1","Hello World+1","Force Field+1","Glacier","Aggregate+1"],"potion_use_per_floor":[[],[],[],[],[],[],[],[],[],[],["AttackPotion"],[],[],[],[],[],[],[],[],[],[],[],[],[],[],[],["DistilledChaos","BlessingOfTheForge"]],"relics":["Cracked Core","Calipers","Nunchaku","Tiny Chest","Astrolabe","Orichalcum","Blood Vial"],"potions_floor_usage":[11,27,27],"damage_taken":[{"damage":1,"enemies":"Small Slimes","floor":1,"turns":4},{"damage":5,"enemies":"2 Louse","floor":3,"turns":3},{"damage":5,"enemies":"Jaw Worm","floor":4,"turns":5},{"damage":7,"enemies":"Gremlin Nob","floor":8,"turns":3},{"damage":3,"enemies":"Lagavulin","floor":10,"turns":7},{"damage":5,"enemies":"Gremlin Gang","floor":11,"turns":5},{"damage":6,"enemies":"Blue Slaver","floor":12,"turns":4},{"damage":0,"enemies":"2 Fungi Beasts","floor":14,"turns":3},{"damage":12,"enemies":"The Guardian","floor":16,"turns":13},{"damage":7,"enemies":"3 Byrds","floor":18,"turns":6},{"damage":4,"enemies":"2 Thieves","floor":24,"turns":5},{"damage":58,"enemies":"Slavers","floor":27,"turns":4}],"seed_played":"-8530117440046182881","neow_bonus_log":{"cardsObtained":["Undo","Rainbow"],"cardsUpgraded":[],"cardsRemoved":[],"cardsTransformed":["Strike_B","Strike_B"],"relicsObtained":[],"maxHpGained":0,"goldGained":0,"damageTaken":0,"goldLost":0,"maxHpLost":7},"potions_obtained":[{"floor":1,"key":"PotionOfCapacity"},{"floor":4,"key":"DistilledChaos"},{"floor":10,"key":"AttackPotion"},{"floor":12,"key":"BlessingOfTheForge"}],"is_trial":false,"path_per_floor":["M","?","M","M","?","R","?","E","T","E","M","M","R","M","R","B",null,"M","$","?","?","$","R","M","R","T","E"],"character_chosen":"DEFECT","basemod:card_modifiers":[null,null,null,null,null,null,null,null,null,null,null,null,null,null,null,null,null,null,null,null],"items_purchased":["Orichalcum","Aggregate"],"campfire_rested":0,"item_purchase_floors":[19,19],"current_hp_per_floor":[63,58,53,48,48,48,48,41,41,38,33,27,27,27,27,15,52,45,45,45,45,45,45,41,41,41,0],"gold":64,"neow_bonus":"TRANSFORM_TWO_CARDS","is_prod":false,"is_daily":false,"rewards_skipped":[],"chose_seed":false,"campfire_upgraded":5,"win_rate":0,"floor_exit_playtime":[143,149,196,250,265,271,314,411,460,595,786,842,881,969,978,1259,1450,1769,1810,1833,1874,1882,1890,2063,2073,2081],"timestamp":1681940416,"blue_key_relic_skipped_log":{"floor":9,"relicID":"Darkstone Periapt"},"path_taken":["M","?","M","M","?","R","?","E","T","E","M","M","R","M","R","BOSS","M","$","?","?","?","R","M","R","T","E"],"build_version":"2022-12-18","purchased_purges":1,"victory":false,"max_hp_per_floor":[64,64,64,64,64,64,64,64,64,64,64,64,64,64,64,64,64,64,64,64,64,64,64,64,64,64,64],"relic_stats":{"Blood Vial":2,"Nunchaku":[5],"Calipers":[4],"counters":[12,62],"Astrolabe":["Loop","Hello World","Force Field"],"Tiny Chest":0,"Orichalcum":[12],"obtain_stats":[{"Blood Vial":26,"Nunchaku":8,"Calipers":2,"Astrolabe":17,"Tiny Chest":10,"Orichalcum":19,"Cracked Core":0},{"Blood Vial":11,"Nunchaku":4,"Calipers":1,"Astrolabe":9,"Tiny Chest":5,"Orichalcum":10,"Cracked Core":0},{"Blood Vial":58,"Nunchaku":15,"Calipers":4,"Astrolabe":47,"Tiny Chest":22,"Orichalcum":53,"Cracked Core":0}]},"card_choices":[{"not_picked":["Reinforced Body","Heatsinks"],"picked":"Sweeping Beam","floor":1},{"not_picked":["Compile Driver","Redo"],"picked":"Defragment","floor":3},{"not_picked":["FTL","Leap"],"picked":"Cold Snap","floor":4},{"not_picked":["Lockon","Tempest"],"picked":"Cold Snap","floor":8},{"not_picked":["Cold Snap","Barrage"],"picked":"Redo","floor":10},{"not_picked":["Thunder Strike","Compile Driver"],"picked":"Hologram","floor":11},{"not_picked":["Steam","Chaos"],"picked":"Hologram","floor":12},{"not_picked":["Streamline","Gash"],"picked":"BootSequence","floor":14},{"not_picked":["Rainbow","Amplify"],"picked":"Buffer","floor":16},{"not_picked":["Cold Snap","Compile Driver"],"picked":"Glacier","floor":18},{"not_picked":["Rip and Tear","BootSequence","Beam Cell"],"picked":"SKIP","floor":24}],"player_experience":5562214,"relics_obtained":[{"floor":8,"key":"Nunchaku"},{"floor":10,"key":"Tiny Chest"},{"floor":26,"key":"Blood Vial"}],"event_choices":[{"damage_healed":0,"gold_gain":0,"player_choice":"Success","damage_taken":5,"relics_obtained":["Calipers"],"max_hp_gain":0,"max_hp_loss":0,"event_name":"Scrap Ooze","floor":2,"gold_loss":0},{"damage_healed":0,"gold_gain":0,"player_choice":"Ignored","damage_taken":0,"max_hp_gain":0,"max_hp_loss":0,"event_name":"Shining Light","floor":5,"gold_loss":0},{"damage_healed":0,"gold_gain":0,"cards_transformed":["Defend_B"],"player_choice":"Change","damage_taken":0,"max_hp_gain":0,"max_hp_loss":0,"event_name":"Living Wall","floor":7,"gold_loss":0,"cards_obtained":["Heatsinks"]},{"cards_removed":["Defend_B"],"damage_healed":0,"gold_gain":0,"player_choice":"Elegance","damage_taken":0,"max_hp_gain":0,"max_hp_loss":0,"event_name":"Back to Basics","floor":20,"gold_loss":0},{"damage_healed":0,"gold_gain":0,"player_choice":"Ignored","damage_taken":0,"max_hp_gain":0,"max_hp_loss":0,"event_name":"Vampires","floor":21,"gold_loss":0}],"is_beta":false,"boss_relics":[{"not_picked":["Black Star","FrozenCore"],"picked":"Astrolabe"}],"items_purged_floors":[19],"is_endless":false,"potions_floor_spawned":[1,4,10,12],"killed_by":"Slavers","ascension_level":20,"potion_discard_per_floor":[[],[],[],[],[],[],[],[],[],["PotionOfCapacity"],[],[],[],[],[],[],[],[],[],[],[],[],[],[],[],[],[]]}