{"neow_bonuses_skipped_log":["ONE_RANDOM_RARE_CARD","RANDOM_COLORLESS_2","BOSS_RELIC"],"potions_obtained_entropic_brew":[[],[],[],[],[],[],[],[],[],[],[],[],[],[],[],[],[],[],[],[],[],[],[],[],[],[],[],[],[],[],[],[],[],[],[],[],[],[],[],[],[],[],[],[],[],[],[],[],[],[],[],[],[],[],[],[],[]],"neow_costs_skipped_log":["NONE","TEN_PERCENT_HP_LOSS","NONE"],"gold_per_floor":[216,216,32,50,63,97,97,109,185,185,185,195,211,240,240,315,315,285,285,285,296,50,62,92,13,13,26,26,56,56,156,156,233,233,252,266,278,278,278,27,60,70,70,86,96,127,175,204,204,204,204,204,204,35,66,66],"floor_reached":57,"playtime":6799,"items_purged":["Pain"],"score":2909,"play_id":"3854e94e-e7f2-473d-810c-671f7480f14f","local_time":"20230415162528","falling_options_log":["Ball Lightning","Defragment+1"],"score_breakdown":["Floors Climbed (57): 285","Enemies Slain (16): 32","Exordium Elites Killed (2): 20","City Elites Killed (2): 40","Beyond Elites Killed (3): 90","Bosses Slain (5): 750","Librarian: 25","Champion (2): 50","Perfect (1): 50","Ascension (20): 1317","Heartbreaker: 250"],"is_ascension_mode":true,"potions_obtained_alchemize":[[],[],[],[],[],[],[],[],[],[],[],[],[],[],[],[],[],[],[],[],[],[],[],[],[],[],[],[],[],[],[],[],[],[],[],[],[],[],[],[],[],[],[],[],[],[],[],[],[],[],[],[],[],[],[],[],[]],"campfire_choices":[{"data":"Sunder","floor":7,"key":"SMITH"},{"data":"Defragment","floor":11,"key":"SMITH"},{"data":"Reboot","floor":15,"key":"SMITH"},{"data":"Defragment","floor":28,"key":"SMITH"},{"data":"Ghostly","floor":32,"key":"SMITH"},{"floor":49,"key":"RECALL"},{"data":"Seek","floor":53,"key":"SMITH"}],"lesson_learned_per_floor":[[],[],[],[],[],[],[],[],[],[],[],[],[],[],[],[],[],[],[],[],[],[],[],[],[],[],[],[],[],[],[],[],[],[],[],[],[],[],[],[],[],[],[],[],[],[],[],[],[],[],[],[],[],[],[],[],[]],"neow_cost":"NONE","improvable_cards":{"Genetic Algorithm+1":[40],"Genetic Algorithm":[43]},"seed_source_timestamp":251124841076,"shop_contents":[{"floor":3,"relics":["Ancient Tea Set","Potion Belt","Medical Kit"],"cards":["Gash","Hologram","Redo","Static Discharge","Magnetism"],"potions":["FocusPotion","FocusPotion","EssenceOfSteel"]},{"floor":22,"relics":["CeramicFish","Boot","HandDrill"],"cards":["Doom and Gloom","Go for the Eyes","Steam","Leap","Finesse","Panache"],"potions":["SteroidPotion","Fire Potion","SpeedPotion"]},{"floor":25,"relics":["Ginger","MealTicket","ClockworkSouvenir"],"cards":["Melter","Streamline","Fusion","Leap","Purity","Thinking Ahead"],"potions":["Fire Potion","ColorlessPotion","Fire Potion"]},{"floor":40,"relics":["Art of War","Singing Bowl"],"cards":["Beam Cell","Melter","Chill","Steam","Discovery","Panache"],"potions":["Strength Potion","Energy Potion","Fire Potion"]},{"floor":54,"relics":["Gremlin Horn","StrikeDummy"],"cards":["Blizzard","Gash","Multi-Cast","Reinforced Body","Defragment+1","PanicButton","Violence"],"potions":["Energy Potion","LiquidBronze","EntropicBrew"]}],"circlet_count":0,"master_deck":["AscendersBane","Zap","Self Repair","Sunder+1","Trip","Static Discharge","Defragment+1","Glacier","BootSequence","Cold Snap","Ball Lightning","Reboot+1","Creative AI","Lockon","Ghostly","Ghostly","Ghostly+1","Coolheaded","Electrodynamics","Conserve Battery","Defragment+1","Chill+1","Core Surge","Shame","Double Energy","Seek+1","Hologram","Defragment","Biased Cognition","Stack","Seek","Meteor Strike","Chaos","Meteor Strike","Redo+1","Echo Form","Go for the Eyes","Steam Power","Echo Form","Genetic Algorithm","Hologram","Genetic Algorithm+1","Loop+1","Buffer+1","Seek"],"potion_use_per_floor":[[],[],[],[],[],["DuplicationPotion"],[],[],[],[],[],[],[],[],[],[],[],[],[],[],[],[],[],[],[],[],[],[],[],[],[],[],[],[],[],[],[],[],[],[],[],[],[],[],[],[],[],[],[],[],[],[],[],[],[],["Ancient Potion"],[]],"relics":["Cracked Core","Bird Faced Urn","Vajra","Question Card","WarpedTongs","Strawberry","Runic Pyramid","Enchiridion","Pen Nib","Incense Burner","Darkstone Periapt","DataDisk","Ice Cream","Bottled Flame","Pandora\u0027s Box","Orrery","Juzu Bracelet","Du-Vu Doll","Mango","Frozen Egg 2","Runic Capacitor","Akabeko"],"potions_floor_usage":[6,56],"damage_taken":[{"damage":3,"enemies":"2 Louse","floor":1,"turns":3},{"damage":4,"enemies":"Small Slimes","floor":4,"turns":3},{"damage":0,"enemies":"Cultist","floor":5,"turns":2},{"damage":20,"enemies":"3 Sentries","floor":6,"turns":5},{"damage":7,"enemies":"2 Fungi Beasts","floor":8,"turns":5},{"damage":14,"enemies":"Blue Slaver","floor":12,"turns":5},{"damage":3,"enemies":"Exordium Wildlife","floor":13,"turns":4},{"damage":4,"enemies":"Lagavulin","floor":14,"turns":7},{"damage":26,"enemies":"The Guardian","floor":16,"turns":8},{"damage":14,"enemies":"2 Thieves","floor":18,"turns":4},{"damage":1,"enemies":"Chosen","floor":21,"turns":5},{"damage":5,"enemies":"Centurion and Healer","floor":23,"turns":7},{"damage":17,"enemies":"Book of Stabbing","floor":24,"turns":6},{"damage":26,"enemies":"Sentry and Sphere","floor":27,"turns":6},{"damage":18,"enemies":"Slavers","floor":29,"turns":11},{"damage":0,"enemies":"Colosseum Slavers","floor":31,"turns":10},{"damage":0,"enemies":"Colosseum Nobs","floor":31,"turns":7},{"damage":2,"enemies":"Collector","floor":33,"turns":13},{"damage":0,"enemies":"3 Shapes","floor":35,"turns":6},{"damage":0,"enemies":"3 Darklings","floor":36,"turns":6},{"damage":0,"enemies":"Transient","floor":37,"turns":6},{"damage":2,"enemies":"Reptomancer","floor":41,"turns":10},{"damage":0,"enemies":"Spire Growth","floor":42,"turns":8},{"damage":0,"enemies":"Jaw Worm Horde","floor":44,"turns":17},{"damage":0,"enemies":"Maw","floor":45,"turns":12},{"damage":1,"enemies":"Giant Head","floor":46,"turns":18},{"damage":0,"enemies":"2 Orb Walkers","floor":47,"turns":12},{"damage":0,"enemies":"Reptomancer","floor":48,"turns":7},{"damage":1,"enemies":"Time Eater","floor":50,"turns":17},{"damage":0,"enemies":"Awakened One","floor":51,"turns":18},{"damage":1,"enemies":"Shield and Spear","floor":55,"turns":6},{"damage":25,"enemies":"The Heart","floor":56,"turns":10}],"green_key_taken_log":41,"seed_played":"-6798785423546921856","neow_bonus_log":{"cardsObtained":[],"cardsUpgraded":[],"cardsRemoved":[],"cardsTransformed":[],"relicsObtained":[],"maxHpGained":0,"goldGained":100,"damageTaken":0,"goldLost":0,"maxHpLost":0},"potions_obtained":[{"floor":1,"key":"Swift Potion"},{"floor":5,"key":"DuplicationPotion"},{"floor":6,"key":"Ancient Potion"},{"floor":12,"key":"Block Potion"},{"floor":29,"key":"DistilledChaos"},{"floor":31,"key":"GamblersBrew"}],"is_trial":false,"path_per_floor":["M","?","$","M","M","E","R","M","T","?","R","M","M","E","R","B",null,"M","?","?","M","$","M","E","$","T","M","R","E","?","?","R","B",null,"M","M","M","?","?","$","E","M","T","M","M","E","?","E","R","B","B",null,"R","$","E","B",null],"character_chosen":"DEFECT","basemod:card_modifiers":[null,null,null,null,null,null,null,null,null,null,null,null,null,null,null,null,null,null,null,null,null,null,null,null,null,null,null,null,null,null,null,null,null,null,null,null,null,null,null,null,null,null,null,null,null],"items_purchased":["Sunder","Trip","Electrodynamics","Defragment","Orrery","Echo Form","Runic Capacitor"],"campfire_rested":0,"item_purchase_floors":[3,3,22,25,40,40,54],"current_hp_per_floor":[61,35,35,40,49,42,42,48,48,48,48,47,57,76,76,63,74,76,55,39,38,38,39,35,35,35,28,28,24,30,45,45,45,45,45,45,45,45,45,45,45,45,45,45,45,45,59,59,59,59,59,59,59,59,59,59],"gold":66,"neow_bonus":"HUNDRED_GOLD","is_prod":false,"is_daily":false,"rewards_skipped":[{"floor":13,"relics":[],"potions":["Regen Potion"]},{"floor":27,"relics":[],"potions":["Weak Potion"]},{"floor":37,"relics":[],"potions":["DistilledChaos"]},{"floor":41,"relics":[],"potions":["Strength Potion"]},{"floor":44,"relics":[],"potions":["LiquidMemories"]},{"floor":45,"relics":[],"potions":["LiquidMemories"]}],"chose_seed":false,"campfire_upgraded":6,"win_rate":0,"floor_exit_playtime":[183,201,217,384,419,522,528,596,602,626,640,755,883,1016,1024,1309,1354,1519,1530,1689,1750,1786,1919,2193,2211,2219,2398,2405,2714,2821,3166,3179,3450,3538,3661,3790,3946,3993,3996,4134,4326,4442,4447,4756,4973,5247,5468,5721,5726,5956,6296,6307,6326,6336,6579,6799],"timestamp":1681590328,"blue_key_relic_skipped_log":{"floor":43,"relicID":"Bag of Marbles"},"path_taken":["M","?","$","M","M","E","R","M","T","?","R","?","M","E","R","BOSS","M","?","?","M","$","M","E","?","T","?","R","E","?","?","R","BOSS","M","M","M","?","?","$","E","M","T","M","M","E","?","E","R","BOSS","BOSS","R","$","E","BOSS"],"build_version":"2022-12-18","purchased_purges":1,"victory":true,"max_hp_per_floor":[71,71,71,71,71,71,71,71,71,71,71,71,71,78,78,78,78,78,78,39,39,39,39,39,39,39,39,39,39,45,45,45,45,45,45,45,45,45,45,45,45,45,45,45,45,45,59,59,59,59,59,59,59,59,59,59],"relic_stats":{"Darkstone Periapt":6,"Ice Cream":[1681],"Bottled Flame":"Core Surge","counters":[32,264],"Bird Faced Urn":[130],"Pandora\u0027s Box":["Hologram","Defragment","Biased Cognition","Stack","Seek","Meteor Strike","Chaos","Meteor Strike"],"Pen Nib":[19],"Juzu Bracelet":0,"Question Card":28,"obtain_stats":[{"Darkstone Periapt":29,"Ice Cream":31,"Vajra":6,"Enchiridion":19,"Mango":47,"Pen Nib":24,"Incense Burner":26,"Juzu Bracelet":41,"Runic Capacitor":54,"Frozen Egg 2":48,"Question Card":9,"Akabeko":55,"WarpedTongs":10,"Du-Vu Doll":46,"DataDisk":30,"Bottled Flame":31,"Bird Faced Urn":2,"Strawberry":14,"Orrery":40,"Pandora\u0027s Box":34,"Cracked Core":0,"Runic Pyramid":17},{"Darkstone Periapt":15,"Ice Cream":17,"Vajra":4,"Enchiridion":10,"Mango":27,"Pen Nib":13,"Incense Burner":13,"Juzu Bracelet":22,"Runic Capacitor":30,"Frozen Egg 2":28,"Question Card":5,"Akabeko":31,"WarpedTongs":5,"Du-Vu Doll":26,"DataDisk":15,"Bottled Flame":17,"Bird Faced Urn":1,"Strawberry":8,"Orrery":21,"Pandora\u0027s Box":18,"Cracked Core":0,"Runic Pyramid":9},{"Darkstone Periapt":81,"Ice Cream":98,"Vajra":13,"Enchiridion":46,"Mango":206,"Pen Nib":64,"Incense Burner":64,"Juzu Bracelet":139,"Runic Capacitor":248,"Frozen Egg 2":213,"Question Card":18,"Akabeko":254,"WarpedTongs":18,"Du-Vu Doll":194,"DataDisk":81,"Bottled Flame":98,"Bird Faced Urn":3,"Strawberry":34,"Orrery":129,"Pandora\u0027s Box":111,"Cracked Core":0,"Runic Pyramid":42}],"WarpedTongs":[243]},"card_choices":[{"not_picked":["Consume","BootSequence"],"picked":"Self Repair","floor":1},{"not_picked":["Tempest","Leap"],"picked":"Static Discharge","floor":4},{"not_picked":["Darkness","Beam Cell"],"picked":"Defragment","floor":5},{"not_picked":["Hologram","Streamline"],"picked":"Glacier","floor":6},{"not_picked":["Consume","Coolheaded"],"picked":"BootSequence","floor":8},{"not_picked":["Steam","Fusion","Auto Shields"],"picked":"Cold Snap","floor":12},{"not_picked":["Leap","Streamline","Gash"],"picked":"Ball Lightning","floor":13},{"not_picked":["Redo","Go for the Eyes","Scrape"],"picked":"Reboot","floor":14},{"not_picked":["Rainbow","Buffer","Hyperbeam"],"picked":"Creative AI","floor":16},{"not_picked":["Leap","Compile Driver","Rebound"],"picked":"Lockon","floor":18},{"not_picked":["Cold Snap","Chaos","Scrape"],"picked":"Coolheaded","floor":21},{"not_picked":["Steam","Consume+1","Gash+1"],"picked":"Conserve Battery","floor":23},{"not_picked":["Electrodynamics","Streamline","White Noise","Undo"],"picked":"SKIP","floor":24},{"not_picked":["Go for the Eyes+1","Barrage","Undo"],"picked":"Chill+1","floor":27},{"not_picked":["Undo","Genetic Algorithm","Rebound"],"picked":"Core Surge","floor":29},{"not_picked":["Hologram","Chaos","Coolheaded"],"picked":"Double Energy","floor":31},{"not_picked":["Electrodynamics","Meteor Strike","Fission"],"picked":"Seek","floor":33},{"not_picked":["Conserve Battery","Rebound+1","Sweeping Beam","Auto Shields"],"picked":"SKIP","floor":35},{"not_picked":["Redo","Storm","Steam","Blizzard"],"picked":"SKIP","floor":36},{"not_picked":["Rebound+1","Beam Cell","Coolheaded"],"picked":"Redo+1","floor":37},{"not_picked":["Coolheaded+1","Go for the Eyes+1","Leap"],"picked":"Echo Form","floor":40},{"not_picked":["Streamline+1","Gash","Steam+1"],"picked":"Go for the Eyes","floor":40},{"not_picked":["Cold Snap","Streamline","Tempest"],"picked":"Steam Power","floor":40},{"not_picked":["Sweeping Beam","Sunder","Rainbow","Storm+1"],"picked":"SKIP","floor":40},{"not_picked":["Conserve Battery","Darkness","Electrodynamics","Cold Snap+1"],"picked":"SKIP","floor":40},{"not_picked":["Compile Driver","BootSequence","Doom and Gloom+1"],"picked":"Genetic Algorithm","floor":41},{"not_picked":["Steam+1","Rip and Tear","Coolheaded"],"picked":"Hologram","floor":42},{"not_picked":["Reprogram","Redo","Biased Cognition"],"picked":"Genetic Algorithm+1","floor":44},{"not_picked":["Sweeping Beam","Compile Driver","Static Discharge"],"picked":"Loop+1","floor":45},{"not_picked":["Undo","Streamline","Leap","Sunder+1"],"picked":"SKIP","floor":46},{"not_picked":["Leap","Lockon","Ball Lightning","Beam Cell"],"picked":"SKIP","floor":47},{"not_picked":["Sunder","Go for the Eyes","Beam Cell+1"],"picked":"Buffer+1","floor":48},{"not_picked":["Barrage+1","Go for the Eyes","Chaos"],"picked":"Seek","floor":55}],"player_experience":5547562,"relics_obtained":[{"floor":6,"key":"Vajra"},{"floor":9,"key":"Question Card"},{"floor":14,"key":"Strawberry"},{"floor":19,"key":"Enchiridion"},{"floor":24,"key":"Pen Nib"},{"floor":26,"key":"Incense Burner"},{"floor":29,"key":"Darkstone Periapt"},{"floor":31,"key":"Ice Cream"},{"floor":31,"key":"Bottled Flame"},{"floor":41,"key":"Juzu Bracelet"},{"floor":46,"key":"Du-Vu Doll"},{"floor":47,"key":"Mango"},{"floor":48,"key":"Frozen Egg 2"},{"floor":55,"key":"Akabeko"}],"event_choices":[{"damage_healed":0,"gold_gain":0,"player_choice":"Success","damage_taken":26,"relics_obtained":["Bird Faced Urn"],"max_hp_gain":0,"max_hp_loss":0,"event_name":"Scrap Ooze","floor":2,"gold_loss":0},{"damage_healed":0,"gold_gain":0,"player_choice":"Rummage","damage_taken":0,"relics_obtained":["WarpedTongs"],"max_hp_gain":0,"max_hp_loss":0,"event_name":"Accursed Blacksmith","floor":10,"gold_loss":0,"cards_obtained":["Pain"]},{"damage_healed":0,"gold_gain":0,"player_choice":"Obtained Book","damage_taken":21,"max_hp_gain":0,"max_hp_loss":0,"event_name":"Cursed Tome","floor":19,"gold_loss":0},{"damage_healed":0,"gold_gain":0,"player_choice":"Became a Ghost","damage_taken":0,"max_hp_gain":0,"max_hp_loss":39,"event_name":"Ghosts","floor":20,"gold_loss":0,"cards_obtained":["Ghostly","Ghostly","Ghostly"]},{"damage_healed":0,"gold_gain":0,"player_choice":"Stole Relic","damage_taken":0,"relics_obtained":["DataDisk"],"max_hp_gain":0,"max_hp_loss":0,"event_name":"Addict","floor":30,"gold_loss":0,"cards_obtained":["Shame"]},{"damage_healed":0,"gold_gain":0,"player_choice":"Fight","damage_taken":0,"max_hp_gain":0,"max_hp_loss":0,"event_name":"Colosseum","floor":31,"gold_loss":0},{"damage_healed":0,"gold_gain":0,"player_choice":"Fought Nobs","damage_taken":0,"max_hp_gain":0,"max_hp_loss":0,"event_name":"Colosseum","floor":31,"gold_loss":0},{"cards_removed":["Dualcast"],"damage_healed":0,"gold_gain":0,"player_choice":"Removed Skill","damage_taken":0,"max_hp_gain":0,"max_hp_loss":0,"event_name":"Falling","floor":38,"gold_loss":0},{"damage_healed":0,"gold_gain":0,"player_choice":"Ignored","damage_taken":0,"max_hp_gain":0,"max_hp_loss":0,"event_name":"Tomb of Lord Red Mask","floor":39,"gold_loss":0},{"damage_healed":0,"gold_gain":0,"player_choice":"Fight","damage_taken":0,"max_hp_gain":0,"max_hp_loss":0,"event_name":"Mysterious Sphere","floor":47,"gold_loss":0}],"is_beta":false,"boss_relics":[{"not_picked":["Inserter","Cursed Key"],"picked":"Runic Pyramid"},{"not_picked":["Tiny House","Fusion Hammer"],"picked":"Pandora\u0027s Box"}],"items_purged_floors":[22],"is_endless":false,"potions_floor_spawned":[1,5,6,12,13,27,29,31,31,37,41,44,45],"ascension_level":20,"potion_discard_per_floor":[[],[],[],[],[],[],[],[],[],[],[],["Swift Potion"],[],[],[],[],[],[],[],[],[],[],[],[],[],[],[],[],["Block Potion"],[],["DistilledChaos"],[],[],[],[],[],[],[],[],[],[],[],[],[],[],[],[],[],[],[],[],[],[],[],[],[],[]]}