{"neow_bonuses_skipped_log":["TRANSFORM_CARD","REMOVE_TWO","BOSS_RELIC"],"neow_costs_skipped_log":["NONE","PERCENT_DAMAGE","NONE"],"potions_obtained_entropic_brew":[[],[],[],[],[],[],[],[],[],[],[],[],[],[],[],[],[],[],[],[],[],[],[],[],[],[],[],[],[],[],[],[],[],[],[],[],[],[],[],[],[],[],[],[],[],[],[],[],[],[],[],[],[],[],[],["SneckoOil","Strength Potion","Explosive Potion","FearPotion"],[]],"gold_per_floor":[215,234,28,38,38,63,63,83,160,175,204,223,223,237,237,316,316,326,343,343,51,51,51,81,81,81,106,120,152,152,152,152,227,227,238,258,276,276,43,78,88,100,123,153,193,205,236,273,285,297,309,321,333,55,81,81],"floor_reached":57,"playtime":10804,"items_purged":["Shame"],"score":3153,"play_id":"229fceaa-b17c-411f-9dea-9cb41f43536f","local_time":"20230410213645","score_breakdown":["Floors Climbed (57): 285","Enemies Slain (17): 34","Exordium Elites Killed (2): 20","City Elites Killed (3): 60","Beyond Elites Killed (3): 90","Bosses Slain (5): 750","Money Money (1043): 25","Collector (1): 25","Librarian: 25","Champion (4): 100","Perfect (1): 50","C-c-c-combo: 25","Ascension (20): 1414","Heartbreaker: 250"],"is_ascension_mode":true,"potions_obtained_alchemize":[[],[],[],[],[],[],[],[],[],[],[],[],[],[],[],[],[],[],[],[],[],[],[],[],[],[],[],[],[],[],[],[],[],[],[],[],[],[],[],[],[],[],[],[],[],[],[],[],[],[],[],[],[],[],[],[],[]],"campfire_choices":[{"data":"Hyperbeam","floor":7,"key":"SMITH"},{"data":"Beam Cell","floor":13,"key":"SMITH"},{"data":"White Noise","floor":15,"key":"SMITH"},{"floor":23,"key":"REST"},{"data":"Seek","floor":30,"key":"SMITH"},{"data":"Apotheosis","floor":32,"key":"SMITH"},{"floor":49,"key":"RECALL"},{"data":"Biased Cognition","floor":53,"key":"SMITH"}],"lesson_learned_per_floor":[[],[],[],[],[],[],[],[],[],[],[],[],[],[],[],[],[],[],[],[],[],[],[],[],[],[],[],[],[],[],[],[],[],[],[],[],[],[],[],[],[],[],[],[],[],[],[],[],[],[],[],[],[],[],[],[],[]],"neow_cost":"NONE","improvable_cards":{"Genetic Algorithm+1":[82]},"seed_source_timestamp":25036173832124,"shop_contents":[{"floor":3,"relics":["Vajra","Medical Kit"],"cards":["Beam Cell","Sweeping Beam","Conserve Battery","Coolheaded","Mind Blast","Secret Technique"],"potions":["Block Potion","SteroidPotion","Swift Potion"]},{"floor":21,"relics":["Calipers","Bronze Scales","Boot"],"cards":["Gash","Rebound","Redo","Force Field","Capacitor","Finesse","Jack Of All Trades"],"potions":["EssenceOfDarkness","BlessingOfTheForge","LiquidBronze"]},{"floor":39,"relics":["Omamori","Molten Egg 2","Sundial"],"cards":["Melter","Rip and Tear","Stack","Conserve Battery","Storm","Trip","The Bomb"],"potions":["PowerPotion","Regen Potion","SteroidPotion"]},{"floor":54,"relics":["Bottled Flame","Mercury Hourglass","Lantern"],"cards":["Streamline","Sweeping Beam","Steam","Leap","Loop","Flash of Steel","Flash of Steel"],"potions":["LiquidMemories","LiquidMemories","Weak Potion"]}],"circlet_count":0,"master_deck":["AscendersBane","Strike_B","Strike_B","Strike_B","Strike_B","Defend_B","Defend_B","Defend_B","Defend_B","Zap","Dualcast","Hello World","Conserve Battery","Self Repair","Steam Power","Rebound","Hyperbeam+1","Beam Cell+1","Hologram","White Noise+1","Seek+1","Sweeping Beam","Core Surge","Biased Cognition+1","Skim","Loop+1","Turbo","Apotheosis+1","Ghostly","Ghostly+1","Ghostly","Aggregate+1","Reboot","Compile Driver","Skim","Cold Snap","Genetic Algorithm+1","Redo+1","Go for the Eyes+1","Coolheaded","Fission","Secret Technique","Ghostly+1","Hologram"],"potion_use_per_floor":[[],[],[],[],[],[],[],[],[],[],["LiquidMemories"],[],[],[],[],[],[],[],[],[],[],[],[],[],[],[],[],[],[],[],[],[],[],[],[],[],[],[],[],[],[],[],[],[],[],[],[],[],[],[],[],[],[],[],[],["FocusPotion","Dexterity Potion","GamblersBrew","EntropicBrew","Strength Potion","Explosive Potion","FearPotion"],[]],"relics":["Cracked Core","Oddly Smooth Stone","Lizard Tail","The Courier","Art of War","SlaversCollar","Nilry\u0027s Codex","Orrery","Matryoshka","Potion Belt","MealTicket","Bag of Preparation","Blood Vial","Pocketwatch","Nuclear Battery","Strange Spoon","Happy Flower","MawBank","Symbiotic Virus","Akabeko","DollysMirror","Bottled Lightning"],"potions_floor_usage":[11,56,56,56,56,56,56,56],"damage_taken":[{"damage":7,"enemies":"Jaw Worm","floor":1,"turns":4},{"damage":0,"enemies":"Cultist","floor":2,"turns":4},{"damage":0,"enemies":"Small Slimes","floor":4,"turns":4},{"damage":52,"enemies":"3 Sentries","floor":6,"turns":12},{"damage":0,"enemies":"Looter","floor":8,"turns":3},{"damage":6,"enemies":"3 Louse","floor":10,"turns":6},{"damage":3,"enemies":"Gremlin Nob","floor":11,"turns":3},{"damage":0,"enemies":"Large Slime","floor":12,"turns":4},{"damage":14,"enemies":"Red Slaver","floor":14,"turns":2},{"damage":7,"enemies":"The Guardian","floor":16,"turns":14},{"damage":13,"enemies":"Spheric Guardian","floor":18,"turns":4},{"damage":19,"enemies":"Shell Parasite","floor":19,"turns":4},{"damage":15,"enemies":"Slavers","floor":24,"turns":4},{"damage":0,"enemies":"Book of Stabbing","floor":27,"turns":3},{"damage":13,"enemies":"Centurion and Healer","floor":28,"turns":3},{"damage":0,"enemies":"Slavers","floor":29,"turns":1},{"damage":6,"enemies":"Automaton","floor":33,"turns":9},{"damage":2,"enemies":"3 Darklings","floor":35,"turns":2},{"damage":1,"enemies":"Orb Walker","floor":36,"turns":3},{"damage":2,"enemies":"Transient","floor":37,"turns":6},{"damage":3,"enemies":"Nemesis","floor":40,"turns":7},{"damage":3,"enemies":"Writhing Mass","floor":41,"turns":19},{"damage":0,"enemies":"Spire Growth","floor":42,"turns":13},{"damage":0,"enemies":"Transient","floor":44,"turns":6},{"damage":7,"enemies":"Giant Head","floor":45,"turns":15},{"damage":0,"enemies":"3 Darklings","floor":47,"turns":24},{"damage":0,"enemies":"Nemesis","floor":48,"turns":33},{"damage":0,"enemies":"Time Eater","floor":50,"turns":36},{"damage":7,"enemies":"Awakened One","floor":51,"turns":33},{"damage":0,"enemies":"Shield and Spear","floor":55,"turns":6},{"damage":11,"enemies":"The Heart","floor":56,"turns":9}],"green_key_taken_log":29,"seed_played":"-1157540290097208986","neow_bonus_log":{"cardsObtained":[],"cardsUpgraded":[],"cardsRemoved":[],"cardsTransformed":[],"relicsObtained":[],"maxHpGained":0,"goldGained":100,"damageTaken":0,"goldLost":0,"maxHpLost":0},"potions_obtained":[{"floor":2,"key":"FocusPotion"},{"floor":6,"key":"LiquidMemories"},{"floor":14,"key":"ColorlessPotion"},{"floor":16,"key":"GamblersBrew"},{"floor":19,"key":"Dexterity Potion"},{"floor":27,"key":"Fire Potion"},{"floor":29,"key":"EntropicBrew"},{"floor":42,"key":"FocusPotion"}],"is_trial":false,"path_per_floor":["M","M","$","M","?","E","R","M","T","M","E","M","R","M","R","B",null,"M","M","?","$","?","R","E","?","T","E","M","E","R","?","R","B",null,"M","M","M","?","$","E","M","M","T","M","E","?","M","E","R","B","B",null,"R","$","E","B",null],"character_chosen":"DEFECT","basemod:card_modifiers":[null,null,null,null,null,null,null,null,null,null,null,null,null,null,null,null,null,null,null,null,null,null,null,null,null,null,null,null,null,null,null,null,null,null,null,null,null,null,null,null,null,null,null,null],"items_purchased":["Self Repair","Oddly Smooth Stone","Orrery","Apotheosis","Strange Spoon","Cold Snap","Secret Technique","DollysMirror"],"campfire_rested":1,"item_purchase_floors":[3,3,21,21,39,39,54,54],"current_hp_per_floor":[57,57,57,64,64,19,19,26,26,27,31,38,38,31,31,31,61,55,43,22,22,22,43,38,35,35,35,32,35,35,28,28,34,39,38,39,38,38,40,40,40,40,40,40,40,40,40,40,40,40,40,40,40,40,40,39],"gold":81,"neow_bonus":"HUNDRED_GOLD","is_prod":false,"is_daily":false,"rewards_skipped":[{"floor":8,"relics":[],"potions":["Regen Potion"]},{"floor":40,"relics":[],"potions":["FearPotion"]},{"floor":41,"relics":[],"potions":["SneckoOil"]},{"floor":44,"relics":[],"potions":["CultistPotion"]}],"chose_seed":false,"campfire_upgraded":6,"win_rate":0,"floor_exit_playtime":[141,198,254,327,371,583,590,711,731,887,1325,1587,1667,1759,1783,2164,2319,2430,2710,2742,2877,2939,2944,3457,3609,3617,3734,3810,3899,3915,3921,3951,4274,4464,4614,4725,4968,5015,5108,5361,5765,6017,6028,6240,6658,6715,7195,7676,7680,8426,9125,9143,9164,9508,9921,10804],"timestamp":1681177005,"blue_key_relic_skipped_log":{"floor":43,"relicID":"War Paint"},"path_taken":["M","M","$","M","?","E","R","?","T","?","E","M","R","M","R","BOSS","M","M","?","$","?","R","E","?","T","E","M","E","R","?","R","BOSS","M","M","M","?","$","E","?","M","T","M","E","?","M","E","R","BOSS","BOSS","R","$","E","BOSS"],"build_version":"2022-12-18","purchased_purges":1,"victory":true,"max_hp_per_floor":[71,71,71,71,71,71,71,71,71,71,71,71,71,71,71,71,71,71,71,71,71,71,71,71,35,35,35,35,35,35,40,40,40,40,40,40,40,40,40,40,40,40,40,40,40,40,40,40,40,40,40,40,40,40,40,40],"relic_stats":{"Happy Flower":[64],"counters":[31,295],"Nilry\u0027s Codex":[22,44,35,115],"The Courier":203,"Bag of Preparation":[36],"MawBank":132,"Blood Vial":8,"Strange Spoon":[80],"Lizard Tail":0,"Matryoshka":2,"MealTicket":2,"Art of War":[98],"Bottled Lightning":"Seek","obtain_stats":[{"Potion Belt":24,"Happy Flower":40,"Nilry\u0027s Codex":20,"Oddly Smooth Stone":3,"The Courier":9,"Bag of Preparation":26,"MawBank":43,"Akabeko":48,"Nuclear Battery":34,"Blood Vial":27,"SlaversCollar":17,"Strange Spoon":39,"Lizard Tail":6,"Matryoshka":22,"DollysMirror":54,"Orrery":21,"MealTicket":26,"Art of War":11,"Bottled Lightning":55,"Cracked Core":0,"Symbiotic Virus":45,"Pocketwatch":29},{"Potion Belt":13,"Happy Flower":21,"Nilry\u0027s Codex":12,"Oddly Smooth Stone":2,"The Courier":5,"Bag of Preparation":13,"MawBank":23,"Akabeko":27,"Nuclear Battery":17,"Blood Vial":14,"SlaversCollar":10,"Strange Spoon":20,"Lizard Tail":4,"Matryoshka":12,"DollysMirror":29,"Orrery":12,"MealTicket":13,"Art of War":7,"Bottled Lightning":30,"Cracked Core":0,"Symbiotic Virus":25,"Pocketwatch":16},{"Potion Belt":68,"Happy Flower":102,"Nilry\u0027s Codex":64,"Oddly Smooth Stone":8,"The Courier":27,"Bag of Preparation":68,"MawBank":134,"Akabeko":212,"Nuclear Battery":84,"Blood Vial":71,"SlaversCollar":56,"Strange Spoon":95,"Lizard Tail":24,"Matryoshka":64,"DollysMirror":281,"Orrery":64,"MealTicket":68,"Art of War":36,"Bottled Lightning":287,"Cracked Core":0,"Symbiotic Virus":155,"Pocketwatch":75}],"Pocketwatch":[344]},"card_choices":[{"not_picked":["Redo","Reprogram"],"picked":"Hello World","floor":1},{"not_picked":["Go for the Eyes","Rebound"],"picked":"Conserve Battery","floor":2},{"not_picked":["Conserve Battery","Double Energy"],"picked":"Steam Power","floor":4},{"not_picked":["Beam Cell","Streamline"],"picked":"Hyperbeam","floor":6},{"not_picked":["Gash","Rebound"],"picked":"Beam Cell","floor":10},{"not_picked":["Gash","Force Field","Streamline"],"picked":"SKIP","floor":11},{"not_picked":["Gash","Force Field","Streamline"],"picked":"SKIP","floor":11},{"not_picked":["Go for the Eyes","Tempest"],"picked":"Hologram","floor":12},{"not_picked":["Beam Cell","Rebound"],"picked":"White Noise","floor":14},{"not_picked":["Hyperbeam","Electrodynamics"],"picked":"Seek","floor":16},{"not_picked":["Stack","Loop","Compile Driver"],"picked":"SKIP","floor":18},{"not_picked":["Coolheaded","Streamline"],"picked":"Sweeping Beam","floor":19},{"not_picked":["Gash","Sweeping Beam"],"picked":"Core Surge","floor":21},{"not_picked":["Redo","Double Energy"],"picked":"Biased Cognition","floor":21},{"not_picked":["Ball Lightning","Conserve Battery"],"picked":"Skim","floor":21},{"not_picked":["Conserve Battery","Coolheaded"],"picked":"Loop+1","floor":21},{"not_picked":["Darkness+1","Redo"],"picked":"Turbo","floor":21},{"not_picked":["Compile Driver","Creative AI","Steam"],"picked":"SKIP","floor":24},{"not_picked":["Hyperbeam","Blizzard+1"],"picked":"Aggregate+1","floor":27},{"not_picked":["Leap","Barrage","Conserve Battery"],"picked":"SKIP","floor":28},{"not_picked":["Gash","Multi-Cast","Leap"],"picked":"SKIP","floor":29},{"not_picked":["Thunder Strike","Creative AI"],"picked":"Reboot","floor":33},{"not_picked":["Rebound+1","Fusion"],"picked":"Compile Driver","floor":35},{"not_picked":["Conserve Battery","Sweeping Beam"],"picked":"Skim","floor":36},{"not_picked":["Leap+1","Aggregate","Auto Shields"],"picked":"SKIP","floor":37},{"not_picked":["Go for the Eyes+1","Buffer"],"picked":"Genetic Algorithm+1","floor":40},{"not_picked":["Recycle","Rebound"],"picked":"Redo+1","floor":41},{"not_picked":["Compile Driver","Barrage"],"picked":"Go for the Eyes+1","floor":42},{"not_picked":["Sweeping Beam","Cold Snap"],"picked":"Coolheaded","floor":44},{"not_picked":["Steam","Creative AI","Beam Cell"],"picked":"SKIP","floor":45},{"not_picked":["Sweeping Beam","Beam Cell","Cold Snap"],"picked":"SKIP","floor":47},{"not_picked":["Rebound","Barrage"],"picked":"Fission","floor":48},{"not_picked":["Conserve Battery+1","Double Energy+1"],"picked":"Hologram","floor":55}],"player_experience":5536758,"relics_obtained":[{"floor":6,"key":"Lizard Tail"},{"floor":9,"key":"The Courier"},{"floor":11,"key":"Art of War"},{"floor":20,"key":"Nilry\u0027s Codex"},{"floor":24,"key":"Potion Belt"},{"floor":26,"key":"MealTicket"},{"floor":26,"key":"Bag of Preparation"},{"floor":27,"key":"Blood Vial"},{"floor":29,"key":"Pocketwatch"},{"floor":40,"key":"Happy Flower"},{"floor":43,"key":"MawBank"},{"floor":45,"key":"Symbiotic Virus"},{"floor":48,"key":"Akabeko"},{"floor":55,"key":"Bottled Lightning"}],"event_choices":[{"damage_healed":0,"gold_gain":0,"player_choice":"1 cards matched","damage_taken":0,"max_hp_gain":0,"max_hp_loss":0,"event_name":"Match and Keep!","floor":5,"gold_loss":0,"cards_obtained":["Rebound"]},{"damage_healed":0,"gold_gain":0,"player_choice":"Obtained Book","damage_taken":21,"max_hp_gain":0,"max_hp_loss":0,"event_name":"Cursed Tome","floor":20,"gold_loss":0},{"damage_healed":0,"gold_gain":0,"player_choice":"Stole Relic","damage_taken":0,"relics_obtained":["Matryoshka"],"max_hp_gain":0,"max_hp_loss":0,"event_name":"Addict","floor":22,"gold_loss":0,"cards_obtained":["Shame"]},{"damage_healed":0,"gold_gain":0,"player_choice":"Became a Ghost","damage_taken":0,"max_hp_gain":0,"max_hp_loss":36,"event_name":"Ghosts","floor":25,"gold_loss":0,"cards_obtained":["Ghostly","Ghostly","Ghostly"]},{"damage_healed":0,"gold_gain":0,"player_choice":"Shed Blood","damage_taken":12,"max_hp_gain":5,"max_hp_loss":0,"event_name":"Forgotten Altar","floor":31,"gold_loss":0},{"damage_healed":0,"gold_gain":0,"player_choice":"Upgraded","damage_taken":0,"max_hp_gain":0,"max_hp_loss":0,"event_name":"Upgrade Shrine","floor":38,"gold_loss":0,"cards_upgraded":["Ghostly"]},{"damage_healed":0,"gold_gain":0,"player_choice":"0 cards matched","damage_taken":0,"max_hp_gain":0,"max_hp_loss":0,"event_name":"Match and Keep!","floor":46,"gold_loss":0,"cards_obtained":[]}],"is_beta":false,"boss_relics":[{"not_picked":["Busted Crown","FrozenCore"],"picked":"SlaversCollar"},{"not_picked":["Snecko Eye","Inserter"],"picked":"Nuclear Battery"}],"items_purged_floors":[39],"is_endless":false,"potions_floor_spawned":[2,6,8,14,16,19,27,29,40,41,42,44],"ascension_level":20,"potion_discard_per_floor":[[],[],[],[],[],[],[],[],[],[],[],[],[],[],[],["ColorlessPotion"],[],[],["FocusPotion"],[],[],[],[],[],[],[],[],[],[],[],[],[],[],[],[],[],[],[],[],[],[],["Fire Potion"],[],[],[],[],[],[],[],[],[],[],[],[],[],[],[]]}