{"neow_bonuses_skipped_log":["TRANSFORM_CARD","RANDOM_COMMON_RELIC","ONE_RARE_RELIC"],"potions_obtained_entropic_brew":[[],[],[],[],[],[],[],[],[],[],[],[],[],[],[],[],[],[],[],[],[],[],[],[],[],[],[],[],[],[],[],[],[],[],[],[],[],[],[],[],[],[],[],[],[],[],[],[],[],[],[],[],[],[],[],[]],"neow_costs_skipped_log":["NONE","NONE","PERCENT_DAMAGE"],"gold_per_floor":[109,109,120,139,159,159,15,15,68,68,79,79,90,122,122,198,198,213,213,213,246,266,291,291,206,206,206,206,217,217,250,250,329,329,341,353,368,388,398,409,442,442,512,547,170,170,170,195,195,195,195,195,195,21,56,56],"floor_reached":56,"playtime":9637,"items_purged":["Regret"],"score":1915,"play_id":"b9a967d0-b256-4627-b17f-18143cc0194d","local_time":"20230421191949","score_breakdown":["Floors Climbed (56): 280","Enemies Slain (15): 30","Exordium Elites Killed (1): 10","City Elites Killed (2): 40","Beyond Elites Killed (2): 60","Bosses Slain (4): 500","Librarian: 25","Overkill: 25","Ascension (20): 945"],"is_ascension_mode":true,"potions_obtained_alchemize":[[],[],[],[],[],[],[],[],[],[],[],[],[],[],[],[],[],[],[],[],[],[],[],[],[],[],[],[],[],[],[],[],[],[],[],[],[],[],[],[],[],[],[],[],[],[],[],[],[],[],[],[],[],[],[],[]],"campfire_choices":[{"data":"Static Discharge","floor":6,"key":"SMITH"},{"data":"Zap","floor":8,"key":"SMITH"},{"data":"Auto Shields","floor":10,"key":"SMITH"},{"floor":12,"key":"REST"},{"floor":15,"key":"REST"},{"floor":24,"key":"REST"},{"floor":28,"key":"REST"},{"floor":30,"key":"REST"},{"floor":32,"key":"RECALL"},{"floor":42,"key":"REST"},{"floor":47,"key":"DIG"},{"floor":49,"key":"REST"},{"floor":53,"key":"DIG"}],"lesson_learned_per_floor":[[],[],[],[],[],[],[],[],[],[],[],[],[],[],[],[],[],[],[],[],[],[],[],[],[],[],[],[],[],[],[],[],[],[],[],[],[],[],[],[],[],[],[],[],[],[],[],[],[],[],[],[],[],[],[],[]],"neow_cost":"NONE","improvable_cards":{"RitualDagger":[51]},"seed_source_timestamp":219253583449,"shop_contents":[{"floor":7,"relics":["Lizard Tail","Du-Vu Doll","Chemical X"],"cards":["Rebound","Stack","Conserve Battery","Capacitor","Secret Weapon"],"potions":["EntropicBrew","GamblersBrew","Regen Potion"]},{"floor":45,"relics":["Toxic Egg 2","Dead Branch"],"cards":["Streamline","Meteor Strike","Hologram","Self Repair","Swift Strike","Secret Technique"],"potions":["Regen Potion","LiquidMemories","ColorlessPotion"]},{"floor":54,"relics":["Eternal Feather","FossilizedHelix","Medical Kit"],"cards":["Blizzard","Sunder","Darkness","Stack","Swift Strike","Transmutation"],"potions":["FearPotion","Block Potion","Block Potion"]}],"circlet_count":0,"master_deck":["AscendersBane","Strike_B","Strike_B","Strike_B","Strike_B","Defend_B+1","Defend_B","Zap+1","Self Repair","Ball Lightning","Auto Shields+1","Static Discharge+1","FTL","Discovery","Hologram+1","Tempest","Echo Form","All For One","Steam+1","Darkness","Cold Snap","Turbo","Go for the Eyes","RitualDagger","Coolheaded","Consume+1","Electrodynamics","Stack+1","Doom and Gloom","Heatsinks","Beam Cell+1","Hello World","Chaos+1","Seek","Loop+1","Creative AI","Chill"],"potion_use_per_floor":[[],[],[],[],[],[],[],[],[],[],[],[],[],[],[],[],[],[],[],[],[],[],["Swift Potion"],[],[],[],[],[],[],[],["FearPotion"],[],[],[],[],[],[],[],[],["ColorlessPotion"],[],[],[],[],[],[],[],[],[],[],[],[],[],[],["Energy Potion","FairyPotion"],[]],"relics":["Inserter","Smiling Mask","Orichalcum","Fusion Hammer","StrikeDummy","Red Mask","Bottled Tornado","War Paint","Bird Faced Urn","Cursed Key","Shovel","Pear","Peace Pipe","OrangePellets","CaptainsWheel","Gambling Chip","Shuriken","Blue Candle"],"potions_floor_usage":[23,31,40,55],"damage_taken":[{"damage":4,"enemies":"Jaw Worm","floor":1,"turns":4},{"damage":13,"enemies":"Cultist","floor":3,"turns":5},{"damage":7,"enemies":"Small Slimes","floor":4,"turns":3},{"damage":24,"enemies":"Exordium Thugs","floor":5,"turns":5},{"damage":9,"enemies":"3 Louse","floor":11,"turns":4},{"damage":15,"enemies":"2 Fungi Beasts","floor":13,"turns":3},{"damage":35,"enemies":"3 Sentries","floor":14,"turns":8},{"damage":32,"enemies":"Slime Boss","floor":16,"turns":6},{"damage":0,"enemies":"Spheric Guardian","floor":18,"turns":3},{"damage":31,"enemies":"Masked Bandits","floor":21,"turns":4},{"damage":1,"enemies":"Chosen","floor":22,"turns":5},{"damage":23,"enemies":"Gremlin Leader","floor":23,"turns":6},{"damage":13,"enemies":"Snake Plant","floor":29,"turns":6},{"damage":19,"enemies":"Slavers","floor":31,"turns":11},{"damage":38,"enemies":"Automaton","floor":33,"turns":8},{"damage":16,"enemies":"3 Darklings","floor":35,"turns":5},{"damage":8,"enemies":"Orb Walker","floor":36,"turns":4},{"damage":12,"enemies":"Sphere and 2 Shapes","floor":37,"turns":5},{"damage":19,"enemies":"Transient","floor":38,"turns":6},{"damage":25,"enemies":"Writhing Mass","floor":39,"turns":12},{"damage":15,"enemies":"3 Darklings","floor":40,"turns":7},{"damage":67,"enemies":"Giant Head","floor":41,"turns":8},{"damage":62,"enemies":"Nemesis","floor":44,"turns":7},{"damage":0,"enemies":"Mind Bloom Boss Battle","floor":48,"turns":6},{"damage":37,"enemies":"Awakened One","floor":50,"turns":49},{"damage":48,"enemies":"Donu and Deca","floor":51,"turns":14},{"damage":103,"enemies":"Shield and Spear","floor":55,"turns":6},{"damage":19,"enemies":"The Heart","floor":56,"turns":2}],"green_key_taken_log":41,"seed_played":"-6895903924405368591","neow_bonus_log":{"cardsObtained":[],"cardsUpgraded":[],"cardsRemoved":[],"cardsTransformed":[],"relicsObtained":["Inserter"],"maxHpGained":0,"goldGained":0,"damageTaken":0,"goldLost":0,"maxHpLost":0},"potions_obtained":[{"floor":1,"key":"Swift Potion"},{"floor":5,"key":"PotionOfCapacity"},{"floor":11,"key":"FearPotion"},{"floor":29,"key":"FairyPotion"},{"floor":37,"key":"ColorlessPotion"},{"floor":40,"key":"Fire Potion"},{"floor":48,"key":"Energy Potion"}],"is_trial":false,"path_per_floor":["M","?","M","M","M","R","$","R","T","R","M","R","M","E","R","B",null,"M","?","T","?","M","E","R","?","T","?","R","M","R","E","R","B",null,"M","M","M","M","M","M","E","R","T","E","$","?","R","?","R","B","B",null,"R","$","E","B"],"character_chosen":"DEFECT","basemod:card_modifiers":[null,null,null,null,null,null,null,null,null,null,null,null,null,null,null,null,null,null,null,null,null,null,null,null,null,null,null,null,null,null,null,null,null,null,null,null,null],"items_purchased":["FTL","Discovery","OrangePellets","Seek","Creative AI"],"campfire_rested":7,"item_purchase_floors":[7,7,45,45,54],"current_hp_per_floor":[60,60,54,54,30,30,30,30,30,30,28,49,41,13,34,16,57,57,57,57,26,32,16,37,37,37,31,52,53,71,66,66,36,62,63,71,65,65,70,71,20,41,51,19,19,19,19,49,73,76,60,76,76,76,14,0],"gold":56,"neow_bonus":"BOSS_RELIC","is_prod":false,"is_daily":false,"rewards_skipped":[{"floor":22,"relics":[],"potions":["CultistPotion"]},{"floor":41,"relics":[],"potions":["AttackPotion"]}],"chose_seed":false,"campfire_upgraded":3,"win_rate":0,"floor_exit_playtime":[93,146,242,303,411,417,484,504,515,523,592,596,674,772,777,1149,1304,1440,1491,1518,1848,2085,2823,2828,2865,2924,2931,3087,3330,3338,3670,3675,3994,4090,4328,4471,4694,4983,5328,5547,5974,5983,6006,6266,6528,6545,6561,6749,6780,7348,7664,7675,7682,7762,8977],"timestamp":1682119189,"blue_key_relic_skipped_log":{"floor":26,"relicID":"Turnip"},"path_taken":["M","?","M","M","M","R","?","R","T","R","M","R","M","E","R","BOSS","M","?","?","?","M","E","R","?","T","?","R","M","R","E","R","BOSS","M","M","M","M","M","M","E","R","T","E","$","?","R","?","R","BOSS","BOSS","R","$","E","BOSS"],"build_version":"2022-12-18","purchased_purges":1,"victory":false,"max_hp_per_floor":[71,71,71,71,71,71,71,71,71,71,71,71,71,71,71,71,71,71,71,71,71,71,71,71,71,71,71,71,71,71,71,71,71,71,71,71,71,71,71,71,71,71,81,81,81,81,81,81,81,81,81,81,81,81,81,81],"relic_stats":{"Inserter":[96],"counters":[28,212],"Blue Candle":[0],"Orichalcum":[282],"Bottled Tornado":"Echo Form","War Paint":["Defend_B","Hologram"],"Smiling Mask":25,"Cursed Key":1,"Peace Pipe":0,"OrangePellets":[3],"Shovel":2,"Shuriken":[3],"Bird Faced Urn":[178],"Gambling Chip":[12],"obtain_stats":[{"Inserter":0,"Pear":43,"Blue Candle":55,"Orichalcum":14,"Bottled Tornado":23,"War Paint":25,"Smiling Mask":9,"Cursed Key":34,"Peace Pipe":44,"OrangePellets":45,"CaptainsWheel":47,"Shovel":41,"Shuriken":53,"Bird Faced Urn":31,"Gambling Chip":48,"Fusion Hammer":17,"Red Mask":21,"Cracked Core":0,"StrikeDummy":20},{"Inserter":0,"Pear":22,"Blue Candle":27,"Orichalcum":7,"Bottled Tornado":12,"War Paint":12,"Smiling Mask":4,"Cursed Key":15,"Peace Pipe":23,"OrangePellets":23,"CaptainsWheel":23,"Shovel":22,"Shuriken":26,"Bird Faced Urn":14,"Gambling Chip":24,"Fusion Hammer":8,"Red Mask":10,"Cracked Core":0,"StrikeDummy":9},{"Inserter":0,"Pear":128,"Blue Candle":210,"Orichalcum":32,"Bottled Tornado":56,"War Paint":56,"Smiling Mask":17,"Cursed Key":81,"Peace Pipe":135,"OrangePellets":135,"CaptainsWheel":135,"Shovel":128,"Shuriken":204,"Bird Faced Urn":73,"Gambling Chip":141,"Fusion Hammer":38,"Red Mask":45,"Cracked Core":0,"StrikeDummy":41}]},"card_choices":[{"not_picked":["Rebound","Stack"],"picked":"Self Repair","floor":1},{"not_picked":["Hologram","Cold Snap"],"picked":"Ball Lightning","floor":3},{"not_picked":["Rip and Tear","Leap"],"picked":"Auto Shields","floor":4},{"not_picked":["Gash","Heatsinks"],"picked":"Static Discharge","floor":5},{"not_picked":["Stack","Turbo"],"picked":"Hologram","floor":11},{"not_picked":["Hologram","Reinforced Body"],"picked":"Tempest","floor":13},{"not_picked":["Gash","Stack"],"picked":"Echo Form","floor":14},{"not_picked":["Thunder Strike","Reboot"],"picked":"All For One","floor":16},{"not_picked":["Turbo","Streamline"],"picked":"Steam+1","floor":18},{"not_picked":["Rebound","Reinforced Body"],"picked":"Turbo","floor":21},{"not_picked":["Storm","Compile Driver","Chaos"],"picked":"SKIP","floor":22},{"not_picked":["Steam Power","Turbo+1"],"picked":"Go for the Eyes","floor":23},{"not_picked":["Go for the Eyes","Ball Lightning"],"picked":"Coolheaded","floor":29},{"not_picked":["Rebound","Doom and Gloom+1"],"picked":"Consume+1","floor":31},{"not_picked":["Seek","Creative AI"],"picked":"Electrodynamics","floor":33},{"not_picked":["Streamline","Consume"],"picked":"Stack+1","floor":35},{"not_picked":["Go for the Eyes","Loop"],"picked":"Doom and Gloom","floor":36},{"not_picked":["Hello World","Capacitor"],"picked":"Heatsinks","floor":37},{"not_picked":["Sweeping Beam","Leap","Storm"],"picked":"SKIP","floor":38},{"not_picked":["Gash","Stack+1"],"picked":"Beam Cell+1","floor":39},{"not_picked":["Gash+1","Rebound","Tempest+1"],"picked":"SKIP","floor":40},{"not_picked":["Rebound","Darkness"],"picked":"Hello World","floor":41},{"not_picked":["Stack","Hologram"],"picked":"Chaos+1","floor":44},{"not_picked":["Leap+1","Heatsinks"],"picked":"Loop+1","floor":48},{"not_picked":["Conserve Battery","Rebound"],"picked":"Chill","floor":55}],"player_experience":5578437,"relics_obtained":[{"floor":9,"key":"Smiling Mask"},{"floor":14,"key":"Orichalcum"},{"floor":20,"key":"StrikeDummy"},{"floor":21,"key":"Red Mask"},{"floor":23,"key":"Bottled Tornado"},{"floor":31,"key":"Bird Faced Urn"},{"floor":41,"key":"Shovel"},{"floor":43,"key":"Pear"},{"floor":44,"key":"Peace Pipe"},{"floor":47,"key":"CaptainsWheel"},{"floor":48,"key":"Gambling Chip"},{"floor":53,"key":"Shuriken"},{"floor":55,"key":"Blue Candle"}],"event_choices":[{"cards_removed":["Dualcast"],"damage_healed":0,"gold_gain":0,"player_choice":"Purged","damage_taken":0,"max_hp_gain":0,"max_hp_loss":0,"event_name":"Purifier","floor":2,"gold_loss":0},{"damage_healed":0,"gold_gain":0,"cards_transformed":["Defend_B","Defend_B"],"player_choice":"Became Test Subject","damage_taken":0,"max_hp_gain":0,"max_hp_loss":0,"event_name":"Drug Dealer","floor":19,"gold_loss":0,"cards_obtained":["Darkness","Cold Snap"]},{"damage_healed":0,"gold_gain":0,"player_choice":"Fought Bandits","damage_taken":0,"max_hp_gain":0,"max_hp_loss":0,"event_name":"Masked Bandits","floor":21,"gold_loss":0},{"damage_healed":0,"gold_gain":0,"player_choice":"Obtained Relic","damage_taken":0,"relics_obtained":["War Paint"],"max_hp_gain":0,"max_hp_loss":0,"event_name":"Addict","floor":25,"gold_loss":85},{"damage_healed":0,"gold_gain":0,"player_choice":"Joined the Cult","damage_taken":6,"max_hp_gain":0,"max_hp_loss":0,"event_name":"Nest","floor":27,"gold_loss":0,"cards_obtained":["RitualDagger"]},{"damage_healed":0,"gold_gain":0,"player_choice":"Ignored","damage_taken":0,"max_hp_gain":0,"max_hp_loss":0,"event_name":"The Moai Head","floor":46,"gold_loss":0},{"damage_healed":0,"gold_gain":0,"player_choice":"Fight","damage_taken":0,"max_hp_gain":0,"max_hp_loss":0,"event_name":"MindBloom","floor":48,"gold_loss":0}],"is_beta":false,"boss_relics":[{"not_picked":["Philosopher\u0027s Stone","SlaversCollar"],"picked":"Fusion Hammer"},{"not_picked":["SacredBark","Runic Dome"],"picked":"Cursed Key"}],"items_purged_floors":[45],"is_endless":false,"potions_floor_spawned":[1,5,11,22,29,37,40,41,48],"killed_by":"The Heart","ascension_level":20,"potion_discard_per_floor":[[],[],[],[],[],[],[],[],[],[],["PotionOfCapacity"],[],[],[],[],[],[],[],[],[],[],[],[],[],[],[],[],[],[],[],[],[],[],[],[],[],[],[],[],[],[],[],[],[],[],[],[],["Fire Potion"],[],[],[],[],[],[],[],[]]}