{"neow_bonuses_skipped_log":["TEN_PERCENT_HP_BONUS","RANDOM_COLORLESS_2","BOSS_RELIC"],"potions_obtained_entropic_brew":[[],[],[],[],[],[],[],[],[],[],[],[],[],[],[],[],[],[],[],[],[],[],[],[],[],[],[],[],[],[],[],[],[],[],[],[],[],[],[],[],[],[],[],[],[],[],[],[],[],[],[],[],[],[],[],[],[]],"neow_costs_skipped_log":["NONE","PERCENT_DAMAGE","NONE"],"gold_per_floor":[113,126,137,97,109,109,128,153,177,177,207,227,227,253,253,331,331,346,98,98,118,118,151,151,151,151,186,212,246,285,140,140,227,227,246,321,350,377,399,399,433,433,433,433,153,180,209,252,252,252,277,277,277,117,154,154],"floor_reached":57,"playtime":7603,"items_purged":["Strike_B","Writhe","Strike_B"],"score":3111,"play_id":"b0302e94-84db-4549-9d5e-385ede3920c4","local_time":"20230429190833","score_breakdown":["Floors Climbed (57): 285","Enemies Slain (14): 28","Exordium Elites Killed (3): 30","City Elites Killed (3): 60","Beyond Elites Killed (3): 90","Bosses Slain (5): 750","Money Money (1015): 25","Collector (1): 25","Librarian: 25","Champion (2): 50","Perfect (1): 50","Overkill: 25","C-c-c-combo: 25","Ascension (20): 1393","Heartbreaker: 250"],"is_ascension_mode":true,"potions_obtained_alchemize":[[],[],[],[],[],[],[],[],[],[],[],[],[],[],[],[],[],[],[],[],[],[],[],[],[],[],[],[],[],[],[],[],[],[],[],[],[],[],[],[],[],[],[],[],[],[],[],[],[],[],[],[],[],[],[],[],[]],"campfire_choices":[{"data":"Defragment","floor":6,"key":"SMITH"},{"floor":13,"key":"REST"},{"data":"Barrage","floor":15,"key":"SMITH"},{"data":"Seek","floor":24,"key":"SMITH"},{"data":"Redo","floor":32,"key":"SMITH"},{"data":"Apotheosis","floor":40,"key":"SMITH"},{"floor":42,"key":"RECALL"},{"data":"Hologram","floor":44,"key":"SMITH"},{"data":"Loop","floor":49,"key":"SMITH"},{"data":"Turbo","floor":53,"key":"SMITH"}],"lesson_learned_per_floor":[[],[],[],[],[],[],[],[],[],[],[],[],[],[],[],[],[],[],[],[],[],[],[],[],[],[],[],[],[],[],[],[],[],[],[],[],[],[],[],[],[],[],[],[],[],[],[],[],[],[],[],[],[],[],[],[],[]],"neow_cost":"NONE","improvable_cards":{"Genetic Algorithm":[63,45]},"seed_source_timestamp":20401461984294,"shop_contents":[{"floor":19,"relics":["InkBottle","Dream Catcher"],"cards":["Blizzard","Barrage","Stack","Steam","Hello World","Swift Strike","Secret Technique"],"potions":["PowerPotion","FearPotion","SkillPotion"]},{"floor":31,"relics":["Bottled Tornado","Blue Candle","Chemical X"],"cards":["Blizzard","Gash","Steam","Machine Learning","Forethought","Magnetism"],"potions":["FearPotion","Ancient Potion","FocusPotion"]},{"floor":45,"relics":["Bottled Flame","Blood Vial","Cauldron"],"cards":["Go for the Eyes","Gash","Conserve Battery","Deep Breath","HandOfGreed"],"potions":["SpeedPotion","Weak Potion","PotionOfCapacity"]},{"floor":54,"relics":["Art of War","Bag of Marbles"],"cards":["Barrage","Doom and Gloom","Chill+1","Steam+1","Hello World","Impatience+1","Master of Strategy+1"],"potions":["Explosive Potion","FocusPotion","SkillPotion"]}],"circlet_count":0,"master_deck":["AscendersBane","Defend_B","Defend_B","Defend_B","Defend_B","Dualcast","Barrage+1","Ball Lightning","White Noise","Hologram","Defragment+1","FTL","Conserve Battery","Glacier","Cold Snap","Seek+1","Skim","Self Repair","Doom and Gloom","Core Surge","Blizzard","Redo+1","Undo","Electrodynamics","Coolheaded","Genetic Algorithm","Hologram+1","Echo Form","Coolheaded+1","Turbo+1","Recycle+1","Dark Shackles","Apotheosis+1","Dark Shackles","Hologram","Go for the Eyes","Loop+1","Genetic Algorithm","White Noise+1","Chill+1","Hologram+1"],"potion_use_per_floor":[[],[],[],[],["SkillPotion"],[],[],["PowerPotion"],[],[],[],[],[],[],[],[],[],[],[],[],[],[],[],[],[],[],[],[],[],[],[],[],[],[],[],["FocusPotion"],[],[],[],[],[],[],[],[],[],[],[],[],[],[],[],[],[],[],[],["DuplicationPotion"],[]],"relics":["Cracked Core","Pantograph","Anchor","PreservedInsect","Regal Pillow","Nuclear Battery","Toolbox","Eternal Feather","Shuriken","Oddly Smooth Stone","CeramicFish","Question Card","Runic Pyramid","StoneCalendar","Toy Ornithopter","Toxic Egg 2","StrikeDummy","Strange Spoon","Vajra"],"potions_floor_usage":[5,8,36,56],"damage_taken":[{"damage":4,"enemies":"Jaw Worm","floor":1,"turns":4},{"damage":1,"enemies":"Cultist","floor":2,"turns":3},{"damage":8,"enemies":"2 Louse","floor":3,"turns":2},{"damage":0,"enemies":"Exordium Wildlife","floor":5,"turns":2},{"damage":10,"enemies":"Looter","floor":7,"turns":4},{"damage":10,"enemies":"3 Sentries","floor":8,"turns":3},{"damage":17,"enemies":"Lagavulin","floor":11,"turns":7},{"damage":0,"enemies":"2 Fungi Beasts","floor":12,"turns":3},{"damage":11,"enemies":"Gremlin Nob","floor":14,"turns":3},{"damage":6,"enemies":"Slime Boss","floor":16,"turns":10},{"damage":0,"enemies":"Shell Parasite","floor":18,"turns":6},{"damage":0,"enemies":"Chosen","floor":21,"turns":3},{"damage":19,"enemies":"Gremlin Leader","floor":23,"turns":7},{"damage":11,"enemies":"Slavers","floor":27,"turns":5},{"damage":6,"enemies":"Snake Plant","floor":28,"turns":6},{"damage":20,"enemies":"Book of Stabbing","floor":29,"turns":5},{"damage":6,"enemies":"Chosen and Byrds","floor":30,"turns":9},{"damage":46,"enemies":"Collector","floor":33,"turns":15},{"damage":3,"enemies":"Orb Walker","floor":35,"turns":5},{"damage":35,"enemies":"2 Orb Walkers","floor":36,"turns":4},{"damage":0,"enemies":"3 Shapes","floor":37,"turns":5},{"damage":0,"enemies":"Writhing Mass","floor":39,"turns":8},{"damage":0,"enemies":"Giant Head","floor":41,"turns":7},{"damage":0,"enemies":"Nemesis","floor":46,"turns":7},{"damage":4,"enemies":"3 Darklings","floor":47,"turns":7},{"damage":8,"enemies":"Reptomancer","floor":48,"turns":6},{"damage":21,"enemies":"Awakened One","floor":50,"turns":20},{"damage":0,"enemies":"Time Eater","floor":51,"turns":16},{"damage":36,"enemies":"Shield and Spear","floor":55,"turns":14},{"damage":51,"enemies":"The Heart","floor":56,"turns":11}],"green_key_taken_log":29,"seed_played":"5138876168822150014","neow_bonus_log":{"cardsObtained":["Barrage"],"cardsUpgraded":[],"cardsRemoved":[],"cardsTransformed":["Strike_B"],"relicsObtained":[],"maxHpGained":0,"goldGained":0,"damageTaken":0,"goldLost":0,"maxHpLost":0},"potions_obtained":[{"floor":4,"key":"FocusPotion"},{"floor":4,"key":"SkillPotion"},{"floor":5,"key":"PowerPotion"},{"floor":8,"key":"Energy Potion"},{"floor":16,"key":"GamblersBrew"},{"floor":37,"key":"GamblersBrew"},{"floor":55,"key":"DuplicationPotion"}],"is_trial":false,"path_per_floor":["M","M","M","?","M","R","M","E","T","?","E","M","R","E","R","B",null,"M","$","?","M","?","E","R","?","T","E","M","E","M","$","R","B",null,"M","?","M","?","M","R","E","R","T","R","$","E","M","E","R","B","B",null,"R","$","E","B",null],"character_chosen":"DEFECT","basemod:card_modifiers":[null,null,null,null,null,null,null,null,null,null,null,null,null,null,null,null,null,null,null,null,null,null,null,null,null,null,null,null,null,null,null,null,null,null,null,null,null,null,null,null,null],"items_purchased":["Toolbox","Hologram","Loop","Genetic Algorithm","Strange Spoon"],"campfire_rested":1,"item_purchase_floors":[19,31,45,45,54],"current_hp_per_floor":[60,59,51,51,51,51,41,31,31,31,14,14,35,24,24,43,64,64,64,64,71,71,59,71,71,71,67,68,55,63,63,71,32,61,65,37,51,41,61,71,71,71,71,71,71,71,71,71,71,70,71,71,71,71,55,27],"gold":154,"neow_bonus":"TRANSFORM_CARD","is_prod":false,"is_daily":false,"rewards_skipped":[{"floor":4,"relics":[],"potions":["SmokeBomb"]},{"floor":11,"relics":[],"potions":["LiquidBronze"]},{"floor":23,"relics":[],"potions":["SkillPotion"]},{"floor":28,"relics":[],"potions":["LiquidBronze"]},{"floor":29,"relics":[],"potions":["PowerPotion"]},{"floor":30,"relics":[],"potions":["EssenceOfSteel"]},{"floor":39,"relics":[],"potions":["FearPotion"]},{"floor":46,"relics":[],"potions":["Block Potion"]},{"floor":48,"relics":[],"potions":["ColorlessPotion"]}],"chose_seed":false,"campfire_upgraded":8,"win_rate":0,"floor_exit_playtime":[166,402,471,513,762,774,869,1025,1043,1051,1117,1182,1187,1259,1282,1455,1567,1653,1739,1864,2011,2038,2225,2252,2274,2277,2402,2508,2717,2950,3008,3015,3350,3496,3691,3900,4042,4090,4322,4331,4668,4675,4679,4709,5068,5247,5399,5576,5588,6146,6540,6558,6589,6656,7137,7603],"timestamp":1682809713,"blue_key_relic_skipped_log":{"floor":43,"relicID":"Molten Egg 2"},"path_taken":["M","M","M","?","?","R","M","E","T","?","E","M","R","E","R","BOSS","M","$","?","M","?","E","R","?","T","E","M","E","M","$","R","BOSS","M","?","M","?","M","R","E","R","T","R","?","E","M","E","R","BOSS","BOSS","R","$","E","BOSS"],"build_version":"2022-12-18","purchased_purges":3,"victory":true,"max_hp_per_floor":[71,71,71,71,71,71,71,71,71,71,71,71,71,71,71,71,71,71,71,71,71,71,71,71,71,71,71,71,71,71,71,71,71,71,71,71,71,71,71,71,71,71,71,71,71,71,71,71,71,71,71,71,71,71,71,71],"relic_stats":{"Strange Spoon":[13],"Regal Pillow":0,"counters":[30,207],"Shuriken":[31],"Pantograph":42,"CeramicFish":171,"Eternal Feather":30,"StoneCalendar":[422],"PreservedInsect":467,"Question Card":14,"obtain_stats":[{"Regal Pillow":14,"CeramicFish":27,"Oddly Smooth Stone":26,"Vajra":55,"Eternal Feather":23,"StoneCalendar":36,"PreservedInsect":11,"Question Card":29,"Nuclear Battery":17,"Strange Spoon":54,"Anchor":9,"Shuriken":25,"Pantograph":8,"Toolbox":19,"Toxic Egg 2":46,"Cracked Core":0,"StrikeDummy":48,"Toy Ornithopter":41,"Runic Pyramid":34},{"Regal Pillow":9,"CeramicFish":14,"Oddly Smooth Stone":13,"Vajra":29,"Eternal Feather":13,"StoneCalendar":20,"PreservedInsect":7,"Question Card":16,"Nuclear Battery":10,"Strange Spoon":28,"Anchor":6,"Shuriken":13,"Pantograph":6,"Toolbox":11,"Toxic Egg 2":24,"Cracked Core":0,"StrikeDummy":26,"Toy Ornithopter":23,"Runic Pyramid":18},{"Regal Pillow":31,"CeramicFish":62,"Oddly Smooth Stone":57,"Vajra":196,"Eternal Feather":57,"StoneCalendar":106,"PreservedInsect":25,"Question Card":73,"Nuclear Battery":41,"Strange Spoon":182,"Anchor":18,"Shuriken":57,"Pantograph":18,"Toolbox":47,"Toxic Egg 2":133,"Cracked Core":0,"StrikeDummy":146,"Toy Ornithopter":126,"Runic Pyramid":97}],"Toy Ornithopter":0},"card_choices":[{"not_picked":["Rebound","Gash"],"picked":"Ball Lightning","floor":1},{"not_picked":["Compile Driver","Conserve Battery"],"picked":"White Noise","floor":2},{"not_picked":["Rebound","Redo"],"picked":"Hologram","floor":3},{"not_picked":["Compile Driver","Redo"],"picked":"Defragment","floor":5},{"not_picked":["Compile Driver","Recycle"],"picked":"FTL","floor":7},{"not_picked":["Streamline","Hologram"],"picked":"Conserve Battery","floor":8},{"not_picked":["Amplify","Static Discharge"],"picked":"Glacier","floor":11},{"not_picked":["Steam","Reprogram"],"picked":"Cold Snap","floor":12},{"not_picked":["Reprogram","Hello World","Tempest"],"picked":"SKIP","floor":14},{"not_picked":["Reprogram","Hello World","Tempest"],"picked":"SKIP","floor":14},{"not_picked":["Reboot","Rainbow"],"picked":"Seek","floor":16},{"not_picked":["Auto Shields","Conserve Battery"],"picked":"Skim","floor":18},{"not_picked":["Conserve Battery","Steam","Leap","Turbo","Doom and Gloom","Lockon","Capacitor","Gash","Hologram","White Noise","Streamline","Beam Cell","Barrage","Go for the Eyes","Compile Driver","Sweeping Beam","Stack","Sunder","Rip and Tear"],"picked":"Self Repair","floor":20},{"not_picked":["Ball Lightning+1","Steam"],"picked":"Doom and Gloom","floor":21},{"not_picked":["FTL","Beam Cell"],"picked":"Redo","floor":23},{"not_picked":["Chill","Reprogram"],"picked":"Undo","floor":27},{"not_picked":["Sweeping Beam","Sunder"],"picked":"Electrodynamics","floor":28},{"not_picked":["Ball Lightning","Self Repair"],"picked":"Coolheaded","floor":29},{"not_picked":["Leap","Compile Driver+1","Static Discharge"],"picked":"Genetic Algorithm","floor":30},{"not_picked":["Biased Cognition","Hyperbeam","Electrodynamics"],"picked":"Echo Form","floor":33},{"not_picked":["Heatsinks","Conserve Battery","Skim"],"picked":"Coolheaded+1","floor":35},{"not_picked":["Doom and Gloom+1","Force Field","Chill"],"picked":"Turbo","floor":36},{"not_picked":["Darkness","Stack","Turbo"],"picked":"Recycle+1","floor":37},{"not_picked":["Finesse","Trip","HandOfGreed"],"picked":"Dark Shackles","floor":38},{"not_picked":["Purity","The Bomb","Dramatic Entrance"],"picked":"Apotheosis","floor":38},{"not_picked":["Enlightenment","Bandage Up","Swift Strike"],"picked":"Dark Shackles","floor":38},{"not_picked":["Cold Snap","Conserve Battery","Leap"],"picked":"Hologram","floor":39},{"not_picked":["Self Repair","Force Field","Steam"],"picked":"Go for the Eyes","floor":41},{"not_picked":["Barrage","Compile Driver","Sweeping Beam","Conserve Battery+1"],"picked":"SKIP","floor":46},{"not_picked":["Streamline","Go for the Eyes+1","Sunder+1"],"picked":"White Noise+1","floor":47},{"not_picked":["Hello World","Heatsinks","Ball Lightning"],"picked":"Chill+1","floor":48},{"not_picked":["Steam+1","Steam Power+1","Reinforced Body+1"],"picked":"Hologram+1","floor":55}],"player_experience":5633507,"relics_obtained":[{"floor":8,"key":"Pantograph"},{"floor":9,"key":"Anchor"},{"floor":11,"key":"PreservedInsect"},{"floor":14,"key":"Regal Pillow"},{"floor":23,"key":"Eternal Feather"},{"floor":26,"key":"Oddly Smooth Stone"},{"floor":27,"key":"CeramicFish"},{"floor":29,"key":"Question Card"},{"floor":36,"key":"StoneCalendar"},{"floor":41,"key":"Toy Ornithopter"},{"floor":46,"key":"Toxic Egg 2"},{"floor":48,"key":"StrikeDummy"},{"floor":55,"key":"Vajra"}],"event_choices":[{"damage_healed":0,"gold_gain":0,"player_choice":"Bought 3 Potions","damage_taken":0,"max_hp_gain":0,"max_hp_loss":0,"event_name":"The Woman in Blue","floor":4,"gold_loss":0},{"damage_healed":0,"gold_gain":0,"player_choice":"Fled","damage_taken":0,"max_hp_gain":0,"max_hp_loss":0,"event_name":"Scrap Ooze","floor":10,"gold_loss":0},{"damage_healed":0,"gold_gain":0,"player_choice":"Read","damage_taken":0,"max_hp_gain":0,"max_hp_loss":0,"event_name":"The Library","floor":20,"gold_loss":0,"cards_obtained":["Self Repair"]},{"damage_healed":0,"gold_gain":0,"cards_transformed":["Strike_B","Zap"],"player_choice":"Became Test Subject","damage_taken":0,"max_hp_gain":0,"max_hp_loss":0,"event_name":"Drug Dealer","floor":22,"gold_loss":0,"cards_obtained":["Core Surge","Blizzard"]},{"damage_healed":0,"gold_gain":0,"player_choice":"Opened","damage_taken":0,"relics_obtained":["Shuriken"],"max_hp_gain":0,"max_hp_loss":0,"event_name":"The Mausoleum","floor":25,"gold_loss":0,"cards_obtained":["Writhe"]},{"damage_healed":0,"gold_gain":0,"player_choice":"Fight","damage_taken":0,"max_hp_gain":0,"max_hp_loss":0,"event_name":"Mysterious Sphere","floor":36,"gold_loss":0},{"damage_healed":0,"gold_gain":0,"player_choice":"Memory 3","damage_taken":10,"max_hp_gain":0,"max_hp_loss":0,"event_name":"SensoryStone","floor":38,"gold_loss":0}],"is_beta":false,"boss_relics":[{"not_picked":["Ectoplasm","Inserter"],"picked":"Nuclear Battery"},{"not_picked":["Velvet Choker","Snecko Eye"],"picked":"Runic Pyramid"}],"items_purged_floors":[19,31,45],"is_endless":false,"potions_floor_spawned":[5,8,11,16,23,28,29,30,37,39,46,48,55],"ascension_level":20,"potion_discard_per_floor":[[],[],[],[],[],[],[],[],[],[],[],[],[],[],[],["Energy Potion"],[],[],[],[],[],[],[],[],[],[],[],[],[],[],[],[],[],[],[],[],[],[],[],[],[],[],[],[],[],[],[],[],[],[],[],[],[],[],["GamblersBrew"],["GamblersBrew"],[]]}