{"neow_bonuses_skipped_log":["UPGRADE_CARD","THREE_SMALL_POTIONS","BOSS_RELIC"],"neow_costs_skipped_log":["NONE","NONE","NONE"],"potions_obtained_entropic_brew":[[],[],[],[],[],[],[],[],[],[],[],[],[],[],[],[],[],[],[],[],[],[],[],[],[],[],[],[],[],[],[],[],[]],"gold_per_floor":[363,363,382,401,401,401,414,110,110,110,142,10,38,95,95,169,169,202,217,257,82,82,117,155,155,181,181,252,307,321,354,354,354],"floor_reached":33,"playtime":3073,"items_purged":["Defend_B"],"score":648,"play_id":"216669aa-6285-4cda-9011-917805c0103d","local_time":"20230422145632","score_breakdown":["Floors Climbed (33): 165","Enemies Slain (12): 24","Exordium Elites Killed (2): 20","City Elites Killed (2): 40","Bosses Slain (1): 50","Champion (1): 25","Ascension (20): 324"],"is_ascension_mode":true,"potions_obtained_alchemize":[[],[],[],[],[],[],[],[],[],[],[],[],[],[],[],[],[],[],[],[],[],[],[],[],[],[],[],[],[],[],[],[],[]],"campfire_choices":[{"data":"Zap","floor":6,"key":"SMITH"},{"data":"Beam Cell","floor":10,"key":"SMITH"},{"data":"Sunder","floor":15,"key":"SMITH"},{"data":"Seek","floor":25,"key":"SMITH"},{"data":"Consume","floor":32,"key":"SMITH"}],"lesson_learned_per_floor":[[],[],[],[],[],[],[],[],[],[],[],[],[],[],[],[],[],[],[],[],[],[],[],[],[],[],[],[],[],[],[],[],[]],"neow_cost":"PERCENT_DAMAGE","improvable_cards":{},"seed_source_timestamp":22177722381203,"shop_contents":[{"floor":8,"relics":["Matryoshka","Lizard Tail","Strange Spoon"],"cards":["Lockon","Double Energy","Storm","Finesse"],"potions":["Block Potion","LiquidMemories","SpeedPotion"]},{"floor":12,"relics":["Juzu Bracelet","Sundial","HandDrill"],"cards":["Barrage","Gash","Fusion","Turbo","Loop","Jack Of All Trades","Chrysalis"],"potions":["Dexterity Potion","Energy Potion"]},{"floor":21,"relics":["Whetstone","Mummified Hand","Medical Kit"],"cards":["Rebound","Scrape","Redo","Storm","Good Instincts","The Bomb"],"potions":["EssenceOfSteel"]}],"circlet_count":0,"master_deck":["AscendersBane","Strike_B","Strike_B","Strike_B","Defend_B","Defend_B","Defend_B","Zap+1","Dualcast","Cold Snap","Rip and Tear","Coolheaded","Coolheaded","Beam Cell+1","HandOfGreed","Undo","Ball Lightning","Sunder+1","Seek+1","Sunder+1","Skim","Hologram+1","BootSequence","Consume+1","Echo Form","Coolheaded","Steam"],"potion_use_per_floor":[[],[],[],[],[],[],[],[],[],[],["Swift Potion"],[],[],[],[],[],[],[],["AttackPotion"],["Explosive Potion"],[],[],["Regen Potion"],[],[],[],[],[],[],["AttackPotion","FearPotion"],[],[],["PotionOfCapacity","PotionOfCapacity","EssenceOfDarkness","Swift Potion"]],"relics":["Cracked Core","StrikeDummy","Gremlin Horn","Akabeko","Potion Belt","Coffee Dripper","Bronze Scales","Letter Opener","Nunchaku","Lantern"],"potions_floor_usage":[11,19,20,23,30,30,33,33,33,33],"damage_taken":[{"damage":0,"enemies":"2 Louse","floor":1,"turns":3},{"damage":1,"enemies":"Small Slimes","floor":3,"turns":3},{"damage":0,"enemies":"Cultist","floor":4,"turns":3},{"damage":8,"enemies":"3 Louse","floor":7,"turns":3},{"damage":6,"enemies":"Gremlin Nob","floor":11,"turns":3},{"damage":5,"enemies":"Lagavulin","floor":13,"turns":4},{"damage":0,"enemies":"Exordium Thugs","floor":14,"turns":4},{"damage":5,"enemies":"Hexaghost","floor":16,"turns":9},{"damage":0,"enemies":"Chosen","floor":18,"turns":2},{"damage":0,"enemies":"Shell Parasite","floor":19,"turns":1},{"damage":1,"enemies":"Cultist and Chosen","floor":20,"turns":4},{"damage":0,"enemies":"Gremlin Leader","floor":23,"turns":3},{"damage":19,"enemies":"Shelled Parasite and Fungi","floor":24,"turns":3},{"damage":12,"enemies":"Slavers","floor":28,"turns":4},{"damage":0,"enemies":"3 Cultists","floor":29,"turns":4},{"damage":0,"enemies":"Snecko","floor":30,"turns":2},{"damage":7,"enemies":"Snake Plant","floor":31,"turns":2},{"damage":14,"enemies":"Automaton","floor":33,"turns":6}],"seed_played":"123666936543237495","neow_bonus_log":{"cardsObtained":[],"cardsUpgraded":[],"cardsRemoved":[],"cardsTransformed":[],"relicsObtained":[],"maxHpGained":0,"goldGained":250,"damageTaken":18,"goldLost":0,"maxHpLost":0},"potions_obtained":[{"floor":1,"key":"Swift Potion"},{"floor":13,"key":"Explosive Potion"},{"floor":19,"key":"FearPotion"},{"floor":30,"key":"PotionOfCapacity"},{"floor":31,"key":"Swift Potion"}],"is_trial":false,"path_per_floor":["M","?","M","M","?","R","M","$","T","R","E","$","E","M","R","B",null,"M","M","M","$","T","E","M","R","T","?","E","M","M","M","R","B"],"character_chosen":"DEFECT","basemod:card_modifiers":[null,null,null,null,null,null,null,null,null,null,null,null,null,null,null,null,null,null,null,null,null,null,null,null,null,null,null],"items_purchased":["Beam Cell","HandOfGreed","Undo","AttackPotion","Regen Potion","BootSequence","AttackPotion"],"campfire_rested":0,"item_purchase_floors":[8,8,8,12,21,21,21],"current_hp_per_floor":[46,46,45,45,45,45,37,37,37,37,31,31,26,26,26,21,59,59,59,58,58,58,67,48,48,48,29,17,17,17,10,10,0],"gold":354,"neow_bonus":"TWO_FIFTY_GOLD","is_prod":false,"is_daily":false,"rewards_skipped":[],"chose_seed":false,"campfire_upgraded":5,"win_rate":0,"floor_exit_playtime":[74,100,170,211,275,292,345,467,473,480,576,596,780,848,854,945,1061,1143,1212,1304,1342,1351,1536,1614,1625,1635,1665,1841,1958,2206,2246,2256],"timestamp":1682189792,"path_taken":["M","?","M","M","?","R","M","$","T","R","E","$","E","M","R","BOSS","M","M","M","$","?","E","M","R","T","?","E","?","M","M","R","BOSS"],"build_version":"2022-12-18","purchased_purges":1,"victory":false,"max_hp_per_floor":[71,71,71,71,71,71,71,71,71,71,71,71,71,71,71,71,71,71,71,71,71,71,71,71,71,71,71,71,71,71,71,71,71],"relic_stats":{"Nunchaku":[2],"Gremlin Horn":[11,12],"counters":[18,63],"Bronze Scales":[60],"Letter Opener":[96],"obtain_stats":[{"Potion Belt":13,"Nunchaku":26,"Lantern":28,"Gremlin Horn":9,"Bronze Scales":22,"Coffee Dripper":17,"Letter Opener":23,"Cracked Core":0,"StrikeDummy":5,"Akabeko":11},{"Potion Belt":6,"Nunchaku":13,"Lantern":14,"Gremlin Horn":4,"Bronze Scales":11,"Coffee Dripper":8,"Letter Opener":12,"Cracked Core":0,"StrikeDummy":3,"Akabeko":5},{"Potion Belt":19,"Nunchaku":45,"Lantern":49,"Gremlin Horn":12,"Bronze Scales":39,"Coffee Dripper":32,"Letter Opener":42,"Cracked Core":0,"StrikeDummy":9,"Akabeko":15}]},"card_choices":[{"not_picked":["Tempest","Rebound"],"picked":"Cold Snap","floor":1},{"not_picked":["Barrage","Gash"],"picked":"Compile Driver","floor":3},{"not_picked":["Streamline","Chaos"],"picked":"Coolheaded","floor":4},{"not_picked":["Fusion","Multi-Cast"],"picked":"Coolheaded","floor":7},{"not_picked":["Capacitor","Stack"],"picked":"Ball Lightning","floor":11},{"not_picked":["Fusion","Chaos","Consume"],"picked":"SKIP","floor":13},{"not_picked":["Fusion","Chaos","Consume"],"picked":"SKIP","floor":13},{"not_picked":["Barrage","Redo"],"picked":"Sunder","floor":14},{"not_picked":["Buffer","Rainbow"],"picked":"Seek","floor":16},{"not_picked":["Leap","Double Energy"],"picked":"Sunder+1","floor":18},{"not_picked":["Stack+1","Genetic Algorithm"],"picked":"Skim","floor":19},{"not_picked":["Loop","Melter"],"picked":"Hologram+1","floor":20},{"not_picked":["Gash","Sweeping Beam"],"picked":"Consume","floor":23},{"not_picked":["Beam Cell","Recycle"],"picked":"Echo Form","floor":24},{"not_picked":["Steam Power","Stack"],"picked":"Coolheaded","floor":28},{"not_picked":["Static Discharge","Cold Snap"],"picked":"Steam","floor":29},{"not_picked":["Rebound","Tempest","Stack"],"picked":"SKIP","floor":30},{"not_picked":["Rebound","Tempest","Stack"],"picked":"SKIP","floor":30},{"not_picked":["Rebound","Tempest","Stack"],"picked":"SKIP","floor":30},{"not_picked":["Rebound","Tempest","Stack"],"picked":"SKIP","floor":30},{"not_picked":["Scrape","Consume","Static Discharge"],"picked":"SKIP","floor":31},{"not_picked":["Scrape","Consume","Static Discharge"],"picked":"SKIP","floor":31}],"player_experience":5588074,"relics_obtained":[{"floor":9,"key":"Gremlin Horn"},{"floor":11,"key":"Akabeko"},{"floor":13,"key":"Potion Belt"},{"floor":22,"key":"Bronze Scales"},{"floor":23,"key":"Letter Opener"},{"floor":26,"key":"Nunchaku"},{"floor":28,"key":"Lantern"}],"event_choices":[{"damage_healed":0,"gold_gain":0,"cards_transformed":["Strike_B"],"player_choice":"Change","damage_taken":0,"max_hp_gain":0,"max_hp_loss":0,"event_name":"Living Wall","floor":2,"gold_loss":0,"cards_obtained":["Rip and Tear"]},{"cards_removed":["Compile Driver"],"damage_healed":0,"gold_gain":0,"player_choice":"Gave Card","damage_taken":0,"relics_obtained":["StrikeDummy"],"max_hp_gain":0,"max_hp_loss":0,"event_name":"WeMeetAgain","floor":5,"gold_loss":0},{"damage_healed":0,"gold_gain":0,"player_choice":"POTION POTION ","damage_taken":19,"max_hp_gain":0,"max_hp_loss":0,"event_name":"Knowing Skull","floor":27,"potions_obtained":["PotionOfCapacity","EssenceOfDarkness"],"gold_loss":0,"cards_obtained":[]}],"is_beta":false,"boss_relics":[{"not_picked":["Tiny House","Ectoplasm"],"picked":"Coffee Dripper"}],"items_purged_floors":[12],"is_endless":false,"potions_floor_spawned":[1,13,19,30,31],"killed_by":"Automaton","ascension_level":20,"potion_discard_per_floor":[[],[],[],[],[],[],[],[],[],[],[],[],[],[],[],[],[],[],[],[],[],[],[],[],[],[],[],[],[],[],[],[],[]]}