{"neow_bonuses_skipped_log":["THREE_CARDS","THREE_ENEMY_KILL","RANDOM_COLORLESS_2"],"neow_costs_skipped_log":["NONE","NONE","PERCENT_DAMAGE"],"potions_obtained_entropic_brew":[[],[],[],[],[],[],[],[],[],[],[],[],[],[],[],["LiquidBronze","SneckoOil"],[],[],[],[],[],[],[],[],[],[],[],[],[],[],[],[],[],[],[],[],[],[],[],[],[],[],[],[],[],[],[],[],[],[],[],[],[],[],[],[],[]],"gold_per_floor":[117,129,141,49,60,60,90,90,90,90,104,120,147,147,147,221,221,234,234,28,46,64,93,18,52,125,150,150,167,167,186,186,263,313,331,44,64,80,100,135,152,152,200,250,275,275,295,328,328,328,328,328,328,43,73,73],"floor_reached":57,"playtime":12805,"items_purged":["Defend_B","Strike_B"],"score":2903,"play_id":"b56d4a75-7996-4bf5-b60a-dc8dfd7dc45f","local_time":"20230426214630","score_breakdown":["Floors Climbed (57): 285","Enemies Slain (17): 34","Exordium Elites Killed (2): 20","City Elites Killed (3): 60","Beyond Elites Killed (3): 90","Bosses Slain (5): 750","Librarian: 25","Champion (2): 50","C-c-c-combo: 25","Ascension (20): 1314","Heartbreaker: 250"],"is_ascension_mode":true,"potions_obtained_alchemize":[[],[],[],[],[],[],[],[],[],[],[],[],[],[],[],[],[],[],[],[],[],[],[],[],[],[],[],[],[],[],[],[],[],[],[],[],[],[],[],[],[],[],[],[],[],[],[],[],[],[],[],[],[],[],[],[],[]],"campfire_choices":[{"data":"Streamline","floor":6,"key":"SMITH"},{"data":"Sweeping Beam","floor":8,"key":"SMITH"},{"floor":10,"key":"REST"},{"data":"Hologram","floor":15,"key":"SMITH"},{"data":"Turbo","floor":28,"key":"SMITH"},{"data":"Coolheaded","floor":30,"key":"SMITH"},{"data":"Go for the Eyes","floor":32,"key":"SMITH"},{"floor":42,"key":"RECALL"},{"data":"Hologram","floor":46,"key":"SMITH"},{"data":"White Noise","floor":49,"key":"SMITH"},{"data":"Dualcast","floor":53,"key":"SMITH"}],"lesson_learned_per_floor":[[],[],[],[],[],[],[],[],[],[],[],[],[],[],[],[],[],[],[],[],[],[],[],[],[],[],[],[],[],[],[],[],[],[],[],[],[],[],[],[],[],[],[],[],[],[],[],[],[],[],[],[],[],[],[],[],[]],"neow_cost":"NONE","improvable_cards":{"Genetic Algorithm":[35]},"seed_source_timestamp":5950842593099,"shop_contents":[{"floor":4,"relics":["Dream Catcher","Strawberry","ClockworkSouvenir"],"cards":["Gash","Meteor Strike","Stack","Buffer","Madness","Apotheosis"],"potions":["PowerPotion","DuplicationPotion"]},{"floor":20,"relics":["Regal Pillow","Matryoshka","TheAbacus"],"cards":["Rip and Tear+1","Redo","Steam","Good Instincts","HandOfGreed+1"],"potions":["Block Potion","CultistPotion","AttackPotion"]},{"floor":36,"relics":["CaptainsWheel","Toxic Egg 2"],"cards":["Lockon+1","Leap","Conserve Battery","Static Discharge+1","Swift Strike+1","Transmutation"],"potions":["Explosive Potion","Fire Potion","BlessingOfTheForge"]},{"floor":54,"relics":["Letter Opener","Lizard Tail","HandDrill"],"cards":["Sweeping Beam+1","Reboot","Double Energy","Static Discharge+1","Deep Breath"],"potions":["ColorlessPotion","PowerPotion"]}],"circlet_count":0,"master_deck":["AscendersBane","Strike_B","Strike_B","Defend_B+1","Defend_B","Defend_B","Dualcast+1","Streamline+1","Cold Snap","Rebound+1","Chill","Cold Snap+1","Sweeping Beam+1","Go for the Eyes+1","Hologram+1","Blizzard+1","Echo Form","Skim+1","Doom and Gloom+1","Self Repair","Turbo+1","White Noise+1","Meteor Strike+1","Chill","Defragment+1","Coolheaded+1","Compile Driver+1","Core Surge+1","Hologram+1","Turbo+1","Compile Driver+1","Biased Cognition+1","Compile Driver+1","Genetic Algorithm","Heatsinks+1","Amplify","BootSequence","Skim+1","Blizzard+1","Secret Technique","Ball Lightning+1","Static Discharge+1"],"potion_use_per_floor":[[],[],[],[],[],[],[],[],[],[],[],["ColorlessPotion"],[],[],[],["EntropicBrew","SneckoOil"],[],["LiquidBronze"],[],[],["Regen Potion"],["GamblersBrew"],[],[],[],[],[],[],[],[],[],[],[],[],[],[],[],["Energy Potion"],[],[],[],[],[],[],[],[],[],[],[],[],[],[],[],[],[],["Dexterity Potion","FairyPotion"],[]],"relics":["SlaversCollar","Question Card","Gremlin Horn","Molten Egg 2","Runic Pyramid","Mercury Hourglass","Whetstone","Frozen Egg 2","Tiny House","Frozen Eye","Akabeko","Oddly Smooth Stone","Kunai","Bird Faced Urn","Nunchaku"],"potions_floor_usage":[12,16,16,18,21,22,38,56],"damage_taken":[{"damage":7,"enemies":"2 Louse","floor":1,"turns":2},{"damage":2,"enemies":"Cultist","floor":2,"turns":4},{"damage":7,"enemies":"Small Slimes","floor":3,"turns":4},{"damage":0,"enemies":"Gremlin Gang","floor":5,"turns":5},{"damage":11,"enemies":"3 Sentries","floor":7,"turns":9},{"damage":1,"enemies":"Blue Slaver","floor":11,"turns":5},{"damage":10,"enemies":"Red Slaver","floor":12,"turns":3},{"damage":4,"enemies":"Lagavulin","floor":13,"turns":7},{"damage":19,"enemies":"Slime Boss","floor":16,"turns":7},{"damage":0,"enemies":"3 Byrds","floor":18,"turns":3},{"damage":18,"enemies":"Shell Parasite","floor":21,"turns":9},{"damage":16,"enemies":"Shelled Parasite and Fungi","floor":22,"turns":8},{"damage":0,"enemies":"Gremlin Leader","floor":23,"turns":5},{"damage":22,"enemies":"Slavers","floor":25,"turns":4},{"damage":9,"enemies":"Gremlin Leader","floor":27,"turns":5},{"damage":2,"enemies":"Centurion and Healer","floor":29,"turns":7},{"damage":7,"enemies":"Sentry and Sphere","floor":31,"turns":5},{"damage":13,"enemies":"Collector","floor":33,"turns":10},{"damage":17,"enemies":"3 Shapes","floor":35,"turns":5},{"damage":0,"enemies":"3 Darklings","floor":37,"turns":5},{"damage":17,"enemies":"Jaw Worm Horde","floor":38,"turns":4},{"damage":0,"enemies":"Spire Growth","floor":39,"turns":5},{"damage":15,"enemies":"Reptomancer","floor":40,"turns":7},{"damage":7,"enemies":"Maw","floor":41,"turns":9},{"damage":29,"enemies":"Nemesis","floor":45,"turns":9},{"damage":16,"enemies":"Writhing Mass","floor":47,"turns":9},{"damage":0,"enemies":"Giant Head","floor":48,"turns":8},{"damage":9,"enemies":"Awakened One","floor":50,"turns":13},{"damage":20,"enemies":"Donu and Deca","floor":51,"turns":9},{"damage":43,"enemies":"Shield and Spear","floor":55,"turns":8},{"damage":95,"enemies":"The Heart","floor":56,"turns":10}],"green_key_taken_log":48,"seed_played":"-3220175446055142246","neow_bonus_log":{"cardsObtained":[],"cardsUpgraded":[],"cardsRemoved":[],"cardsTransformed":[],"relicsObtained":["SlaversCollar"],"maxHpGained":0,"goldGained":0,"damageTaken":0,"goldLost":0,"maxHpLost":0},"potions_obtained":[{"floor":7,"key":"ColorlessPotion"},{"floor":11,"key":"EntropicBrew"},{"floor":16,"key":"GamblersBrew"},{"floor":18,"key":"Regen Potion"},{"floor":22,"key":"Energy Potion"},{"floor":27,"key":"FairyPotion"},{"floor":39,"key":"SkillPotion"},{"floor":55,"key":"Dexterity Potion"}],"is_trial":false,"path_per_floor":["M","M","M","$","M","R","E","R","T","R","M","M","E","?","R","B",null,"M","T","$","M","M","E","?","E","T","E","R","M","R","M","R","B",null,"M","$","M","M","M","E","M","R","T","?","E","R","M","E","R","B","B",null,"R","$","E","B",null],"character_chosen":"DEFECT","basemod:card_modifiers":[null,null,null,null,null,null,null,null,null,null,null,null,null,null,null,null,null,null,null,null,null,null,null,null,null,null,null,null,null,null,null,null,null,null,null,null,null,null,null,null,null,null],"items_purchased":["Chill","ColorlessPotion","Doom and Gloom+1","Self Repair","Frozen Eye","Compile Driver+1","Secret Technique","SteroidPotion","Ball Lightning+1"],"campfire_rested":1,"item_purchase_floors":[4,4,20,20,36,36,54,54,54],"current_hp_per_floor":[57,55,48,48,48,48,37,37,37,58,57,47,43,43,43,24,59,59,59,59,63,54,68,68,53,53,58,58,70,70,70,70,64,74,71,71,76,73,76,75,76,76,76,76,68,68,66,76,76,76,76,76,76,76,72,27],"gold":73,"neow_bonus":"BOSS_RELIC","is_prod":false,"is_daily":false,"rewards_skipped":[{"floor":23,"relics":["Bottled Flame"],"potions":[]},{"floor":31,"relics":[],"potions":["SpeedPotion"]},{"floor":34,"relics":[],"potions":["SteroidPotion"]},{"floor":37,"relics":[],"potions":["Energy Potion"]},{"floor":45,"relics":[],"potions":["LiquidBronze"]},{"floor":47,"relics":[],"potions":["Explosive Potion"]}],"chose_seed":false,"campfire_upgraded":9,"win_rate":0,"floor_exit_playtime":[249,405,509,619,737,744,902,909,916,939,1064,1232,1358,1418,1441,1644,1874,2022,2026,2120,2295,2550,2762,2822,3020,3042,3339,3347,3469,3477,3636,3647,4010,4125,4410,4442,5009,5643,5926,6264,6590,6595,6599,6607,7022,7045,7399,7792,7829,8335,8655,8673,8681,9243,10188,12805],"timestamp":1682559990,"blue_key_relic_skipped_log":{"floor":26,"relicID":"Darkstone Periapt"},"path_taken":["M","M","M","$","M","R","E","R","T","R","M","M","E","?","R","BOSS","M","?","?","?","M","E","?","E","T","E","R","M","R","M","R","BOSS","M","$","?","M","M","E","M","R","T","?","E","R","M","E","R","BOSS","BOSS","R","$","E","BOSS"],"build_version":"2022-12-18","purchased_purges":2,"victory":true,"max_hp_per_floor":[71,71,71,71,71,71,71,71,71,71,71,71,71,71,71,71,71,71,71,71,71,71,71,71,71,71,71,71,71,71,71,71,71,76,76,76,76,76,76,76,76,76,76,76,76,76,76,76,76,76,76,76,76,76,76,76],"relic_stats":{"Frozen Eye":1606.402,"Nunchaku":[4],"Gremlin Horn":[46,47],"counters":[31,202],"Bird Faced Urn":[65],"Whetstone":["Rebound","Cold Snap"],"Kunai":[50],"Question Card":24,"obtain_stats":[{"Tiny House":34,"Gremlin Horn":9,"Oddly Smooth Stone":43,"Whetstone":25,"Frozen Egg 2":27,"Question Card":7,"Akabeko":40,"Mercury Hourglass":19,"SlaversCollar":0,"Frozen Eye":36,"Nunchaku":55,"Bird Faced Urn":48,"Molten Egg 2":13,"Kunai":45,"Cracked Core":0,"Runic Pyramid":17},{"Tiny House":18,"Gremlin Horn":5,"Oddly Smooth Stone":24,"Whetstone":14,"Frozen Egg 2":15,"Question Card":5,"Akabeko":23,"Mercury Hourglass":10,"SlaversCollar":0,"Frozen Eye":19,"Nunchaku":30,"Bird Faced Urn":27,"Molten Egg 2":8,"Kunai":25,"Cracked Core":0,"Runic Pyramid":9},{"Tiny House":102,"Gremlin Horn":24,"Oddly Smooth Stone":136,"Whetstone":75,"Frozen Egg 2":80,"Question Card":24,"Akabeko":127,"Mercury Hourglass":49,"SlaversCollar":0,"Frozen Eye":106,"Nunchaku":192,"Bird Faced Urn":162,"Molten Egg 2":39,"Kunai":145,"Cracked Core":0,"Runic Pyramid":46}],"Mercury Hourglass":[528]},"card_choices":[{"not_picked":["Barrage","Leap"],"picked":"Streamline","floor":1},{"not_picked":["Compile Driver","BootSequence"],"picked":"Cold Snap","floor":2},{"not_picked":["Stack","Blizzard"],"picked":"Rebound","floor":3},{"not_picked":["Turbo","Storm"],"picked":"Cold Snap","floor":5},{"not_picked":["Cold Snap","Gash"],"picked":"Sweeping Beam","floor":7},{"not_picked":["Ball Lightning","Streamline","Blizzard"],"picked":"Go for the Eyes","floor":11},{"not_picked":["Thunder Strike","White Noise","Cold Snap"],"picked":"Hologram","floor":12},{"not_picked":["Ball Lightning+1","Stack","Coolheaded"],"picked":"Blizzard+1","floor":13},{"not_picked":["Buffer","Biased Cognition","Creative AI"],"picked":"Echo Form","floor":16},{"not_picked":["Conserve Battery","Barrage+1","Capacitor"],"picked":"Skim+1","floor":18},{"not_picked":["Chill","Rebound+1","Compile Driver+1"],"picked":"Turbo","floor":21},{"not_picked":["Gash+1","Force Field","Steam Power"],"picked":"White Noise","floor":22},{"not_picked":["Leap","Sweeping Beam+1","Ball Lightning+1"],"picked":"Meteor Strike+1","floor":23},{"not_picked":["Self Repair","Cold Snap+1","Hello World"],"picked":"Chill","floor":25},{"not_picked":["Chill+1","Lockon+1","Genetic Algorithm"],"picked":"Defragment+1","floor":27},{"not_picked":["Hello World+1","Storm+1","Rebound+1"],"picked":"Coolheaded","floor":29},{"not_picked":["Barrage+1","Sweeping Beam+1","Meteor Strike+1"],"picked":"Compile Driver+1","floor":31},{"not_picked":["Multi-Cast","Machine Learning+1","Creative AI+1"],"picked":"Core Surge+1","floor":33},{"not_picked":["Compile Driver+1","Sweeping Beam+1","Conserve Battery+1"],"picked":"Hologram","floor":34},{"not_picked":["Cold Snap+1","Barrage+1","Capacitor+1"],"picked":"Turbo+1","floor":35},{"not_picked":["Undo","Fusion","Cold Snap+1"],"picked":"Biased Cognition+1","floor":37},{"not_picked":["Gash+1","Sunder+1","Turbo"],"picked":"Compile Driver+1","floor":38},{"not_picked":["Turbo","Conserve Battery+1","Stack+1"],"picked":"Genetic Algorithm","floor":39},{"not_picked":["Darkness","Reprogram","Ball Lightning+1","Heatsinks+1"],"picked":"SKIP","floor":40},{"not_picked":["Darkness","Reprogram","Ball Lightning+1","Heatsinks+1"],"picked":"SKIP","floor":40},{"not_picked":["Darkness","Reprogram","Ball Lightning+1"],"picked":"Heatsinks+1","floor":40},{"not_picked":["Sweeping Beam+1","Static Discharge+1","Compile Driver+1"],"picked":"Amplify","floor":41},{"not_picked":["Auto Shields+1","Darkness","FTL+1"],"picked":"BootSequence","floor":45},{"not_picked":["Tempest","Compile Driver+1","Auto Shields"],"picked":"Skim+1","floor":47},{"not_picked":["Streamline+1","Stack","Lockon+1"],"picked":"Blizzard+1","floor":48},{"not_picked":["Self Repair+1","Steam","Fusion"],"picked":"Static Discharge+1","floor":55}],"player_experience":5599595,"relics_obtained":[{"floor":7,"key":"Question Card"},{"floor":9,"key":"Gremlin Horn"},{"floor":13,"key":"Molten Egg 2"},{"floor":19,"key":"Mercury Hourglass"},{"floor":25,"key":"Whetstone"},{"floor":27,"key":"Frozen Egg 2"},{"floor":40,"key":"Akabeko"},{"floor":43,"key":"Oddly Smooth Stone"},{"floor":45,"key":"Kunai"},{"floor":48,"key":"Bird Faced Urn"},{"floor":55,"key":"Nunchaku"}],"event_choices":[{"cards_removed":["Zap"],"damage_healed":0,"gold_gain":0,"player_choice":"Offered Basic","damage_taken":0,"max_hp_gain":0,"max_hp_loss":0,"event_name":"Bonfire Elementals","floor":14,"gold_loss":0},{"cards_removed":["Strike_B"],"damage_healed":0,"gold_gain":0,"player_choice":"Single Remove","damage_taken":0,"max_hp_gain":0,"max_hp_loss":0,"event_name":"Designer","floor":24,"gold_loss":75},{"damage_healed":0,"gold_gain":50,"player_choice":"Pray","damage_taken":0,"max_hp_gain":0,"max_hp_loss":0,"event_name":"Golden Shrine","floor":44,"gold_loss":0}],"is_beta":false,"boss_relics":[{"not_picked":["Snecko Eye","SacredBark"],"picked":"Runic Pyramid"},{"not_picked":["Velvet Choker","Runic Dome"],"picked":"Tiny House"}],"items_purged_floors":[20,36],"is_endless":false,"potions_floor_spawned":[7,11,16,18,22,27,31,37,39,45,47,55],"ascension_level":20,"potion_discard_per_floor":[[],[],[],[],[],[],[],[],[],[],["ColorlessPotion"],[],[],[],[],[],[],[],[],[],[],[],[],[],[],[],[],[],[],[],[],[],[],[],[],[],[],[],[],[],[],[],[],[],[],[],[],[],[],[],[],[],[],["SkillPotion"],["SteroidPotion"],[],[]]}