{"neow_bonuses_skipped_log":["THREE_CARDS","THREE_ENEMY_KILL","BOSS_RELIC"],"neow_costs_skipped_log":["NONE","NONE","NONE"],"potions_obtained_entropic_brew":[[],[],[],[],[],[],[],[],[],[],[],[],[],[],[],[],[],[],[],[],[],[],[],[],[],[],[],[],[],[],[],[],[],[],[],[],[],[],[],[],[],[],[],[],[],[],[],[],[],[],[],[],[],[],[],[],[]],"gold_per_floor":[117,129,143,63,83,114,114,139,139,139,139,172,172,183,183,262,262,280,295,13,43,54,54,80,80,80,96,96,106,131,149,149,222,222,236,250,265,318,318,347,185,217,217,233,262,262,279,311,311,311,311,311,311,55,88,88],"floor_reached":57,"playtime":7794,"items_purged":["Defend_B"],"score":3614,"play_id":"c5d96f7a-e8ec-422f-b235-ceb3ecf0e7d9","local_time":"20230420184255","score_breakdown":["Floors Climbed (57): 285","Enemies Slain (16): 32","Exordium Elites Killed (3): 30","City Elites Killed (2): 40","Beyond Elites Killed (4): 120","Bosses Slain (5): 750","Collector (1): 25","Librarian: 25","Champion (6): 150","Beyond Perfect: 200","Overkill: 25","C-c-c-combo: 25","Ascension (20): 1657","Heartbreaker: 250"],"is_ascension_mode":true,"potions_obtained_alchemize":[[],[],[],[],[],[],[],[],[],[],[],[],[],[],[],[],[],[],[],[],[],[],[],[],[],[],[],[],[],[],[],[],[],[],[],[],[],[],[],[],[],[],[],[],[],[],[],[],[],[],[],[],[],[],[],[],[]],"campfire_choices":[{"data":"Electrodynamics","floor":7,"key":"SMITH"},{"data":"Coolheaded","floor":11,"key":"SMITH"},{"data":"Hologram","floor":15,"key":"SMITH"},{"data":"Defragment","floor":23,"key":"SMITH"},{"data":"Hologram","floor":25,"key":"SMITH"},{"floor":28,"key":"RECALL"},{"data":"Blizzard","floor":32,"key":"SMITH"},{"data":"Defragment","floor":46,"key":"SMITH"},{"data":"Defragment","floor":49,"key":"SMITH"},{"data":"Hologram","floor":53,"key":"SMITH"}],"lesson_learned_per_floor":[[],[],[],[],[],[],[],[],[],[],[],[],[],[],[],[],[],[],[],[],[],[],[],[],[],[],[],[],[],[],[],[],[],[],[],[],[],[],[],[],[],[],[],[],[],[],[],[],[],[],[],[],[],[],[],[],[]],"neow_cost":"TEN_PERCENT_HP_LOSS","improvable_cards":{"Genetic Algorithm+1":[82]},"seed_source_timestamp":4039541505164,"shop_contents":[{"floor":4,"relics":["HornCleat","Bottled Lightning","DollysMirror"],"cards":["Rebound","Steam","Stack","Storm","Mind Blast","Master of Strategy"],"potions":["FairyPotion","Energy Potion","Fruit Juice"]},{"floor":20,"relics":["Sundial","Bottled Flame"],"cards":["Gash","Scrape","Stack","Coolheaded","Purity","Violence"],"potions":["FocusPotion","CultistPotion","AttackPotion"]},{"floor":41,"relics":["Dead Branch","Singing Bowl"],"cards":["Rip and Tear","Gash","Coolheaded","Stack","Capacitor","Discovery","Secret Technique"],"potions":["Dexterity Potion","BlessingOfTheForge","Swift Potion"]},{"floor":54,"relics":["Du-Vu Doll","Vajra","Chemical X"],"cards":["Beam Cell","Sweeping Beam","Stack","Purity","Metamorphosis"],"potions":["Dexterity Potion","BlessingOfTheForge","AttackPotion"]}],"circlet_count":0,"master_deck":["AscendersBane","Strike_B","Strike_B","Defend_B","Defend_B","Defend_B","Zap","Dualcast","Beam Cell","Self Repair","Coolheaded+1","Electrodynamics+1","Electrodynamics","Beam Cell","Hologram+1","Echo Form","Glacier","Hologram+1","Defragment+1","Fusion","Recycle","Genetic Algorithm+1","Blizzard+1","Redo","Thunder Strike","Coolheaded+1","Undo","Skim","Creative AI","Hologram+1","Defragment+1","Defragment+1","Biased Cognition","Glacier","Hologram"],"potion_use_per_floor":[[],[],[],[],[],["Energy Potion"],[],["ColorlessPotion"],[],[],[],[],[],[],[],[],[],[],[],[],[],[],[],["Block Potion"],[],[],[],[],[],[],[],[],[],[],[],[],[],["DistilledChaos"],[],[],[],[],[],[],[],[],[],[],[],[],[],[],[],[],["GamblersBrew"],["DuplicationPotion"],[]],"relics":["Cracked Core","FossilizedHelix","Bag of Marbles","Bronze Scales","Gremlin Horn","Thread and Needle","Snecko Eye","ClockworkSouvenir","Red Mask","Symbiotic Virus","Mango","CaptainsWheel","Philosopher\u0027s Stone","Prayer Wheel","Mummified Hand","Toolbox","Akabeko","TungstenRod","Toy Ornithopter","Letter Opener"],"potions_floor_usage":[6,8,24,38,55,56],"damage_taken":[{"damage":0,"enemies":"Jaw Worm","floor":1,"turns":3},{"damage":0,"enemies":"2 Louse","floor":2,"turns":2},{"damage":0,"enemies":"Cultist","floor":3,"turns":3},{"damage":13,"enemies":"3 Louse","floor":5,"turns":6},{"damage":31,"enemies":"3 Sentries","floor":6,"turns":9},{"damage":0,"enemies":"Gremlin Nob","floor":8,"turns":3},{"damage":10,"enemies":"3 Sentries","floor":12,"turns":3},{"damage":0,"enemies":"Lots of Slimes","floor":14,"turns":2},{"damage":0,"enemies":"Slime Boss","floor":16,"turns":8},{"damage":0,"enemies":"2 Thieves","floor":18,"turns":2},{"damage":0,"enemies":"Chosen","floor":19,"turns":4},{"damage":0,"enemies":"Masked Bandits","floor":21,"turns":3},{"damage":0,"enemies":"Sentry and Sphere","floor":22,"turns":4},{"damage":0,"enemies":"Slavers","floor":24,"turns":2},{"damage":0,"enemies":"Chosen and Byrds","floor":27,"turns":3},{"damage":0,"enemies":"Snake Plant","floor":29,"turns":3},{"damage":18,"enemies":"Book of Stabbing","floor":30,"turns":5},{"damage":0,"enemies":"Centurion and Healer","floor":31,"turns":6},{"damage":0,"enemies":"Champ","floor":33,"turns":20},{"damage":13,"enemies":"3 Shapes","floor":35,"turns":5},{"damage":0,"enemies":"3 Darklings","floor":36,"turns":5},{"damage":13,"enemies":"Writhing Mass","floor":37,"turns":6},{"damage":12,"enemies":"2 Orb Walkers","floor":38,"turns":5},{"damage":0,"enemies":"Giant Head","floor":40,"turns":6},{"damage":0,"enemies":"Nemesis","floor":42,"turns":7},{"damage":0,"enemies":"Maw","floor":44,"turns":4},{"damage":0,"enemies":"Giant Head","floor":45,"turns":7},{"damage":0,"enemies":"Sphere and 2 Shapes","floor":47,"turns":4},{"damage":0,"enemies":"Nemesis","floor":48,"turns":9},{"damage":0,"enemies":"Time Eater","floor":50,"turns":12},{"damage":0,"enemies":"Donu and Deca","floor":51,"turns":7},{"damage":20,"enemies":"Shield and Spear","floor":55,"turns":6},{"damage":40,"enemies":"The Heart","floor":56,"turns":10}],"green_key_taken_log":48,"seed_played":"1427171640772280920","neow_bonus_log":{"cardsObtained":[],"cardsUpgraded":[],"cardsRemoved":[],"cardsTransformed":[],"relicsObtained":["FossilizedHelix"],"maxHpGained":0,"goldGained":0,"damageTaken":0,"goldLost":0,"maxHpLost":7},"potions_obtained":[{"floor":1,"key":"ColorlessPotion"},{"floor":3,"key":"Energy Potion"},{"floor":12,"key":"GamblersBrew"},{"floor":14,"key":"FearPotion"},{"floor":19,"key":"Block Potion"},{"floor":24,"key":"SteroidPotion"},{"floor":27,"key":"Swift Potion"},{"floor":31,"key":"DistilledChaos"},{"floor":38,"key":"DuplicationPotion"},{"floor":42,"key":"DuplicationPotion"}],"is_trial":false,"path_per_floor":["M","M","M","$","M","E","R","E","T","?","R","E","?","M","R","B",null,"M","M","$","?","M","R","E","R","T","M","R","M","E","M","R","B",null,"M","M","M","?","?","E","$","E","T","M","E","R","M","E","R","B","B",null,"R","$","E","B",null],"character_chosen":"DEFECT","basemod:card_modifiers":[null,null,null,null,null,null,null,null,null,null,null,null,null,null,null,null,null,null,null,null,null,null,null,null,null,null,null,null,null,null,null,null,null,null,null],"items_purchased":["FTL","ClockworkSouvenir","Defragment","Toolbox","Biased Cognition","Glacier"],"campfire_rested":0,"item_purchase_floors":[4,20,20,41,54,54],"current_hp_per_floor":[64,64,64,64,58,34,34,41,41,34,34,31,31,31,31,38,58,64,64,64,64,64,64,64,64,78,78,78,78,67,74,74,78,78,65,72,66,54,78,78,78,78,78,78,78,78,78,78,78,78,78,78,78,78,72,44],"gold":88,"neow_bonus":"ONE_RARE_RELIC","is_prod":false,"is_daily":false,"rewards_skipped":[{"floor":16,"relics":[],"potions":["LiquidBronze"]},{"floor":30,"relics":[],"potions":["BlessingOfTheForge"]},{"floor":35,"relics":[],"potions":["Energy Potion"]},{"floor":40,"relics":[],"potions":["Swift Potion"]},{"floor":47,"relics":[],"potions":["Swift Potion"]}],"chose_seed":false,"campfire_upgraded":9,"win_rate":0,"floor_exit_playtime":[195,220,280,319,440,605,612,746,758,885,892,1041,1066,1146,1193,1449,1521,1578,1714,1784,1855,1984,1997,2138,2144,2147,2388,2404,2472,2723,2855,2865,3246,3331,3596,3794,4026,4269,4328,4560,4755,5010,5029,5193,5367,5374,5486,5783,5789,6120,6289,6300,6310,6353,6956,7794],"timestamp":1682030575,"blue_key_relic_skipped_log":{"floor":43,"relicID":"Molten Egg 2"},"path_taken":["M","M","M","$","M","E","R","E","T","?","R","E","?","M","R","BOSS","M","M","$","?","M","R","E","R","T","M","R","M","E","M","R","BOSS","M","M","M","?","?","E","$","E","T","M","E","R","M","E","R","BOSS","BOSS","R","$","E","BOSS"],"build_version":"2022-12-18","purchased_purges":1,"victory":true,"max_hp_per_floor":[64,64,64,64,64,64,64,64,64,64,64,64,64,64,64,64,64,64,64,64,64,64,64,64,64,78,78,78,78,78,78,78,78,78,78,78,78,78,78,78,78,78,78,78,78,78,78,78,78,78,78,78,78,78,78,78],"relic_stats":{"Gremlin Horn":[23,23],"counters":[33,184],"Mummified Hand":[219],"Bronze Scales":[525],"Snecko Eye":[249,307,277,283,-405],"Prayer Wheel":2,"Letter Opener":[328],"obtain_stats":[{"Gremlin Horn":9,"Thread and Needle":12,"Mango":26,"Letter Opener":55,"Akabeko":42,"ClockworkSouvenir":20,"CaptainsWheel":30,"Mummified Hand":40,"Bronze Scales":8,"Snecko Eye":17,"Toolbox":41,"Philosopher\u0027s Stone":34,"Prayer Wheel":38,"Bag of Marbles":6,"Red Mask":21,"Cracked Core":0,"Symbiotic Virus":24,"FossilizedHelix":0,"TungstenRod":45,"Toy Ornithopter":48},{"Gremlin Horn":6,"Thread and Needle":7,"Mango":14,"Letter Opener":32,"Akabeko":25,"ClockworkSouvenir":11,"CaptainsWheel":17,"Mummified Hand":24,"Bronze Scales":6,"Snecko Eye":9,"Toolbox":24,"Philosopher\u0027s Stone":19,"Prayer Wheel":23,"Bag of Marbles":5,"Red Mask":12,"Cracked Core":0,"Symbiotic Virus":14,"FossilizedHelix":0,"TungstenRod":27,"Toy Ornithopter":29},{"Gremlin Horn":26,"Thread and Needle":29,"Mango":54,"Letter Opener":174,"Akabeko":125,"ClockworkSouvenir":45,"CaptainsWheel":65,"Mummified Hand":118,"Bronze Scales":26,"Snecko Eye":39,"Toolbox":118,"Philosopher\u0027s Stone":91,"Prayer Wheel":112,"Bag of Marbles":23,"Red Mask":48,"Cracked Core":0,"Symbiotic Virus":54,"FossilizedHelix":0,"TungstenRod":136,"Toy Ornithopter":149}],"FossilizedHelix":[222],"TungstenRod":16,"Toy Ornithopter":5},"card_choices":[{"not_picked":["White Noise","Force Field"],"picked":"Beam Cell","floor":1},{"not_picked":["Conserve Battery","Fusion"],"picked":"Self Repair","floor":2},{"not_picked":["Auto Shields","BootSequence"],"picked":"Coolheaded","floor":3},{"not_picked":["Stack","Beam Cell","Steam Power"],"picked":"SKIP","floor":5},{"not_picked":["Streamline","Conserve Battery"],"picked":"Electrodynamics","floor":6},{"not_picked":["Rip and Tear","Turbo"],"picked":"Electrodynamics","floor":8},{"not_picked":["Static Discharge","Multi-Cast","Heatsinks"],"picked":"SKIP","floor":12},{"not_picked":["Streamline","White Noise"],"picked":"Hologram","floor":14},{"not_picked":["Core Surge","Rainbow"],"picked":"Echo Form","floor":16},{"not_picked":["Gash+1","Conserve Battery"],"picked":"Glacier","floor":18},{"not_picked":["Skim","Go for the Eyes+1"],"picked":"Hologram","floor":19},{"not_picked":["Conserve Battery","Consume","Gash"],"picked":"SKIP","floor":21},{"not_picked":["Redo","Compile Driver","Auto Shields"],"picked":"SKIP","floor":22},{"not_picked":["Barrage","Sweeping Beam"],"picked":"Fusion","floor":24},{"not_picked":["Conserve Battery","White Noise"],"picked":"Recycle","floor":27},{"not_picked":["Compile Driver","Sweeping Beam"],"picked":"Genetic Algorithm+1","floor":29},{"not_picked":["Blizzard","Fission","Streamline+1"],"picked":"SKIP","floor":30},{"not_picked":["Fission","Streamline+1"],"picked":"Blizzard","floor":30},{"not_picked":["Beam Cell","Barrage+1"],"picked":"Redo","floor":31},{"not_picked":["Hyperbeam","Multi-Cast"],"picked":"Thunder Strike","floor":33},{"not_picked":["Loop","Turbo+1"],"picked":"Coolheaded+1","floor":35},{"not_picked":["Gash","Blizzard+1","Beam Cell+1"],"picked":"SKIP","floor":36},{"not_picked":["Gash","Blizzard+1","Beam Cell+1"],"picked":"SKIP","floor":36},{"not_picked":["Double Energy","Rebound+1"],"picked":"Undo","floor":37},{"not_picked":["Compile Driver","Cold Snap+1"],"picked":"Skim","floor":38},{"not_picked":["Hologram","Steam"],"picked":"Creative AI","floor":40},{"not_picked":["Stack","Redo","Barrage"],"picked":"SKIP","floor":42},{"not_picked":["Genetic Algorithm","FTL"],"picked":"Hologram","floor":44},{"not_picked":["Machine Learning","Chill"],"picked":"Defragment","floor":44},{"not_picked":["Cold Snap","Heatsinks"],"picked":"Defragment","floor":45},{"not_picked":["Ball Lightning","Conserve Battery","Streamline"],"picked":"SKIP","floor":47},{"not_picked":["Cold Snap","Turbo","Rip and Tear"],"picked":"SKIP","floor":47},{"not_picked":["Amplify","Sweeping Beam","Turbo"],"picked":"SKIP","floor":48},{"not_picked":["Stack","FTL"],"picked":"Hologram","floor":55}],"player_experience":5570643,"relics_obtained":[{"floor":6,"key":"Bag of Marbles"},{"floor":8,"key":"Bronze Scales"},{"floor":9,"key":"Gremlin Horn"},{"floor":12,"key":"Thread and Needle"},{"floor":21,"key":"Red Mask"},{"floor":24,"key":"Symbiotic Virus"},{"floor":26,"key":"Mango"},{"floor":30,"key":"CaptainsWheel"},{"floor":38,"key":"Prayer Wheel"},{"floor":40,"key":"Mummified Hand"},{"floor":42,"key":"Akabeko"},{"floor":45,"key":"TungstenRod"},{"floor":48,"key":"Toy Ornithopter"},{"floor":55,"key":"Letter Opener"}],"event_choices":[{"cards_removed":["Strike_B"],"damage_healed":0,"gold_gain":0,"player_choice":"Card Removal","damage_taken":7,"max_hp_gain":0,"max_hp_loss":0,"event_name":"Golden Wing","floor":10,"gold_loss":0},{"damage_healed":0,"gold_gain":0,"cards_transformed":["Strike_B"],"player_choice":"Change","damage_taken":0,"max_hp_gain":0,"max_hp_loss":0,"event_name":"Living Wall","floor":13,"gold_loss":0,"cards_obtained":["Beam Cell"]},{"damage_healed":0,"gold_gain":0,"player_choice":"Fought Bandits","damage_taken":0,"max_hp_gain":0,"max_hp_loss":0,"event_name":"Masked Bandits","floor":21,"gold_loss":0},{"damage_healed":0,"gold_gain":0,"player_choice":"Fight","damage_taken":0,"max_hp_gain":0,"max_hp_loss":0,"event_name":"Mysterious Sphere","floor":38,"gold_loss":0},{"cards_removed":["FTL"],"damage_healed":24,"gold_gain":0,"player_choice":"Offered Uncommon","damage_taken":0,"max_hp_gain":0,"max_hp_loss":0,"event_name":"Bonfire Elementals","floor":39,"gold_loss":0}],"is_beta":false,"boss_relics":[{"not_picked":["Sozu","Astrolabe"],"picked":"Snecko Eye"},{"not_picked":["Black Star","Runic Pyramid"],"picked":"Philosopher\u0027s Stone"}],"items_purged_floors":[20],"is_endless":false,"potions_floor_spawned":[1,3,12,14,16,19,24,27,30,31,35,38,40,42,47],"ascension_level":20,"potion_discard_per_floor":[[],[],[],[],[],[],[],[],[],[],[],[],[],[],[],[],[],[],["FearPotion"],[],[],[],[],[],[],[],["SteroidPotion"],[],[],[],["Swift Potion"],[],[],[],[],[],[],[],[],[],[],["DuplicationPotion"],[],[],[],[],[],[],[],[],[],[],[],[],[],[],[]]}