{"neow_bonuses_skipped_log":["THREE_ENEMY_KILL","REMOVE_TWO","BOSS_RELIC"],"neow_costs_skipped_log":["NONE","PERCENT_DAMAGE","NONE"],"potions_obtained_entropic_brew":[[],[],[],[],[],[],[],[],[],[],[],[],[],[],[],[],[],[],[],[],[],[],[],[],[],[],[],[],[],[],[],[],[],[],[],[],[],[],[],[],[],[],[],[],[],[],[],[],[],[],[],[],[],[],[],[],[]],"gold_per_floor":[112,129,129,149,169,169,200,211,211,211,228,254,265,49,49,127,127,144,159,179,179,104,130,130,149,149,175,175,203,217,230,230,308,308,326,340,8,8,19,49,49,49,49,64,98,118,177,188,188,188,188,188,188,54,88,88],"floor_reached":57,"playtime":7682,"items_purged":["Defend_B","Defend_B","Strike_B"],"score":3461,"play_id":"c70b692d-8f7b-434b-aa0b-77d8c1a945ef","local_time":"20230430183744","falling_options_log":["Doom and Gloom","Coolheaded"],"score_breakdown":["Floors Climbed (57): 285","Enemies Slain (19): 38","Exordium Elites Killed (2): 20","City Elites Killed (3): 60","Beyond Elites Killed (3): 90","Bosses Slain (5): 750","Librarian: 25","Champion (5): 125","Beyond Perfect: 200","Overkill: 25","Ascension (20): 1593","Heartbreaker: 250"],"is_ascension_mode":true,"potions_obtained_alchemize":[[],[],[],[],[],[],[],[],[],[],[],[],[],[],[],[],[],[],[],[],[],[],[],[],[],[],[],[],[],[],[],[],[],[],[],[],[],[],[],[],[],[],[],[],[],[],[],[],[],[],[],[],[],[],[],[],[]],"campfire_choices":[{"floor":6,"key":"REST"},{"floor":10,"key":"REST"},{"floor":15,"key":"REST"},{"data":"Loop","floor":32,"key":"SMITH"},{"data":"Ghostly","floor":41,"key":"SMITH"},{"floor":49,"key":"RECALL"},{"data":"Ghostly","floor":53,"key":"SMITH"}],"lesson_learned_per_floor":[[],[],[],[],[],[],[],[],[],[],[],[],[],[],[],[],[],[],[],[],[],[],[],[],[],[],[],[],[],[],[],[],[],[],[],[],[],[],[],[],[],[],[],[],[],[],[],[],[],[],[],[],[],[],[],[],[]],"neow_cost":"NONE","improvable_cards":{},"seed_source_timestamp":9000410931085,"shop_contents":[{"floor":14,"relics":["Mummified Hand","StoneCalendar"],"cards":["Go for the Eyes","Sweeping Beam","Consume","Steam Power","Swift Strike","Secret Weapon"],"potions":["PowerPotion","Energy Potion","Energy Potion"]},{"floor":22,"relics":["Sundial","Symbiotic Virus","Chemical X"],"cards":["Melter","Streamline","Steam","Leap","Capacitor+1","Mind Blast","Mayhem+1"],"potions":["Explosive Potion","Block Potion","Swift Potion"]},{"floor":37,"relics":["HornCleat","Dream Catcher"],"cards":["Barrage","Beam Cell","Conserve Battery","Reboot","Swift Strike","Panache+1"],"potions":["FearPotion","Ancient Potion","ColorlessPotion"]},{"floor":54,"relics":["Unceasing Top","Akabeko","Lee\u0027s Waffle"],"cards":["Gash","Compile Driver","Double Energy","Turbo","Impatience","Thinking Ahead"],"potions":["Weak Potion","Strength Potion","GamblersBrew"]}],"circlet_count":0,"master_deck":["AscendersBane","Strike_B","Strike_B","Defend_B","Defend_B","Zap+1","Dualcast","Coolheaded","Loop+1","Steam Power","Compile Driver","Undo","Steam","White Noise","Doom and Gloom","Defragment+1","Electrodynamics+1","Hologram","Skim","Force Field+1","Ghostly","Ghostly+1","Ghostly+1","Cold Snap+1","Undo","Buffer+1","Chill","Barrage","Core Surge","Glacier","Defragment+1","Defragment+1","Coolheaded","Loop+1","Redo","Hologram","BootSequence+1","Storm+1","Chill"],"potion_use_per_floor":[[],[],[],[],["Explosive Potion"],[],[],[],[],[],[],[],[],[],[],[],[],[],[],[],[],[],[],[],[],[],[],[],[],[],[],[],[],[],[],[],[],[],[],[],[],[],[],[],[],[],[],[],[],[],[],[],[],[],["Swift Potion"],["PowerPotion","Strength Potion"],[]],"relics":["Cracked Core","Gremlin Horn","Bottled Lightning","Frozen Egg 2","Runic Capacitor","Velvet Choker","Orichalcum","Eternal Feather","Meat on the Bone","Nuclear Battery","Toolbox","Lizard Tail","Dead Branch","Smiling Mask","Bag of Marbles"],"potions_floor_usage":[5,55,56,56],"damage_taken":[{"damage":13,"enemies":"2 Louse","floor":1,"turns":3},{"damage":0,"enemies":"Cultist","floor":2,"turns":3},{"damage":9,"enemies":"Small Slimes","floor":4,"turns":4},{"damage":0,"enemies":"3 Louse","floor":5,"turns":1},{"damage":51,"enemies":"Gremlin Nob","floor":7,"turns":4},{"damage":2,"enemies":"2 Fungi Beasts","floor":8,"turns":4},{"damage":9,"enemies":"Exordium Wildlife","floor":11,"turns":6},{"damage":1,"enemies":"Lagavulin","floor":12,"turns":7},{"damage":4,"enemies":"Lots of Slimes","floor":13,"turns":3},{"damage":15,"enemies":"The Guardian","floor":16,"turns":9},{"damage":1,"enemies":"Spheric Guardian","floor":18,"turns":3},{"damage":22,"enemies":"2 Thieves","floor":19,"turns":4},{"damage":13,"enemies":"Snecko","floor":20,"turns":4},{"damage":44,"enemies":"Slavers","floor":23,"turns":2},{"damage":0,"enemies":"Centurion and Healer","floor":25,"turns":4},{"damage":0,"enemies":"Gremlin Leader","floor":27,"turns":5},{"damage":8,"enemies":"Book of Stabbing","floor":29,"turns":5},{"damage":0,"enemies":"Chosen and Byrds","floor":30,"turns":5},{"damage":0,"enemies":"Snecko","floor":31,"turns":9},{"damage":0,"enemies":"Automaton","floor":33,"turns":11},{"damage":0,"enemies":"3 Darklings","floor":35,"turns":3},{"damage":1,"enemies":"3 Shapes","floor":36,"turns":5},{"damage":0,"enemies":"Sphere and 2 Shapes","floor":39,"turns":3},{"damage":0,"enemies":"Giant Head","floor":40,"turns":13},{"damage":0,"enemies":"Maw","floor":44,"turns":7},{"damage":0,"enemies":"Reptomancer","floor":45,"turns":6},{"damage":0,"enemies":"Transient","floor":46,"turns":6},{"damage":0,"enemies":"Nemesis","floor":47,"turns":39},{"damage":0,"enemies":"Jaw Worm Horde","floor":48,"turns":7},{"damage":0,"enemies":"Awakened One","floor":50,"turns":35},{"damage":0,"enemies":"Donu and Deca","floor":51,"turns":12},{"damage":0,"enemies":"Shield and Spear","floor":55,"turns":5},{"damage":20,"enemies":"The Heart","floor":56,"turns":9}],"green_key_taken_log":47,"seed_played":"-6018798416688474701","neow_bonus_log":{"cardsObtained":[],"cardsUpgraded":["Zap"],"cardsRemoved":[],"cardsTransformed":[],"relicsObtained":[],"maxHpGained":0,"goldGained":0,"damageTaken":0,"goldLost":0,"maxHpLost":0},"potions_obtained":[{"floor":2,"key":"Explosive Potion"},{"floor":8,"key":"EssenceOfSteel"},{"floor":12,"key":"Swift Potion"},{"floor":13,"key":"PowerPotion"},{"floor":55,"key":"Strength Potion"}],"is_trial":false,"path_per_floor":["M","M","?","M","M","R","E","M","T","R","M","E","M","$","R","B",null,"M","M","M","?","$","E","?","M","T","E","?","E","M","M","R","B",null,"M","M","$","?","M","E","R","?","T","M","E","M","E","M","R","B","B",null,"R","$","E","B",null],"character_chosen":"DEFECT","basemod:card_modifiers":[null,null,null,null,null,null,null,null,null,null,null,null,null,null,null,null,null,null,null,null,null,null,null,null,null,null,null,null,null,null,null,null,null,null,null,null,null,null,null],"items_purchased":["Defragment+1","Runic Capacitor","Defragment+1","Toolbox","Storm+1"],"campfire_rested":3,"item_purchase_floors":[14,14,37,37,54],"current_hp_per_floor":[51,51,51,42,42,63,12,10,10,31,22,21,17,17,38,33,62,71,59,46,46,46,12,12,22,22,32,32,34,35,35,35,35,35,35,35,35,35,35,35,35,30,30,30,30,30,30,30,35,35,35,35,35,35,35,27],"gold":88,"neow_bonus":"UPGRADE_CARD","is_prod":false,"is_daily":false,"rewards_skipped":[{"floor":16,"relics":[],"potions":["SteroidPotion"]},{"floor":18,"relics":[],"potions":["BlessingOfTheForge"]},{"floor":21,"relics":[],"potions":["SpeedPotion","Dexterity Potion"]},{"floor":23,"relics":["Bottled Flame"],"potions":[]},{"floor":25,"relics":[],"potions":["DuplicationPotion"]},{"floor":29,"relics":[],"potions":["BlessingOfTheForge"]},{"floor":30,"relics":[],"potions":["Fire Potion"]},{"floor":33,"relics":[],"potions":["SneckoOil"]},{"floor":35,"relics":[],"potions":["ColorlessPotion"]},{"floor":40,"relics":[],"potions":["CultistPotion"]},{"floor":44,"relics":[],"potions":["EssenceOfDarkness"]}],"chose_seed":false,"campfire_upgraded":3,"win_rate":0,"floor_exit_playtime":[232,303,309,464,553,576,1077,1142,1175,1189,1272,1634,1723,1742,1751,1970,2260,2367,2446,2644,2664,2753,3021,3063,3181,3193,3301,3492,3715,3827,4034,4075,4451,4557,4653,4731,4758,4795,4951,5187,5215,5228,5231,5385,5528,5629,6185,6323,6327,6824,7039,7050,7058,7205,7392,7682],"timestamp":1682894264,"blue_key_relic_skipped_log":{"floor":43,"relicID":"Shuriken"},"path_taken":["M","M","?","M","M","R","E","M","T","R","M","E","M","?","R","BOSS","M","M","M","?","?","E","?","M","T","E","?","E","M","M","R","BOSS","M","M","$","?","M","E","R","?","T","M","E","M","E","M","R","BOSS","BOSS","R","$","E","BOSS"],"build_version":"2022-12-18","purchased_purges":3,"victory":true,"max_hp_per_floor":[71,71,71,71,71,71,71,71,71,71,71,71,71,71,71,71,71,71,71,71,71,71,71,35,35,35,35,35,35,35,35,35,35,35,35,35,35,35,35,35,35,35,35,35,35,35,35,35,35,35,35,35,35,35,35,35],"relic_stats":{"Lizard Tail":0,"Gremlin Horn":[34,34],"counters":[33,245],"Dead Branch":[111],"Eternal Feather":5,"Bottled Lightning":"Steam Power","Orichalcum":[246],"Smiling Mask":75,"obtain_stats":[{"Gremlin Horn":7,"Dead Branch":45,"Velvet Choker":17,"Eternal Feather":27,"Runic Capacitor":14,"Frozen Egg 2":12,"Orichalcum":26,"Smiling Mask":47,"Nuclear Battery":34,"Lizard Tail":40,"Toolbox":37,"Bag of Marbles":55,"Bottled Lightning":9,"Cracked Core":0,"Meat on the Bone":29},{"Gremlin Horn":5,"Dead Branch":26,"Velvet Choker":10,"Eternal Feather":16,"Runic Capacitor":9,"Frozen Egg 2":8,"Orichalcum":15,"Smiling Mask":28,"Nuclear Battery":20,"Lizard Tail":24,"Toolbox":22,"Bag of Marbles":32,"Bottled Lightning":6,"Cracked Core":0,"Meat on the Bone":17},{"Gremlin Horn":15,"Dead Branch":132,"Velvet Choker":44,"Eternal Feather":66,"Runic Capacitor":35,"Frozen Egg 2":32,"Orichalcum":61,"Smiling Mask":177,"Nuclear Battery":96,"Lizard Tail":120,"Toolbox":104,"Bag of Marbles":236,"Bottled Lightning":19,"Cracked Core":0,"Meat on the Bone":71}],"Meat on the Bone":12},"card_choices":[{"not_picked":["Auto Shields","Rebound"],"picked":"Coolheaded","floor":1},{"not_picked":["Gash","Steam"],"picked":"Loop","floor":2},{"not_picked":["Force Field","Darkness"],"picked":"Steam Power","floor":4},{"not_picked":["Gash","Fusion"],"picked":"Compile Driver","floor":5},{"not_picked":["Coolheaded","Auto Shields"],"picked":"Undo","floor":7},{"not_picked":["Tempest","Storm"],"picked":"Steam","floor":8},{"not_picked":["Redo","Machine Learning"],"picked":"White Noise","floor":11},{"not_picked":["Turbo","Skim"],"picked":"Doom and Gloom","floor":12},{"not_picked":["Chaos","Redo"],"picked":"Self Repair+1","floor":13},{"not_picked":["Rainbow","Buffer+1"],"picked":"Electrodynamics+1","floor":16},{"not_picked":["Beam Cell+1","Compile Driver"],"picked":"Hologram","floor":18},{"not_picked":["Turbo","Redo"],"picked":"Skim","floor":19},{"not_picked":["Ball Lightning","Darkness","Fusion"],"picked":"SKIP","floor":20},{"not_picked":["Scrape","Blizzard"],"picked":"Force Field+1","floor":23},{"not_picked":["Redo","Stack"],"picked":"Cold Snap+1","floor":25},{"not_picked":["Melter","Streamline","Force Field"],"picked":"SKIP","floor":27},{"not_picked":["Machine Learning+1","Storm+1","Turbo","Doom and Gloom","Ball Lightning","Capacitor+1","Compile Driver","Heatsinks+1","Hologram","Aggregate","Steam","Sweeping Beam","Darkness","Chaos","Meteor Strike","Beam Cell","Stack","Barrage","Conserve Battery"],"picked":"Undo","floor":28},{"not_picked":["Aggregate","Chaos"],"picked":"Buffer+1","floor":29},{"not_picked":["Hologram","Hello World+1"],"picked":"Chill","floor":30},{"not_picked":["Go for the Eyes","Ball Lightning","Barrage"],"picked":"SKIP","floor":31},{"not_picked":["Go for the Eyes","Ball Lightning"],"picked":"Barrage","floor":31},{"not_picked":["Amplify","Reboot"],"picked":"Core Surge","floor":33},{"not_picked":["Go for the Eyes","Gash"],"picked":"Glacier","floor":35},{"not_picked":["Reprogram","Leap+1"],"picked":"Defragment+1","floor":36},{"not_picked":["Conserve Battery","Turbo+1","FTL"],"picked":"SKIP","floor":39},{"not_picked":["Tempest","Barrage"],"picked":"Coolheaded","floor":40},{"not_picked":["FTL","Beam Cell"],"picked":"Loop+1","floor":44},{"not_picked":["Melter+1","Scrape+1"],"picked":"Redo","floor":45},{"not_picked":["Cold Snap","Core Surge"],"picked":"Hologram","floor":46},{"not_picked":["Streamline+1","Hologram"],"picked":"BootSequence+1","floor":47},{"not_picked":["Gash+1","Redo+1","Reinforced Body"],"picked":"SKIP","floor":48},{"not_picked":["Scrape","Ball Lightning"],"picked":"Chill","floor":55}],"player_experience":5641110,"relics_obtained":[{"floor":7,"key":"Gremlin Horn"},{"floor":9,"key":"Bottled Lightning"},{"floor":12,"key":"Frozen Egg 2"},{"floor":26,"key":"Orichalcum"},{"floor":27,"key":"Eternal Feather"},{"floor":29,"key":"Meat on the Bone"},{"floor":40,"key":"Lizard Tail"},{"floor":45,"key":"Dead Branch"},{"floor":47,"key":"Smiling Mask"},{"floor":55,"key":"Bag of Marbles"}],"event_choices":[{"cards_removed":["Strike_B"],"damage_healed":0,"gold_gain":0,"player_choice":"Purged","damage_taken":0,"max_hp_gain":0,"max_hp_loss":0,"event_name":"Purifier","floor":3,"gold_loss":0},{"damage_healed":0,"gold_gain":0,"player_choice":"Got Potions","damage_taken":0,"max_hp_gain":0,"max_hp_loss":0,"event_name":"Lab","floor":21,"gold_loss":0},{"damage_healed":0,"gold_gain":0,"player_choice":"Became a Ghost","damage_taken":0,"max_hp_gain":0,"max_hp_loss":36,"event_name":"Ghosts","floor":24,"gold_loss":0,"cards_obtained":["Ghostly","Ghostly","Ghostly"]},{"damage_healed":0,"gold_gain":0,"player_choice":"Read","damage_taken":0,"max_hp_gain":0,"max_hp_loss":0,"event_name":"The Library","floor":28,"gold_loss":0,"cards_obtained":["Undo"]},{"cards_removed":["Self Repair"],"damage_healed":0,"gold_gain":0,"player_choice":"Removed Power","damage_taken":0,"max_hp_gain":0,"max_hp_loss":0,"event_name":"Falling","floor":38,"gold_loss":0},{"damage_healed":0,"gold_gain":0,"player_choice":"Damaged","damage_taken":5,"max_hp_gain":0,"max_hp_loss":0,"event_name":"Wheel of Change","floor":42,"gold_loss":0}],"is_beta":false,"boss_relics":[{"not_picked":["Sozu","Ectoplasm"],"picked":"Velvet Choker"},{"not_picked":["Fusion Hammer","Empty Cage"],"picked":"Nuclear Battery"}],"items_purged_floors":[22,37,54],"is_endless":false,"potions_floor_spawned":[2,8,12,13,16,18,25,29,30,33,35,40,44,55],"ascension_level":20,"potion_discard_per_floor":[[],[],[],[],[],[],[],[],[],[],[],[],["EssenceOfSteel"],[],[],[],[],[],[],[],[],[],[],[],[],[],[],[],[],[],[],[],[],[],[],[],[],[],[],[],[],[],[],[],[],[],[],[],[],[],[],[],[],[],[],[],[]]}