{"neow_bonuses_skipped_log":["UPGRADE_CARD","THREE_ENEMY_KILL","RANDOM_COLORLESS_2"],"neow_costs_skipped_log":["NONE","NONE","CURSE"],"potions_obtained_entropic_brew":[[],[],[],[],[],[],[],[],[],[],[],["LiquidMemories"],[],[],[],[],[],[],[],[],[],[],[],[],[],[],[],[],[],[],[],[],[],[],[],[],[],[],[],[],[],[],[],[],[],[],[],[],[],[],[],[],[],[],[],[],[]],"gold_per_floor":[116,127,127,140,4,4,31,49,98,98,115,131,165,176,176,250,250,264,9,25,25,39,39,64,64,64,64,98,125,125,143,143,217,217,230,22,35,86,106,141,141,164,219,219,232,259,287,321,321,321,321,321,321,37,72,72],"floor_reached":57,"playtime":7369,"items_purged":["Strike_B","Zap"],"score":3330,"play_id":"7b132d0e-1297-4510-a387-33b2d586cd12","local_time":"20230428192304","score_breakdown":["Floors Climbed (57): 285","Enemies Slain (15): 30","Exordium Elites Killed (2): 20","City Elites Killed (3): 60","Beyond Elites Killed (4): 120","Bosses Slain (5): 750","Collector (1): 25","Librarian: 25","Champion (6): 150","Perfect (1): 50","Overkill: 25","C-c-c-combo: 25","Ascension (20): 1515","Heartbreaker: 250"],"is_ascension_mode":true,"potions_obtained_alchemize":[[],[],[],[],[],[],[],[],[],[],[],[],[],[],[],[],[],[],[],[],[],[],[],[],[],[],[],[],[],[],[],[],[],[],[],[],[],[],[],[],[],[],[],[],[],[],[],[],[],[],[],[],[],[],[],[],[]],"campfire_choices":[{"data":"Coolheaded","floor":6,"key":"SMITH"},{"data":"Skim","floor":10,"key":"SMITH"},{"data":"Coolheaded","floor":15,"key":"SMITH"},{"data":"Redo","floor":23,"key":"SMITH"},{"data":"Secret Technique","floor":25,"key":"SMITH"},{"data":"Hologram","floor":27,"key":"SMITH"},{"data":"Coolheaded","floor":30,"key":"SMITH"},{"data":"Go for the Eyes","floor":32,"key":"SMITH"},{"data":"Defragment","floor":41,"key":"SMITH"},{"floor":44,"key":"RECALL"},{"data":"Dualcast","floor":49,"key":"SMITH"},{"data":"Double Energy","floor":53,"key":"SMITH"}],"lesson_learned_per_floor":[[],[],[],[],[],[],[],[],[],[],[],[],[],[],[],[],[],[],[],[],[],[],[],[],[],[],[],[],[],[],[],[],[],[],[],[],[],[],[],[],[],[],[],[],[],[],[],[],[],[],[],[],[],[],[],[],[]],"neow_cost":"NONE","improvable_cards":{},"seed_source_timestamp":535457967010,"shop_contents":[{"floor":5,"relics":["Gambling Chip","Regal Pillow","Toolbox"],"cards":["Ball Lightning","Meteor Strike","Stack","Aggregate","Flash of Steel","Sadistic Nature"],"potions":["SpeedPotion","SkillPotion"]},{"floor":19,"relics":["MealTicket","Bag of Marbles","Medical Kit"],"cards":["Rip and Tear","Blizzard","Steam","Conserve Battery","Storm","Deep Breath"],"potions":["SpeedPotion","Explosive Potion","DistilledChaos"]},{"floor":36,"relics":["Dream Catcher","Pen Nib","Mummified Hand"],"cards":["Barrage","Rebound","Conserve Battery","Double Energy","Capacitor","Flash of Steel","Metamorphosis"],"potions":["PowerPotion","SpeedPotion","SpeedPotion"]},{"floor":54,"relics":["Toy Ornithopter","Ginger","Mercury Hourglass"],"cards":["Sunder","Lockon","Stack","Force Field","Storm","Chrysalis","Mayhem"],"potions":["Fire Potion","Regen Potion","PowerPotion"]}],"circlet_count":0,"master_deck":["AscendersBane","Strike_B+1","Defend_B","Defend_B","Defend_B+1","Dualcast+1","Ball Lightning","Coolheaded+1","Hologram+1","Self Repair","Electrodynamics","Skim+1","Beam Cell","Go for the Eyes+1","Core Surge+1","Coolheaded+1","All For One","Melter+1","Chaos+1","Turbo+1","Coolheaded+1","Secret Technique+1","Fusion+1","Redo+1","Glacier","Blizzard+1","Double Energy+1","Meteor Strike","Echo Form","Coolheaded+1","Skim+1","Defragment+1","Skim+1","Defragment+1","Coolheaded+1","Turbo","Purity","All For One"],"potion_use_per_floor":[[],[],[],[],["Fruit Juice"],[],["AttackPotion"],[],[],[],[],["EntropicBrew"],[],[],[],[],[],[],[],[],[],[],[],[],[],[],[],[],[],[],[],[],[],[],[],[],[],[],[],[],[],[],[],[],[],[],[],[],[],[],[],[],[],[],[],["FocusPotion","GamblersBrew"],[]],"relics":["Runic Dome","Eternal Feather","Happy Flower","Whetstone","Astrolabe","Enchiridion","WingedGreaves","The Courier","Incense Burner","Orichalcum","Nuclear Battery","DollysMirror","Turnip","Bag of Preparation","DataDisk","Blue Candle","War Paint","Pocketwatch","Orrery","Strawberry"],"potions_floor_usage":[5,7,12,56,56],"damage_taken":[{"damage":12,"enemies":"Jaw Worm","floor":1,"turns":4},{"damage":2,"enemies":"2 Louse","floor":2,"turns":2},{"damage":0,"enemies":"Cultist","floor":4,"turns":3},{"damage":8,"enemies":"Gremlin Nob","floor":7,"turns":3},{"damage":3,"enemies":"3 Louse","floor":8,"turns":4},{"damage":0,"enemies":"Blue Slaver","floor":11,"turns":5},{"damage":0,"enemies":"Exordium Thugs","floor":12,"turns":3},{"damage":16,"enemies":"Lagavulin","floor":13,"turns":7},{"damage":8,"enemies":"Looter","floor":14,"turns":2},{"damage":17,"enemies":"The Guardian","floor":16,"turns":12},{"damage":15,"enemies":"Shell Parasite","floor":18,"turns":3},{"damage":11,"enemies":"2 Thieves","floor":20,"turns":4},{"damage":1,"enemies":"Snecko","floor":22,"turns":4},{"damage":29,"enemies":"Slavers","floor":24,"turns":3},{"damage":0,"enemies":"Gremlin Leader","floor":28,"turns":4},{"damage":16,"enemies":"Slavers","floor":29,"turns":5},{"damage":21,"enemies":"Chosen and Byrds","floor":31,"turns":7},{"damage":40,"enemies":"Automaton","floor":33,"turns":9},{"damage":1,"enemies":"3 Shapes","floor":35,"turns":2},{"damage":26,"enemies":"3 Darklings","floor":37,"turns":11},{"damage":11,"enemies":"2 Orb Walkers","floor":38,"turns":5},{"damage":0,"enemies":"Spire Growth","floor":39,"turns":3},{"damage":0,"enemies":"Giant Head","floor":40,"turns":3},{"damage":0,"enemies":"Transient","floor":45,"turns":6},{"damage":0,"enemies":"Nemesis","floor":46,"turns":3},{"damage":1,"enemies":"Giant Head","floor":47,"turns":5},{"damage":0,"enemies":"Reptomancer","floor":48,"turns":4},{"damage":23,"enemies":"Time Eater","floor":50,"turns":26},{"damage":0,"enemies":"Donu and Deca","floor":51,"turns":5},{"damage":1,"enemies":"Shield and Spear","floor":55,"turns":5},{"damage":23,"enemies":"The Heart","floor":56,"turns":7}],"green_key_taken_log":24,"seed_played":"-5315985585260619821","neow_bonus_log":{"cardsObtained":[],"cardsUpgraded":[],"cardsRemoved":[],"cardsTransformed":[],"relicsObtained":["Runic Dome"],"maxHpGained":0,"goldGained":0,"damageTaken":0,"goldLost":0,"maxHpLost":0},"potions_obtained":[{"floor":1,"key":"Fruit Juice"},{"floor":4,"key":"AttackPotion"},{"floor":8,"key":"EntropicBrew"},{"floor":45,"key":"GamblersBrew"}],"is_trial":false,"path_per_floor":["M","M","?","M","$","R","E","M","T","R","M","M","E","M","R","B",null,"M","$","M","?","M","R","E","R","T","R","E","E","R","M","R","B",null,"M","$","M","?","M","E","R","T","T","R","M","E","E","E","R","B","B",null,"R","$","E","B",null],"character_chosen":"DEFECT","basemod:card_modifiers":[null,null,null,null,null,null,null,null,null,null,null,null,null,null,null,null,null,null,null,null,null,null,null,null,null,null,null,null,null,null,null,null,null,null,null,null,null,null],"items_purchased":["Self Repair","FocusPotion","Secret Technique","DollysMirror","Orrery","Purity","All For One"],"campfire_rested":0,"item_purchase_floors":[5,5,19,36,54,54,54],"current_hp_per_floor":[52,50,71,71,76,76,75,76,76,76,76,76,67,66,76,66,74,66,66,62,41,47,62,40,55,55,70,76,67,76,62,76,43,68,74,74,62,58,72,76,76,76,76,76,76,76,76,76,76,67,74,76,76,76,83,67],"gold":72,"neow_bonus":"BOSS_RELIC","is_prod":false,"is_daily":false,"rewards_skipped":[{"floor":12,"relics":[],"potions":["DistilledChaos"]},{"floor":13,"relics":[],"potions":["ColorlessPotion"]},{"floor":16,"relics":[],"potions":["DuplicationPotion"]},{"floor":22,"relics":[],"potions":["Swift Potion"]},{"floor":28,"relics":[],"potions":["FocusPotion"]},{"floor":29,"relics":[],"potions":["Swift Potion"]},{"floor":38,"relics":[],"potions":["PowerPotion"]},{"floor":40,"relics":[],"potions":["Energy Potion"]},{"floor":48,"relics":[],"potions":["Dexterity Potion"]}],"chose_seed":false,"campfire_upgraded":11,"win_rate":0,"floor_exit_playtime":[246,348,352,390,406,413,576,642,674,699,836,968,1069,1090,1104,1322,1544,1671,1716,1852,1865,1986,2028,2186,2222,2230,2237,2486,2674,2687,2831,2854,3162,3239,3333,3471,3903,4143,4219,4417,4467,4482,4519,4527,4829,4989,5199,5386,5410,5916,6247,6258,6272,6339,6702,7369],"timestamp":1682724184,"blue_key_relic_skipped_log":{"floor":43,"relicID":"Ancient Tea Set"},"path_taken":["M","M","?","M","$","R","E","M","T","R","M","M","E","M","R","BOSS","M","$","M","?","M","R","E","R","T","R","E","E","R","M","R","BOSS","M","$","M","?","M","E","R","?","T","R","M","E","E","E","R","BOSS","BOSS","R","$","E","BOSS"],"build_version":"2022-12-18","purchased_purges":2,"victory":true,"max_hp_per_floor":[71,71,71,71,76,76,76,76,76,76,76,76,76,76,76,76,76,76,76,76,76,76,76,76,76,76,76,76,76,76,76,76,76,76,76,76,76,76,76,76,76,76,76,76,76,76,76,76,76,76,76,76,76,76,83,83],"relic_stats":{"Happy Flower":[51],"counters":[31,169],"Astrolabe":["Melter","Chaos","Turbo"],"Blue Candle":[2],"Eternal Feather":78,"The Courier":123,"Bag of Preparation":[16],"Whetstone":["Core Surge","Strike_B"],"Orichalcum":[102],"War Paint":["Skim","Defend_B"],"WingedGreaves":3,"Turnip":[5],"obtain_stats":[{"Happy Flower":9,"Astrolabe":17,"Blue Candle":46,"Enchiridion":21,"Eternal Feather":7,"The Courier":26,"Incense Burner":28,"Bag of Preparation":40,"Whetstone":13,"Orichalcum":29,"War Paint":47,"Nuclear Battery":34,"Runic Dome":0,"DataDisk":42,"DollysMirror":36,"Strawberry":55,"Orrery":54,"WingedGreaves":24,"Turnip":38,"Cracked Core":0,"Pocketwatch":48},{"Happy Flower":5,"Astrolabe":10,"Blue Candle":25,"Enchiridion":12,"Eternal Feather":4,"The Courier":14,"Incense Burner":15,"Bag of Preparation":23,"Whetstone":8,"Orichalcum":16,"War Paint":26,"Nuclear Battery":18,"Runic Dome":0,"DataDisk":23,"DollysMirror":19,"Strawberry":30,"Orrery":29,"WingedGreaves":14,"Turnip":21,"Cracked Core":0,"Pocketwatch":27},{"Happy Flower":16,"Astrolabe":45,"Blue Candle":117,"Enchiridion":52,"Eternal Feather":12,"The Courier":59,"Incense Burner":63,"Bag of Preparation":108,"Whetstone":31,"Orichalcum":68,"War Paint":122,"Nuclear Battery":84,"Runic Dome":0,"DataDisk":108,"DollysMirror":86,"Strawberry":162,"Orrery":157,"WingedGreaves":59,"Turnip":102,"Cracked Core":0,"Pocketwatch":126}],"Pocketwatch":[69]},"card_choices":[{"not_picked":["Loop","Conserve Battery"],"picked":"Ball Lightning","floor":1},{"not_picked":["Cold Snap","Barrage"],"picked":"Coolheaded","floor":2},{"not_picked":["Stack","Coolheaded"],"picked":"Hologram","floor":4},{"not_picked":["Doom and Gloom","Rip and Tear"],"picked":"Electrodynamics","floor":7},{"not_picked":["Steam","Hologram"],"picked":"Skim","floor":8},{"not_picked":["Rip and Tear","Capacitor"],"picked":"Beam Cell","floor":11},{"not_picked":["Gash","Melter"],"picked":"Go for the Eyes","floor":12},{"not_picked":["Rebound","Doom and Gloom"],"picked":"Core Surge","floor":13},{"not_picked":["Rebound","Sweeping Beam"],"picked":"Coolheaded","floor":14},{"not_picked":["Electrodynamics","Fission"],"picked":"All For One","floor":16},{"not_picked":["Turbo+1","Lockon+1"],"picked":"Coolheaded","floor":18},{"not_picked":["Leap","Consume"],"picked":"Fusion+1","floor":20},{"not_picked":["Aggregate","Blizzard"],"picked":"Redo","floor":22},{"not_picked":["Creative AI","Gash+1"],"picked":"Glacier","floor":24},{"not_picked":["Blizzard+1","Static Discharge","Auto Shields"],"picked":"SKIP","floor":28},{"not_picked":["Static Discharge","Auto Shields"],"picked":"Blizzard+1","floor":28},{"not_picked":["Stack","Streamline"],"picked":"Double Energy","floor":29},{"not_picked":["Turbo","Compile Driver"],"picked":"Meteor Strike","floor":31},{"not_picked":["Thunder Strike","Biased Cognition"],"picked":"Echo Form","floor":33},{"not_picked":["Heatsinks","Darkness"],"picked":"Coolheaded+1","floor":35},{"not_picked":["Ball Lightning","Stack+1"],"picked":"Defragment","floor":37},{"not_picked":["Rebound","Barrage"],"picked":"Skim","floor":38},{"not_picked":["Conserve Battery","Double Energy"],"picked":"Defragment+1","floor":39},{"not_picked":["Conserve Battery","Coolheaded","Turbo"],"picked":"SKIP","floor":40},{"not_picked":["Beam Cell+1","Hyperbeam"],"picked":"Coolheaded+1","floor":45},{"not_picked":["Auto Shields+1","Leap","Steam"],"picked":"SKIP","floor":46},{"not_picked":["Streamline","Gash","Rebound"],"picked":"SKIP","floor":47},{"not_picked":["Streamline","Gash","Rebound"],"picked":"SKIP","floor":47},{"not_picked":["Go for the Eyes+1","Rebound","Streamline"],"picked":"SKIP","floor":48},{"not_picked":["Chaos","Steam"],"picked":"Turbo","floor":54},{"not_picked":["White Noise","Rebound","Barrage"],"picked":"SKIP","floor":54},{"not_picked":["Conserve Battery+1","Fission","Turbo"],"picked":"SKIP","floor":54},{"not_picked":["Redo","Go for the Eyes+1","Storm+1"],"picked":"SKIP","floor":54},{"not_picked":["Melter","Steam","Creative AI"],"picked":"SKIP","floor":54},{"not_picked":["Self Repair","Conserve Battery","Heatsinks"],"picked":"SKIP","floor":55}],"player_experience":5626138,"relics_obtained":[{"floor":7,"key":"Eternal Feather"},{"floor":9,"key":"Happy Flower"},{"floor":13,"key":"Whetstone"},{"floor":21,"key":"Enchiridion"},{"floor":24,"key":"WingedGreaves"},{"floor":26,"key":"The Courier"},{"floor":28,"key":"Incense Burner"},{"floor":29,"key":"Orichalcum"},{"floor":38,"key":"Turnip"},{"floor":40,"key":"Bag of Preparation"},{"floor":42,"key":"DataDisk"},{"floor":46,"key":"Blue Candle"},{"floor":47,"key":"War Paint"},{"floor":48,"key":"Pocketwatch"},{"floor":55,"key":"Strawberry"}],"event_choices":[{"damage_healed":23,"gold_gain":0,"player_choice":"Banana","damage_taken":0,"max_hp_gain":0,"max_hp_loss":0,"event_name":"Big Fish","floor":3,"gold_loss":0},{"damage_healed":0,"gold_gain":0,"player_choice":"Obtained Book","damage_taken":21,"max_hp_gain":0,"max_hp_loss":0,"event_name":"Cursed Tome","floor":21,"gold_loss":0},{"damage_healed":0,"gold_gain":0,"player_choice":"Fight","damage_taken":0,"max_hp_gain":0,"max_hp_loss":0,"event_name":"Mysterious Sphere","floor":38,"gold_loss":0}],"is_beta":false,"boss_relics":[{"not_picked":["Philosopher\u0027s Stone","Busted Crown"],"picked":"Astrolabe"},{"not_picked":["Inserter","SacredBark"],"picked":"Nuclear Battery"}],"items_purged_floors":[19,36],"is_endless":false,"potions_floor_spawned":[1,4,8,12,13,16,22,28,29,38,40,45,48],"ascension_level":20,"potion_discard_per_floor":[[],[],[],[],[],[],[],[],[],[],[],[],[],[],[],[],[],[],[],[],[],[],[],[],[],[],[],[],[],[],[],[],[],[],[],[],[],[],[],[],[],[],[],[],["LiquidMemories"],[],[],[],[],[],[],[],[],[],[],[],[]]}