{"neow_bonuses_skipped_log":["TRANSFORM_CARD","TWENTY_PERCENT_HP_BONUS","BOSS_RELIC"],"potions_obtained_entropic_brew":[[],[],[],[],[],[],[],[],[],[],[],[],[],[],[],[],[],[],[],[],[],[],[],[],[],[],[],[],[],[],[],[],[],[],[],[],[],[],[],[],[],[],[],[],[],[],[],[],[],[],[],[],[],[],[],[],[]],"neow_costs_skipped_log":["NONE","NO_GOLD","NONE"],"gold_per_floor":[111,111,130,146,146,175,11,11,37,53,70,95,95,130,130,206,206,216,0,18,18,28,28,40,69,69,102,102,136,136,154,154,232,232,250,250,1249,703,703,729,729,739,811,437,437,437,450,476,476,476,476,476,476,78,113,113],"floor_reached":57,"playtime":5779,"items_purged":["Normality","Zap","Dualcast"],"score":2922,"play_id":"18d50e21-9fc0-4534-bfee-275f0226f066","local_time":"20230512182118","score_breakdown":["Floors Climbed (57): 285","Enemies Slain (13): 26","Exordium Elites Killed (3): 30","City Elites Killed (3): 60","Beyond Elites Killed (2): 60","Bosses Slain (5): 750","I Like Shiny: 50","Money Money (1712): 25","Well Fed: 25","Champion (1): 25","Perfect (1): 50","Ascension (20): 1286","Heartbreaker: 250"],"is_ascension_mode":true,"potions_obtained_alchemize":[[],[],[],[],[],[],[],[],[],[],[],[],[],[],[],[],[],[],[],[],[],[],[],[],[],[],[],[],[],[],[],[],[],[],[],[],[],[],[],[],[],[],[],[],[],[],[],[],[],[],[],[],[],[],[],[],[]],"campfire_choices":[{"data":"Sweeping Beam","floor":8,"key":"SMITH"},{"data":"Go for the Eyes","floor":15,"key":"SMITH"},{"data":"Strike_B","floor":23,"key":"PURGE"},{"data":"Shame","floor":30,"key":"PURGE"},{"data":"Strike_B","floor":32,"key":"PURGE"},{"data":"Normality","floor":41,"key":"PURGE"},{"floor":45,"key":"RECALL"},{"data":"Defend_B","floor":49,"key":"PURGE"},{"data":"Defend_B","floor":53,"key":"PURGE"}],"lesson_learned_per_floor":[[],[],[],[],[],[],[],[],[],[],[],[],[],[],[],[],[],[],[],[],[],[],[],[],[],[],[],[],[],[],[],[],[],[],[],[],[],[],[],[],[],[],[],[],[],[],[],[],[],[],[],[],[],[],[],[],[]],"neow_cost":"NONE","improvable_cards":{"RitualDagger":[63]},"seed_source_timestamp":15035205708035,"shop_contents":[{"floor":7,"relics":["Orichalcum","Du-Vu Doll"],"cards":["Go for the Eyes","Blizzard","Chaos","Glacier","Hello World","PanicButton","Mayhem"],"potions":["SneckoOil","FearPotion","FearPotion"]},{"floor":19,"relics":["Prayer Wheel","Pen Nib"],"cards":["Beam Cell","Hyperbeam","Darkness","Storm","Enlightenment","Panache"],"potions":["FearPotion","Regen Potion","Weak Potion"]},{"floor":38,"relics":[],"cards":["Lockon","Rebound","Seek","Redo","Storm","Finesse","Sadistic Nature"],"potions":["FearPotion","Weak Potion","SkillPotion"]},{"floor":44,"relics":["StrikeDummy"],"cards":["Go for the Eyes","Streamline","Chaos","Leap","Heatsinks","Trip","Sadistic Nature"],"potions":["FearPotion","PotionOfCapacity","Regen Potion"]},{"floor":54,"relics":["Pear","TungstenRod"],"cards":["Go for the Eyes","Genetic Algorithm+1","Redo+1","Jack Of All Trades+1","Mayhem"],"potions":["Explosive Potion","SneckoOil","FocusPotion"]}],"circlet_count":0,"master_deck":["AscendersBane","Sweeping Beam+1","Tempest","Steam","Chill","Compile Driver","Undo","Go for the Eyes+1","Seek+1","Self Repair","Echo Form","Conserve Battery+1","Hologram","Seek","RitualDagger","Compile Driver","Turbo+1","Beam Cell+1","Biased Cognition","Loop","Meteor Strike","Redo","Seek+1","Chill+1","Cold Snap","Coolheaded+1","Capacitor","All For One"],"potion_use_per_floor":[[],[],[],[],[],["Fire Potion"],[],[],[],[],[],[],[],[],[],[],[],[],[],[],[],[],[],[],["Fire Potion"],[],[],[],[],[],[],[],["Fruit Juice"],[],[],[],[],[],[],[],[],[],[],[],[],[],[],[],[],[],[],[],[],[],[],["DuplicationPotion","DuplicationPotion"],[]],"relics":["Cracked Core","MealTicket","Boot","Chemical X","Toy Ornithopter","Peace Pipe","WingedGreaves","Fusion Hammer","ClockworkSouvenir","Dream Catcher","Darkstone Periapt","Pocketwatch","Smiling Mask","Empty Cage","Bronze Scales","Nunchaku","DollysMirror","Letter Opener","Bottled Lightning","DataDisk","Strange Spoon","InkBottle","Toxic Egg 2","OrangePellets","Kunai"],"potions_floor_usage":[6,25,33,56,56],"damage_taken":[{"damage":10,"enemies":"Small Slimes","floor":1,"turns":3},{"damage":4,"enemies":"Jaw Worm","floor":3,"turns":4},{"damage":0,"enemies":"Cultist","floor":4,"turns":3},{"damage":9,"enemies":"Gremlin Nob","floor":6,"turns":3},{"damage":13,"enemies":"Large Slime","floor":10,"turns":4},{"damage":0,"enemies":"2 Fungi Beasts","floor":11,"turns":3},{"damage":6,"enemies":"Lagavulin","floor":12,"turns":7},{"damage":11,"enemies":"Gremlin Nob","floor":14,"turns":3},{"damage":14,"enemies":"The Guardian","floor":16,"turns":17},{"damage":9,"enemies":"Shell Parasite","floor":18,"turns":6},{"damage":10,"enemies":"Spheric Guardian","floor":20,"turns":6},{"damage":0,"enemies":"Snecko","floor":22,"turns":6},{"damage":15,"enemies":"Snake Plant","floor":24,"turns":4},{"damage":3,"enemies":"Gremlin Leader","floor":25,"turns":5},{"damage":21,"enemies":"Book of Stabbing","floor":27,"turns":4},{"damage":1,"enemies":"Gremlin Leader","floor":29,"turns":7},{"damage":7,"enemies":"Centurion and Healer","floor":31,"turns":5},{"damage":12,"enemies":"Champ","floor":33,"turns":19},{"damage":0,"enemies":"3 Shapes","floor":35,"turns":3},{"damage":54,"enemies":"Nemesis","floor":40,"turns":9},{"damage":14,"enemies":"Orb Walker","floor":42,"turns":4},{"damage":0,"enemies":"3 Darklings","floor":47,"turns":5},{"damage":0,"enemies":"Reptomancer","floor":48,"turns":2},{"damage":39,"enemies":"Time Eater","floor":50,"turns":19},{"damage":0,"enemies":"Awakened One","floor":51,"turns":20},{"damage":16,"enemies":"Shield and Spear","floor":55,"turns":6},{"damage":40,"enemies":"The Heart","floor":56,"turns":8}],"green_key_taken_log":40,"seed_played":"-2619297545829052682","neow_bonus_log":{"cardsObtained":[],"cardsUpgraded":[],"cardsRemoved":[],"cardsTransformed":[],"relicsObtained":["MealTicket"],"maxHpGained":0,"goldGained":0,"damageTaken":0,"goldLost":0,"maxHpLost":0},"potions_obtained":[{"floor":3,"key":"Fire Potion"},{"floor":11,"key":"Fire Potion"},{"floor":12,"key":"Strength Potion"},{"floor":24,"key":"Fruit Juice"},{"floor":27,"key":"DuplicationPotion"},{"floor":33,"key":"BlessingOfTheForge"},{"floor":42,"key":"FocusPotion"},{"floor":55,"key":"DuplicationPotion"}],"is_trial":false,"path_per_floor":["M","?","M","M","?","E","$","R","T","M","M","E","?","E","R","B",null,"M","$","M","?","M","R","M","E","T","E","?","E","R","M","R","B",null,"M","?","?","$","?","E","R","M","T","$","R","T","M","E","R","B","B",null,"R","$","E","B",null],"character_chosen":"DEFECT","basemod:card_modifiers":[null,null,null,null,null,null,null,null,null,null,null,null,null,null,null,null,null,null,null,null,null,null,null,null,null,null,null,null],"items_purchased":["Chemical X","ClockworkSouvenir","Hologram","Bronze Scales","Nunchaku","DollysMirror","DataDisk","Strange Spoon","OrangePellets","Capacitor","All For One"],"campfire_rested":0,"item_purchase_floors":[7,19,19,38,38,38,44,44,54,54,54],"current_hp_per_floor":[54,54,50,50,43,34,49,49,49,36,36,30,30,19,19,12,56,54,69,71,65,71,71,70,71,71,57,63,76,76,77,77,82,82,82,78,90,90,90,43,43,43,43,58,58,58,72,79,79,54,68,85,85,90,88,57],"gold":113,"neow_bonus":"RANDOM_COMMON_RELIC","is_prod":false,"is_daily":false,"rewards_skipped":[{"floor":18,"relics":[],"potions":["FairyPotion"]},{"floor":35,"relics":[],"potions":["LiquidBronze"]},{"floor":47,"relics":[],"potions":["CultistPotion"]}],"chose_seed":false,"campfire_upgraded":2,"win_rate":0,"floor_exit_playtime":[291,329,383,411,445,510,542,550,553,592,643,736,742,804,830,1114,1163,1340,1397,1523,1531,1742,1765,2091,2237,2282,2395,2411,2625,2635,2749,2783,3053,3194,3279,3291,3390,3483,3485,3670,3684,3748,3755,3829,3836,3839,4046,4190,4211,4478,4872,4883,4893,4961,5413,5779],"timestamp":1683930078,"blue_key_relic_skipped_log":{"floor":26,"relicID":"CeramicFish"},"path_taken":["M","?","M","M","?","E","$","R","T","M","M","E","?","E","R","BOSS","M","$","?","?","M","R","M","E","T","E","?","E","R","M","R","BOSS","M","?","?","$","?","E","R","M","T","?","R","?","M","E","R","BOSS","BOSS","R","$","E","BOSS"],"build_version":"2022-12-18","purchased_purges":3,"victory":true,"max_hp_per_floor":[71,71,71,71,71,71,71,71,71,71,71,71,71,71,71,71,71,71,71,71,71,71,71,71,71,71,71,77,77,77,77,77,82,82,82,78,90,90,90,90,90,90,90,90,90,90,90,90,90,90,90,90,90,90,90,90],"relic_stats":{"Darkstone Periapt":18,"counters":[27,185],"Letter Opener":[205],"Boot":[82],"Smiling Mask":150,"Peace Pipe":6,"Strange Spoon":[34],"OrangePellets":[4],"Dream Catcher":0,"Nunchaku":[15],"Bronze Scales":[378],"MealTicket":50,"WingedGreaves":3,"Chemical X":[23],"Bottled Lightning":"Seek","Kunai":[6],"obtain_stats":[{"Darkstone Periapt":27,"Boot":6,"Smiling Mask":29,"Empty Cage":34,"ClockworkSouvenir":19,"Dream Catcher":25,"Nunchaku":38,"DollysMirror":38,"MealTicket":0,"WingedGreaves":14,"Fusion Hammer":17,"Chemical X":7,"Kunai":55,"Toxic Egg 2":48,"Cracked Core":0,"InkBottle":46,"Letter Opener":40,"Peace Pipe":12,"Strange Spoon":44,"OrangePellets":54,"DataDisk":44,"Bronze Scales":38,"Bottled Lightning":43,"Toy Ornithopter":9,"Pocketwatch":28},{"Darkstone Periapt":15,"Boot":4,"Smiling Mask":16,"Empty Cage":18,"ClockworkSouvenir":10,"Dream Catcher":14,"Nunchaku":19,"DollysMirror":19,"MealTicket":0,"WingedGreaves":8,"Fusion Hammer":9,"Chemical X":4,"Kunai":26,"Toxic Egg 2":23,"Cracked Core":0,"InkBottle":21,"Letter Opener":20,"Peace Pipe":7,"Strange Spoon":21,"OrangePellets":25,"DataDisk":21,"Bronze Scales":19,"Bottled Lightning":21,"Toy Ornithopter":4,"Pocketwatch":15},{"Darkstone Periapt":78,"Boot":13,"Smiling Mask":85,"Empty Cage":109,"ClockworkSouvenir":53,"Dream Catcher":74,"Nunchaku":112,"DollysMirror":112,"MealTicket":0,"WingedGreaves":30,"Fusion Hammer":47,"Chemical X":13,"Kunai":177,"Toxic Egg 2":132,"Cracked Core":0,"InkBottle":125,"Letter Opener":121,"Peace Pipe":27,"Strange Spoon":125,"OrangePellets":171,"DataDisk":125,"Bronze Scales":112,"Bottled Lightning":125,"Toy Ornithopter":13,"Pocketwatch":78}],"Toy Ornithopter":3,"InkBottle":[32],"Pocketwatch":[138]},"card_choices":[{"not_picked":["Gash","Hello World"],"picked":"Sweeping Beam","floor":1},{"not_picked":["Fusion","Streamline"],"picked":"Steam","floor":3},{"not_picked":["Compile Driver","Auto Shields"],"picked":"Chill","floor":4},{"not_picked":["Stack","Aggregate"],"picked":"Compile Driver","floor":6},{"not_picked":["Consume","FTL"],"picked":"Undo","floor":10},{"not_picked":["Steam Power","Scrape"],"picked":"Go for the Eyes","floor":11},{"not_picked":["Static Discharge","Cold Snap"],"picked":"Seek","floor":12},{"not_picked":["Rebound","Hyperbeam"],"picked":"Self Repair","floor":14},{"not_picked":["Thunder Strike","Core Surge"],"picked":"Echo Form","floor":16},{"not_picked":["Scrape","Compile Driver"],"picked":"Conserve Battery+1","floor":18},{"not_picked":["Hologram","Coolheaded"],"picked":"Seek","floor":20},{"not_picked":["Stack","Redo","Compile Driver"],"picked":"SKIP","floor":22},{"not_picked":["Stack","Redo"],"picked":"Compile Driver","floor":22},{"not_picked":["Steam+1","Lockon"],"picked":"Turbo+1","floor":24},{"not_picked":["Undo","Reinforced Body"],"picked":"Beam Cell+1","floor":25},{"not_picked":["Coolheaded","Gash"],"picked":"Biased Cognition","floor":27},{"not_picked":["Sweeping Beam","Leap","Conserve Battery"],"picked":"SKIP","floor":29},{"not_picked":["Storm","Ball Lightning"],"picked":"Loop","floor":31},{"not_picked":["Multi-Cast","Creative AI"],"picked":"Meteor Strike","floor":33},{"not_picked":["Compile Driver+1","Ball Lightning"],"picked":"Redo","floor":35},{"not_picked":["Streamline","Heatsinks"],"picked":"Chill+1","floor":40},{"not_picked":["Ball Lightning+1","Steam"],"picked":"Cold Snap","floor":42},{"not_picked":["Hologram+1","Cold Snap"],"picked":"Coolheaded+1","floor":47},{"not_picked":["Thunder Strike","Rebound","Streamline"],"picked":"SKIP","floor":48},{"not_picked":["Heatsinks","Scrape","Consume+1"],"picked":"SKIP","floor":55}],"player_experience":5680419,"relics_obtained":[{"floor":6,"key":"Boot"},{"floor":9,"key":"Toy Ornithopter"},{"floor":12,"key":"Peace Pipe"},{"floor":14,"key":"WingedGreaves"},{"floor":25,"key":"Dream Catcher"},{"floor":27,"key":"Darkstone Periapt"},{"floor":29,"key":"Smiling Mask"},{"floor":40,"key":"Letter Opener"},{"floor":43,"key":"Bottled Lightning"},{"floor":46,"key":"InkBottle"},{"floor":48,"key":"Toxic Egg 2"},{"floor":55,"key":"Kunai"}],"event_choices":[{"damage_healed":0,"gold_gain":0,"cards_transformed":["Strike_B"],"player_choice":"Change","damage_taken":0,"max_hp_gain":0,"max_hp_loss":0,"event_name":"Living Wall","floor":2,"gold_loss":0,"cards_obtained":["Tempest"]},{"cards_removed":["Defend_B"],"damage_healed":0,"gold_gain":0,"player_choice":"Card Removal","damage_taken":7,"max_hp_gain":0,"max_hp_loss":0,"event_name":"Golden Wing","floor":5,"gold_loss":0},{"damage_healed":0,"gold_gain":0,"player_choice":"Upgraded","damage_taken":0,"max_hp_gain":0,"max_hp_loss":0,"event_name":"Upgrade Shrine","floor":13,"gold_loss":0,"cards_upgraded":["Seek"]},{"damage_healed":0,"gold_gain":0,"player_choice":"Joined the Cult","damage_taken":6,"max_hp_gain":0,"max_hp_loss":0,"event_name":"Nest","floor":21,"gold_loss":0,"cards_obtained":["RitualDagger"]},{"damage_healed":0,"gold_gain":0,"player_choice":"Stole Relic","damage_taken":0,"relics_obtained":["Pocketwatch"],"max_hp_gain":0,"max_hp_loss":0,"event_name":"Addict","floor":28,"gold_loss":0,"cards_obtained":["Shame"]},{"damage_healed":0,"gold_gain":0,"player_choice":"Max HP","damage_taken":0,"max_hp_gain":0,"max_hp_loss":4,"event_name":"Winding Halls","floor":36,"gold_loss":0},{"damage_healed":0,"gold_gain":999,"player_choice":"Gold","damage_taken":0,"max_hp_gain":0,"max_hp_loss":0,"event_name":"MindBloom","floor":37,"gold_loss":0,"cards_obtained":["Normality","Normality"]},{"damage_healed":0,"gold_gain":0,"player_choice":"Ignored","damage_taken":0,"max_hp_gain":0,"max_hp_loss":0,"event_name":"Tomb of Lord Red Mask","floor":39,"gold_loss":0}],"is_beta":false,"boss_relics":[{"not_picked":["Tiny House","FrozenCore"],"picked":"Fusion Hammer"},{"not_picked":["Velvet Choker","Black Star"],"picked":"Empty Cage"}],"items_purged_floors":[38,44,54],"is_endless":false,"potions_floor_spawned":[3,11,12,18,24,27,33,35,42,47,55],"ascension_level":20,"potion_discard_per_floor":[[],[],[],[],[],[],[],[],[],[],[],[],[],[],[],[],[],[],[],[],[],[],[],["Strength Potion"],[],[],[],[],[],[],[],[],[],[],[],[],[],[],[],[],[],["BlessingOfTheForge"],[],[],[],[],[],[],[],[],[],[],[],[],["FocusPotion"],[],[]]}