{"neow_bonuses_skipped_log":["RANDOM_COLORLESS","RANDOM_COMMON_RELIC","BOSS_RELIC"],"potions_obtained_entropic_brew":[[],[],[],[],[],[],[],[],[],[],[],[],[],[],[],[],[],[],[],[],[],[],[],[],[],[],[],[],[],[],[],[],[],[],[],[],[],[],[],[],[],[],[],[],[],[],[],[],[],[],[],[],[],[],[],[],[]],"neow_costs_skipped_log":["NONE","NONE","NONE"],"gold_per_floor":[109,123,273,283,44,44,44,77,104,134,134,146,178,190,190,262,262,281,35,35,40,60,60,73,105,174,174,187,222,222,241,241,318,318,337,337,356,1355,1355,1381,589,589,668,703,716,716,763,763,763,763,763,763,763,1,26,26],"floor_reached":57,"playtime":7837,"items_purged":["Doubt","Writhe","Dualcast"],"score":3011,"play_id":"d8cd88f2-fe40-46a9-a639-73c5eed04f52","local_time":"20230509202020","score_breakdown":["Floors Climbed (57): 285","Enemies Slain (14): 28","Exordium Elites Killed (3): 30","City Elites Killed (2): 40","Beyond Elites Killed (2): 60","Bosses Slain (5): 750","I Like Shiny: 50","Raining Money (2001): 50","Librarian: 25","Champion (3): 75","Perfect (1): 50","Ascension (20): 1318","Heartbreaker: 250"],"is_ascension_mode":true,"potions_obtained_alchemize":[[],[],[],[],[],[],[],[],[],[],[],[],[],[],[],[],[],[],[],[],[],[],[],[],[],[],[],[],[],[],[],[],[],[],[],[],[],[],[],[],[],[],[],[],[],[],[],[],[],[],[],[],[],[],[],[],[]],"campfire_choices":[{"data":"Streamline","floor":6,"key":"SMITH"},{"data":"Doom and Gloom","floor":15,"key":"SMITH"},{"data":"Beam Cell","floor":23,"key":"SMITH"},{"data":"Aggregate","floor":27,"key":"SMITH"},{"data":"Turbo","floor":32,"key":"SMITH"},{"floor":42,"key":"RECALL"},{"data":"Hologram","floor":46,"key":"SMITH"},{"data":"Go for the Eyes","floor":49,"key":"SMITH"},{"data":"Steam Power","floor":53,"key":"SMITH"}],"lesson_learned_per_floor":[[],[],[],[],[],[],[],[],[],[],[],[],[],[],[],[],[],[],[],[],[],[],[],[],[],[],[],[],[],[],[],[],[],[],[],[],[],[],[],[],[],[],[],[],[],[],[],[],[],[],[],[],[],[],[],[],[]],"neow_cost":"TEN_PERCENT_HP_LOSS","improvable_cards":{},"seed_source_timestamp":372076946922,"shop_contents":[{"floor":5,"relics":["CeramicFish","Orrery"],"cards":["Sweeping Beam","Thunder Strike","Coolheaded","Turbo","Storm","Good Instincts","Panache"],"potions":["Weak Potion","PowerPotion","Energy Potion"]},{"floor":19,"relics":["Oddly Smooth Stone","Sling"],"cards":["Steam","Stack","Capacitor","Mind Blast","Sadistic Nature"],"potions":["Regen Potion","Explosive Potion","Weak Potion"]},{"floor":41,"relics":["TheAbacus"],"cards":["Streamline","Scrape","Steam Power","Static Discharge+1","Swift Strike"],"potions":["SkillPotion","SpeedPotion","EssenceOfSteel"]},{"floor":54,"relics":["Akabeko"],"cards":["Scrape","Doom and Gloom","Aggregate","Stack","Flash of Steel","Mayhem+1"],"potions":["Block Potion","SmokeBomb"]}],"circlet_count":0,"master_deck":["AscendersBane","Zap","Leap","Glacier","Streamline+1","Rainbow","Sweeping Beam+1","Cold Snap","Self Repair","Doom and Gloom+1","Multi-Cast","Go for the Eyes+1","Compile Driver","Steam+1","Beam Cell+1","Aggregate+1","Creative AI","Echo Form","Turbo+1","Fission","Leap","Heatsinks+1","Cold Snap+1","Undo","Multi-Cast","Darkness","Multi-Cast","Hologram+1","Steam Power+1","Magnetism+1","Coolheaded","Buffer+1","Storm+1","Consume+1","Capacitor+1","Reboot"],"potion_use_per_floor":[[],[],[],[],[],[],[],["Strength Potion"],[],[],[],[],[],[],[],[],[],[],[],[],[],[],[],[],[],[],[],[],[],[],[],[],["FocusPotion","PowerPotion"],[],[],[],[],[],[],[],[],[],[],[],[],[],[],[],[],["EssenceOfSteel"],[],[],[],[],["SteroidPotion"],["Ancient Potion","EssenceOfDarkness"],[]],"relics":["Cracked Core","Thread and Needle","PreservedInsect","Orichalcum","Dream Catcher","Matryoshka","Art of War","Happy Flower","SlaversCollar","Nunchaku","Bag of Preparation","Pen Nib","Mummified Hand","Omamori","Ginger","Strawberry","Frozen Egg 2","Pandora\u0027s Box","Vajra","HornCleat","Whetstone","Lantern","CaptainsWheel","White Beast Statue","Medical Kit","Pocketwatch","Ice Cream"],"potions_floor_usage":[8,33,33,50,55,56,56],"damage_taken":[{"damage":0,"enemies":"Cultist","floor":1,"turns":4},{"damage":0,"enemies":"Small Slimes","floor":2,"turns":5},{"damage":0,"enemies":"2 Louse","floor":4,"turns":2},{"damage":0,"enemies":"Gremlin Nob","floor":8,"turns":3},{"damage":6,"enemies":"Lagavulin","floor":10,"turns":7},{"damage":3,"enemies":"Lots of Slimes","floor":12,"turns":3},{"damage":0,"enemies":"3 Sentries","floor":13,"turns":6},{"damage":0,"enemies":"3 Louse","floor":14,"turns":5},{"damage":25,"enemies":"Slime Boss","floor":16,"turns":6},{"damage":13,"enemies":"Shell Parasite","floor":18,"turns":5},{"damage":4,"enemies":"2 Thieves","floor":21,"turns":5},{"damage":14,"enemies":"Centurion and Healer","floor":22,"turns":20},{"damage":8,"enemies":"Snecko","floor":24,"turns":5},{"damage":3,"enemies":"Gremlin Leader","floor":25,"turns":6},{"damage":0,"enemies":"Cultist and Chosen","floor":28,"turns":7},{"damage":9,"enemies":"Slavers","floor":29,"turns":2},{"damage":27,"enemies":"Shelled Parasite and Fungi","floor":31,"turns":10},{"damage":39,"enemies":"Automaton","floor":33,"turns":11},{"damage":0,"enemies":"Orb Walker","floor":35,"turns":4},{"damage":4,"enemies":"3 Darklings","floor":37,"turns":9},{"damage":4,"enemies":"Reptomancer","floor":40,"turns":5},{"damage":0,"enemies":"Giant Head","floor":44,"turns":4},{"damage":2,"enemies":"Writhing Mass","floor":45,"turns":6},{"damage":5,"enemies":"2 Orb Walkers","floor":47,"turns":3},{"damage":0,"enemies":"Awakened One","floor":50,"turns":18},{"damage":12,"enemies":"Time Eater","floor":51,"turns":9},{"damage":23,"enemies":"Shield and Spear","floor":55,"turns":8},{"damage":27,"enemies":"The Heart","floor":56,"turns":8}],"green_key_taken_log":29,"seed_played":"-4516683399458374917","neow_bonus_log":{"cardsObtained":[],"cardsUpgraded":[],"cardsRemoved":[],"cardsTransformed":[],"relicsObtained":["Thread and Needle"],"maxHpGained":0,"goldGained":0,"damageTaken":0,"goldLost":0,"maxHpLost":7},"potions_obtained":[{"floor":2,"key":"Strength Potion"},{"floor":4,"key":"SkillPotion"},{"floor":8,"key":"PowerPotion"},{"floor":14,"key":"AttackPotion"},{"floor":21,"key":"FocusPotion"},{"floor":40,"key":"Ancient Potion"},{"floor":47,"key":"EssenceOfSteel"},{"floor":55,"key":"EssenceOfDarkness"}],"is_trial":false,"path_per_floor":["M","M","?","M","$","R","?","E","T","E","?","M","E","M","R","B",null,"M","$","?","M","M","R","M","E","T","R","M","E","T","M","R","B",null,"M","?","M","?","?","E","$","R","T","E","M","R","?","T","R","B","B",null,"R","$","E","B",null],"character_chosen":"DEFECT","basemod:card_modifiers":[null,null,null,null,null,null,null,null,null,null,null,null,null,null,null,null,null,null,null,null,null,null,null,null,null,null,null,null,null,null,null,null,null,null,null,null],"items_purchased":["PreservedInsect","Go for the Eyes","Compile Driver","Nunchaku","HornCleat","Magnetism+1","Coolheaded","Whetstone","Medical Kit","Capacitor+1","Pocketwatch","SteroidPotion"],"campfire_rested":0,"item_purchase_floors":[5,19,19,19,41,41,41,41,54,54,54,54],"current_hp_per_floor":[64,64,64,64,64,64,57,57,57,51,51,48,48,55,55,37,57,51,51,51,54,47,47,46,50,50,50,57,48,55,42,42,10,56,63,63,71,71,71,71,71,71,71,71,71,71,71,71,71,71,71,71,71,71,55,28],"gold":26,"neow_bonus":"ONE_RARE_RELIC","is_prod":false,"is_daily":false,"rewards_skipped":[{"floor":18,"relics":[],"potions":["Weak Potion"]},{"floor":28,"relics":[],"potions":["Weak Potion"]}],"chose_seed":false,"campfire_upgraded":8,"win_rate":0,"floor_exit_playtime":[191,325,341,445,538,543,573,684,699,802,844,913,982,1188,1194,1389,1531,1671,1884,1911,2038,2366,2374,2539,2704,2743,2753,2932,3018,3087,3410,3417,4014,4219,4345,4359,4712,4715,4744,4982,5134,5141,5145,5318,5478,5492,5615,5639,5650,6533,6773,6783,6820,6913,7383,7837],"timestamp":1683678020,"blue_key_relic_skipped_log":{"floor":43,"relicID":"StrikeDummy"},"path_taken":["M","M","?","M","$","R","?","E","T","E","?","M","E","M","R","BOSS","M","?","?","M","M","R","M","E","T","R","M","E","?","M","R","BOSS","M","?","M","?","?","E","$","R","T","E","?","R","?","?","R","BOSS","BOSS","R","$","E","BOSS"],"build_version":"2022-12-18","purchased_purges":3,"victory":true,"max_hp_per_floor":[64,64,64,64,64,64,64,64,64,64,64,64,64,64,64,64,64,64,64,64,64,64,64,64,64,64,64,64,64,71,71,71,71,71,71,71,71,71,71,71,71,71,71,71,71,71,71,71,71,71,71,71,71,71,71,71],"relic_stats":{"Ice Cream":[8],"Happy Flower":[52],"counters":[28,186],"PreservedInsect":452,"Pen Nib":[17],"Bag of Preparation":[36],"Omamori":2,"Ginger":[7],"Whetstone":["Sweeping Beam","Cold Snap"],"Orichalcum":[288],"Medical Kit":[8],"White Beast Statue":[0.0,0.0,0.0,0.4,0.0,0.6000000000000001,0.0,0.0,0.0,0.0,0.0,0.4],"Dream Catcher":0,"Nunchaku":[23],"Matryoshka":2,"Mummified Hand":[180],"Pandora\u0027s Box":["Leap","Heatsinks","Cold Snap","Undo","Multi-Cast","Darkness","Multi-Cast"],"Art of War":[36],"obtain_stats":[{"Ice Cream":55,"Lantern":44,"Vajra":40,"Bag of Preparation":20,"Ginger":29,"Whetstone":41,"Dream Catcher":9,"Nunchaku":19,"Matryoshka":10,"HornCleat":41,"Mummified Hand":26,"Strawberry":30,"Cracked Core":0,"Happy Flower":13,"Thread and Needle":0,"PreservedInsect":5,"Pen Nib":25,"Omamori":26,"Orichalcum":8,"Frozen Egg 2":30,"Medical Kit":54,"White Beast Statue":48,"SlaversCollar":17,"CaptainsWheel":47,"Pandora\u0027s Box":34,"Art of War":11,"Pocketwatch":54},{"Ice Cream":27,"Lantern":22,"Vajra":21,"Bag of Preparation":10,"Ginger":16,"Whetstone":21,"Dream Catcher":4,"Nunchaku":10,"Matryoshka":5,"HornCleat":21,"Mummified Hand":14,"Strawberry":16,"Cracked Core":0,"Happy Flower":7,"Thread and Needle":0,"PreservedInsect":3,"Pen Nib":14,"Omamori":14,"Orichalcum":4,"Frozen Egg 2":16,"Medical Kit":26,"White Beast Statue":24,"SlaversCollar":9,"CaptainsWheel":24,"Pandora\u0027s Box":18,"Art of War":5,"Pocketwatch":26},{"Ice Cream":178,"Lantern":134,"Vajra":130,"Bag of Preparation":46,"Ginger":91,"Whetstone":130,"Dream Catcher":14,"Nunchaku":46,"Matryoshka":21,"HornCleat":130,"Mummified Hand":82,"Strawberry":91,"Cracked Core":0,"Happy Flower":30,"Thread and Needle":0,"PreservedInsect":11,"Pen Nib":82,"Omamori":82,"Orichalcum":14,"Frozen Egg 2":91,"Medical Kit":170,"White Beast Statue":143,"SlaversCollar":41,"CaptainsWheel":143,"Pandora\u0027s Box":112,"Art of War":21,"Pocketwatch":170}],"Pocketwatch":[17]},"card_choices":[{"not_picked":["Gash","Blizzard"],"picked":"Leap","floor":1},{"not_picked":["Conserve Battery","Ball Lightning"],"picked":"Glacier","floor":2},{"not_picked":["Chill","Rebound"],"picked":"Streamline","floor":4},{"not_picked":["Hologram","Consume"],"picked":"Rainbow","floor":8},{"not_picked":["Steam","Reinforced Body"],"picked":"Sweeping Beam","floor":10},{"not_picked":["Steam Power","Redo"],"picked":"Cold Snap","floor":12},{"not_picked":["Consume","Rebound"],"picked":"Self Repair","floor":13},{"not_picked":["Steam","Hologram"],"picked":"Doom and Gloom","floor":14},{"not_picked":["All For One","Rainbow"],"picked":"Multi-Cast","floor":16},{"not_picked":["Chaos","Streamline","Scrape"],"picked":"SKIP","floor":18},{"not_picked":["Rebound","Redo"],"picked":"Steam+1","floor":21},{"not_picked":["Capacitor","Melter+1"],"picked":"Beam Cell","floor":22},{"not_picked":["White Noise","Streamline"],"picked":"Aggregate","floor":24},{"not_picked":["Sweeping Beam","Gash","Reinforced Body"],"picked":"SKIP","floor":25},{"not_picked":["Steam","Beam Cell"],"picked":"Creative AI","floor":28},{"not_picked":["Go for the Eyes","Hello World+1"],"picked":"Echo Form","floor":29},{"not_picked":["Rebound","Ball Lightning","Turbo"],"picked":"SKIP","floor":31},{"not_picked":["Rebound","Ball Lightning"],"picked":"Turbo","floor":31},{"not_picked":["Creative AI+1","Multi-Cast"],"picked":"Fission","floor":33},{"not_picked":["Beam Cell+1","Rebound","Go for the Eyes"],"picked":"SKIP","floor":35},{"not_picked":["Self Repair+1","Consume"],"picked":"Hologram","floor":37},{"not_picked":["Barrage","Turbo+1"],"picked":"Steam Power","floor":40},{"not_picked":["Beam Cell","Fission"],"picked":"Buffer+1","floor":44},{"not_picked":["Rebound","Doom and Gloom+1"],"picked":"Storm+1","floor":45},{"not_picked":["Ball Lightning+1","Hologram"],"picked":"Consume+1","floor":47},{"not_picked":["Genetic Algorithm","Beam Cell"],"picked":"Reboot","floor":55}],"player_experience":5670489,"relics_obtained":[{"floor":8,"key":"Orichalcum"},{"floor":9,"key":"Dream Catcher"},{"floor":10,"key":"Matryoshka"},{"floor":13,"key":"Happy Flower"},{"floor":25,"key":"Pen Nib"},{"floor":26,"key":"Mummified Hand"},{"floor":26,"key":"Omamori"},{"floor":29,"key":"Ginger"},{"floor":30,"key":"Strawberry"},{"floor":30,"key":"Frozen Egg 2"},{"floor":40,"key":"Vajra"},{"floor":44,"key":"Lantern"},{"floor":47,"key":"CaptainsWheel"},{"floor":48,"key":"White Beast Statue"},{"floor":55,"key":"Ice Cream"}],"event_choices":[{"damage_healed":0,"gold_gain":150,"player_choice":"AGREE","damage_taken":0,"max_hp_gain":0,"max_hp_loss":0,"event_name":"Liars Game","floor":3,"gold_loss":0,"cards_obtained":["Doubt"]},{"cards_removed":["Defend_B"],"damage_healed":0,"gold_gain":0,"player_choice":"Card Removal","damage_taken":7,"max_hp_gain":0,"max_hp_loss":0,"event_name":"Golden Wing","floor":7,"gold_loss":0},{"damage_healed":0,"gold_gain":0,"player_choice":"Gave Potion","damage_taken":0,"relics_obtained":["Art of War"],"max_hp_gain":0,"max_hp_loss":0,"event_name":"WeMeetAgain","floor":11,"gold_loss":0},{"damage_healed":0,"gold_gain":0,"player_choice":"Opened","damage_taken":0,"relics_obtained":["Bag of Preparation"],"max_hp_gain":0,"max_hp_loss":0,"event_name":"The Mausoleum","floor":20,"gold_loss":0,"cards_obtained":["Writhe"]},{"damage_healed":0,"gold_gain":0,"player_choice":"Ignored","damage_taken":0,"max_hp_gain":0,"max_hp_loss":0,"event_name":"Tomb of Lord Red Mask","floor":36,"gold_loss":0},{"damage_healed":0,"gold_gain":999,"player_choice":"Gold","damage_taken":0,"max_hp_gain":0,"max_hp_loss":0,"event_name":"MindBloom","floor":38,"gold_loss":0,"cards_obtained":["Normality","Normality"]},{"damage_healed":0,"gold_gain":0,"player_choice":"Ignored","damage_taken":0,"max_hp_gain":0,"max_hp_loss":0,"event_name":"SecretPortal","floor":39,"gold_loss":0},{"damage_healed":0,"gold_gain":0,"player_choice":"Fight","damage_taken":0,"max_hp_gain":0,"max_hp_loss":0,"event_name":"Mysterious Sphere","floor":47,"gold_loss":0}],"is_beta":false,"boss_relics":[{"not_picked":["Philosopher\u0027s Stone","Runic Dome"],"picked":"SlaversCollar"},{"not_picked":["Black Star","Snecko Eye"],"picked":"Pandora\u0027s Box"}],"items_purged_floors":[5,41,54],"is_endless":false,"potions_floor_spawned":[2,4,8,14,18,21,28,40,47,55],"ascension_level":20,"potion_discard_per_floor":[[],[],[],[],[],[],[],[],[],[],[],[],[],[],[],[],[],[],[],[],["AttackPotion"],[],[],[],[],[],[],[],[],[],[],[],[],[],[],[],[],[],[],[],[],[],[],[],[],[],[],[],[],[],[],[],[],[],[],[],[]]}