{"neow_bonuses_skipped_log":["UPGRADE_CARD","RANDOM_COMMON_RELIC","BOSS_RELIC"],"neow_costs_skipped_log":["NONE","NONE","NONE"],"potions_obtained_entropic_brew":[[],[],[],[],[],[],[],[],[],[],[],[],[],[],[],[],[],[],[],[],[],[],[],[],[],[],[],[],[],[],[],[],[]],"gold_per_floor":[13,31,31,50,70,70,81,81,81,93,123,123,151,161,161,233,233,245,245,263,278,295,295,326,326,326,27,61,111,122,141,141,141],"floor_reached":33,"playtime":3997,"items_purged":[],"score":627,"play_id":"b751ac86-7dc3-42b5-896f-329fcaa15719","local_time":"20230504201732","score_breakdown":["Floors Climbed (33): 165","Enemies Slain (13): 26","Exordium Elites Killed (2): 20","City Elites Killed (2): 40","Bosses Slain (1): 50","Collector (1): 25","Ascension (20): 301"],"is_ascension_mode":true,"potions_obtained_alchemize":[[],[],[],[],[],[],[],[],[],[],[],[],[],[],[],[],[],[],[],[],[],[],[],[],[],[],[],[],[],[],[],[],[]],"campfire_choices":[{"data":"Doom and Gloom","floor":6,"key":"SMITH"},{"data":"Double Energy","floor":8,"key":"SMITH"},{"data":"Seek","floor":12,"key":"SMITH"},{"data":"Sweeping Beam","floor":15,"key":"SMITH"},{"data":"Seek","floor":23,"key":"SMITH"},{"data":"Aggregate","floor":25,"key":"SMITH"},{"data":"Hologram","floor":32,"key":"SMITH"}],"lesson_learned_per_floor":[[],[],[],[],[],[],[],[],[],[],[],[],[],[],[],[],[],[],[],[],[],[],[],[],[],[],[],[],[],[],[],[],[]],"neow_cost":"NO_GOLD","improvable_cards":{"Genetic Algorithm":[35,35]},"seed_source_timestamp":4458790382453,"shop_contents":[{"floor":27,"relics":["Matryoshka","Vajra"],"cards":["Core Surge","Streamline","Chaos","Impatience","The Bomb"],"potions":["AttackPotion","SneckoOil","LiquidMemories"]}],"circlet_count":0,"master_deck":["AscendersBane","Defend_B","Defend_B","Defend_B","Zap","Dualcast","Machine Learning","Genetic Algorithm","Double Energy+1","BootSequence","Doom and Gloom+1","Chill","Redo","Seek+1","Glacier","Sweeping Beam+1","Seek+1","CurseOfTheBell","Cold Snap+1","Bite","Bite","Bite","Bite","Bite","Compile Driver+1","Aggregate+1","Hologram+1","Genetic Algorithm","Capacitor","Conserve Battery+1","Go for the Eyes","Fusion"],"potion_use_per_floor":[[],[],[],[],[],[],[],[],[],[],["Swift Potion"],[],[],[],[],["Explosive Potion"],[],[],[],[],[],[],[],["SteroidPotion"],[],[],[],[],[],[],[],[],["FocusPotion","FocusPotion"]],"relics":["Cracked Core","Art of War","Toy Ornithopter","Sundial","Calling Bell","Blood Vial","StrikeDummy","Mango","DataDisk","DollysMirror","Meat on the Bone"],"potions_floor_usage":[11,16,24,33,33],"damage_taken":[{"damage":1,"enemies":"2 Louse","floor":1,"turns":3},{"damage":1,"enemies":"Cultist","floor":2,"turns":4},{"damage":10,"enemies":"Small Slimes","floor":4,"turns":5},{"damage":0,"enemies":"2 Fungi Beasts","floor":5,"turns":3},{"damage":0,"enemies":"Exordium Thugs","floor":7,"turns":3},{"damage":6,"enemies":"Looter","floor":10,"turns":3},{"damage":12,"enemies":"Gremlin Nob","floor":11,"turns":3},{"damage":13,"enemies":"Lagavulin","floor":13,"turns":6},{"damage":0,"enemies":"2 Fungi Beasts","floor":14,"turns":5},{"damage":22,"enemies":"The Guardian","floor":16,"turns":10},{"damage":0,"enemies":"Chosen","floor":18,"turns":5},{"damage":5,"enemies":"Shell Parasite","floor":20,"turns":6},{"damage":1,"enemies":"3 Cultists","floor":21,"turns":5},{"damage":33,"enemies":"Cultist and Chosen","floor":22,"turns":7},{"damage":17,"enemies":"Slavers","floor":24,"turns":7},{"damage":10,"enemies":"Gremlin Leader","floor":28,"turns":7},{"damage":1,"enemies":"Snecko","floor":30,"turns":7},{"damage":6,"enemies":"Sentry and Sphere","floor":31,"turns":8},{"damage":82,"enemies":"Automaton","floor":33,"turns":10}],"seed_played":"686854636343729706","neow_bonus_log":{"cardsObtained":["Machine Learning","Genetic Algorithm"],"cardsUpgraded":[],"cardsRemoved":[],"cardsTransformed":["Strike_B","Defend_B"],"relicsObtained":[],"maxHpGained":0,"goldGained":0,"damageTaken":0,"goldLost":99,"maxHpLost":0},"potions_obtained":[{"floor":1,"key":"Swift Potion"},{"floor":3,"key":"Explosive Potion"},{"floor":11,"key":"FocusPotion"},{"floor":16,"key":"SpeedPotion"},{"floor":18,"key":"SteroidPotion"},{"floor":30,"key":"FocusPotion"}],"is_trial":false,"path_per_floor":["M","M","?","M","M","R","M","R","T","M","E","R","E","M","R","B",null,"M","?","M","M","M","R","E","R","T","$","E","?","M","M","R","B"],"character_chosen":"DEFECT","basemod:card_modifiers":[null,null,null,null,null,null,null,null,null,null,null,null,null,null,null,null,null,null,null,null,null,null,null,null,null,null,null,null,null,null,null,null],"items_purchased":["Hologram","DollysMirror","Capacitor"],"campfire_rested":0,"item_purchase_floors":[27,27,27],"current_hp_per_floor":[63,62,62,52,52,52,52,52,52,46,34,34,21,21,21,4,68,70,59,58,59,32,32,32,32,32,32,38,33,46,54,54,0],"gold":141,"neow_bonus":"TRANSFORM_TWO_CARDS","is_prod":false,"is_daily":false,"rewards_skipped":[{"floor":3,"relics":[],"potions":["EssenceOfSteel"]},{"floor":5,"relics":[],"potions":["PotionOfCapacity"]},{"floor":13,"relics":[],"potions":["Fire Potion"]},{"floor":20,"relics":[],"potions":["EssenceOfSteel"]},{"floor":21,"relics":[],"potions":["Energy Potion"]}],"chose_seed":false,"campfire_upgraded":7,"win_rate":0,"floor_exit_playtime":[251,303,313,376,420,439,516,523,529,594,848,864,1020,1128,1138,1556,1763,1870,1897,2012,2138,2270,2277,2526,2567,2611,2727,2952,2977,3114,3285,3292],"timestamp":1683245852,"blue_key_relic_skipped_log":{"floor":26,"relicID":"Molten Egg 2"},"path_taken":["M","M","?","M","M","R","?","R","T","M","E","R","E","M","R","BOSS","M","?","M","M","M","R","E","R","T","$","E","?","M","M","R","BOSS"],"build_version":"2022-12-18","purchased_purges":0,"victory":false,"max_hp_per_floor":[71,71,71,71,71,71,71,71,71,71,71,71,71,71,71,71,85,85,59,59,59,59,59,59,59,59,59,59,59,59,59,59,59],"relic_stats":{"Blood Vial":13,"counters":[19,107],"Sundial":[10],"Art of War":[20],"obtain_stats":[{"Calling Bell":17,"Blood Vial":17,"DataDisk":24,"Sundial":13,"DollysMirror":27,"Mango":17,"Art of War":9,"Cracked Core":0,"StrikeDummy":17,"Toy Ornithopter":11,"Meat on the Bone":28},{"Calling Bell":10,"Blood Vial":10,"DataDisk":15,"Sundial":8,"DollysMirror":15,"Mango":10,"Art of War":5,"Cracked Core":0,"StrikeDummy":10,"Toy Ornithopter":7,"Meat on the Bone":16},{"Calling Bell":45,"Blood Vial":45,"DataDisk":75,"Sundial":30,"DollysMirror":75,"Mango":45,"Art of War":18,"Cracked Core":0,"StrikeDummy":45,"Toy Ornithopter":24,"Meat on the Bone":82}],"Toy Ornithopter":20,"Meat on the Bone":0},"card_choices":[{"not_picked":["Steam","Compile Driver"],"picked":"Double Energy","floor":1},{"not_picked":["Steam","Rip and Tear"],"picked":"BootSequence","floor":2},{"not_picked":["Sweeping Beam","Stack"],"picked":"Doom and Gloom","floor":4},{"not_picked":["Go for the Eyes","Barrage"],"picked":"Chill","floor":5},{"not_picked":["Gash","Blizzard","Heatsinks"],"picked":"SKIP","floor":7},{"not_picked":["Scrape","Conserve Battery"],"picked":"Redo","floor":10},{"not_picked":["Consume","Barrage"],"picked":"Seek","floor":11},{"not_picked":["Reprogram","Creative AI"],"picked":"Glacier","floor":13},{"not_picked":["Ball Lightning","Leap"],"picked":"Sweeping Beam","floor":14},{"not_picked":["Buffer","Core Surge"],"picked":"Seek","floor":16},{"not_picked":["Gash","Streamline"],"picked":"Cold Snap+1","floor":18},{"not_picked":["Ball Lightning","Reinforced Body"],"picked":"Compile Driver+1","floor":20},{"not_picked":["Thunder Strike","Chill","Reinforced Body"],"picked":"SKIP","floor":21},{"not_picked":["Tempest","Redo","Chill"],"picked":"SKIP","floor":22},{"not_picked":["Reinforced Body","Streamline"],"picked":"Aggregate","floor":24},{"not_picked":["Beam Cell","Streamline"],"picked":"Conserve Battery+1","floor":28},{"not_picked":["Stack","Streamline"],"picked":"Go for the Eyes","floor":30},{"not_picked":["Steam+1","Go for the Eyes"],"picked":"Fusion","floor":31}],"player_experience":5648792,"relics_obtained":[{"floor":9,"key":"Art of War"},{"floor":11,"key":"Toy Ornithopter"},{"floor":13,"key":"Sundial"},{"floor":17,"key":"Blood Vial"},{"floor":17,"key":"StrikeDummy"},{"floor":17,"key":"Mango"},{"floor":24,"key":"DataDisk"},{"floor":28,"key":"Meat on the Bone"}],"event_choices":[{"damage_healed":0,"gold_gain":0,"player_choice":"Got Potions","damage_taken":0,"max_hp_gain":0,"max_hp_loss":0,"event_name":"Lab","floor":3,"gold_loss":0},{"damage_healed":0,"gold_gain":0,"player_choice":"Became a vampire","damage_taken":0,"max_hp_gain":0,"max_hp_loss":26,"event_name":"Vampires","floor":19,"gold_loss":0,"cards_obtained":["Bite","Bite","Bite","Bite","Bite"]},{"damage_healed":0,"gold_gain":50,"player_choice":"Touch","damage_taken":5,"max_hp_gain":0,"max_hp_loss":0,"event_name":"FaceTrader","floor":29,"gold_loss":0}],"is_beta":false,"boss_relics":[{"not_picked":["SacredBark","Coffee Dripper"],"picked":"Calling Bell"}],"items_purged_floors":[],"is_endless":false,"potions_floor_spawned":[1,5,11,13,16,18,20,21,30],"killed_by":"Automaton","ascension_level":20,"potion_discard_per_floor":[[],[],[],[],[],[],[],[],[],[],[],[],[],[],[],[],[],["SpeedPotion"],[],[],[],[],[],[],[],[],[],[],[],[],[],[],[]]}