{"neow_bonuses_skipped_log":["THREE_SMALL_POTIONS","THREE_RARE_CARDS","BOSS_RELIC"],"neow_costs_skipped_log":["NONE","NO_GOLD","NONE"],"potions_obtained_entropic_brew":[[],[],[],[],[],[],[],[],[],[],[],[],[],[],[],[],[],[],[],[],[],[],[],[],[],[],[],[],[],[],[],[],[]],"gold_per_floor":[115,128,128,140,140,174,174,11,11,28,28,55,67,108,120,210,222,246,173,198,210,249,295,307,348,360,401,430,442,479,501,513,525],"floor_reached":33,"playtime":3470,"items_purged":[],"score":682,"play_id":"cfeaec0e-b3cd-4f38-989d-c2e1b6210ddd","local_time":"20230504211643","score_breakdown":["Floors Climbed (33): 165","Enemies Slain (8): 16","Exordium Elites Killed (3): 30","City Elites Killed (4): 80","Bosses Slain (1): 50","Ascension (20): 341"],"is_ascension_mode":true,"potions_obtained_alchemize":[[],[],[],[],[],[],[],[],[],[],[],[],[],[],[],[],[],[],[],[],[],[],[],[],[],[],[],[],[],[],[],[],[]],"campfire_choices":[{"floor":7,"key":"REST"},{"floor":11,"key":"REST"},{"data":"Biased Cognition","floor":13,"key":"SMITH"},{"data":"1","floor":15,"key":"LIFT"},{"data":"2","floor":24,"key":"LIFT"},{"floor":29,"key":"REST"},{"floor":32,"key":"REST"}],"lesson_learned_per_floor":[[],[],[],[],[],[],[],[],[],[],[],[],[],[],[],[],[],[],[],[],[],[],[],[],[],[],[],[],[],[],[],[],[]],"neow_cost":"NONE","improvable_cards":{},"seed_source_timestamp":8546708365112,"shop_contents":[{"floor":8,"relics":["Bag of Marbles","Lantern","TheAbacus"],"cards":["Doom and Gloom","Ball Lightning","BootSequence","Chill","Bandage Up","Master of Strategy"],"potions":["Block Potion","Dexterity Potion","BlessingOfTheForge"]}],"circlet_count":0,"master_deck":["AscendersBane","Strike_B","Strike_B","Strike_B","Defend_B+1","Defend_B","Defend_B","Defend_B","Zap+1","Dualcast","Lockon","Cold Snap+1","Ball Lightning+1","Beam Cell","Biased Cognition+1","Redo","Chill","Seek","Coolheaded","Coolheaded","Rebound","Capacitor","Undo","Hologram","Hologram"],"potion_use_per_floor":[[],[],[],[],[],["LiquidBronze"],[],[],[],[],[],[],[],[],[],[],[],[],[],[],[],[],[],[],["SpeedPotion"],[],[],[],[],[],[],[],["SpeedPotion","FearPotion","SpeedPotion","Energy Potion"]],"relics":["Cracked Core","Gremlin Horn","War Paint","MawBank","Girya","Fusion Hammer","Potion Belt","Bag of Preparation","MealTicket","PreservedInsect","Regal Pillow","Whetstone"],"potions_floor_usage":[6,25,33,33,33,33],"damage_taken":[{"damage":1,"enemies":"2 Louse","floor":1,"turns":2},{"damage":5,"enemies":"Small Slimes","floor":2,"turns":3},{"damage":2,"enemies":"Jaw Worm","floor":4,"turns":2},{"damage":24,"enemies":"3 Sentries","floor":6,"turns":7},{"damage":5,"enemies":"Blue Slaver","floor":10,"turns":2},{"damage":14,"enemies":"Lagavulin","floor":12,"turns":5},{"damage":12,"enemies":"3 Sentries","floor":14,"turns":6},{"damage":10,"enemies":"The Guardian","floor":16,"turns":8},{"damage":0,"enemies":"3 Byrds","floor":18,"turns":5},{"damage":0,"enemies":"Spheric Guardian","floor":20,"turns":3},{"damage":6,"enemies":"Gremlin Leader","floor":23,"turns":8},{"damage":11,"enemies":"Book of Stabbing","floor":25,"turns":4},{"damage":25,"enemies":"Slavers","floor":27,"turns":6},{"damage":5,"enemies":"Snake Plant","floor":28,"turns":5},{"damage":5,"enemies":"Gremlin Leader","floor":30,"turns":6},{"damage":22,"enemies":"Sentry and Sphere","floor":31,"turns":5},{"damage":57,"enemies":"Automaton","floor":33,"turns":12}],"seed_played":"-6416432275309557392","neow_bonus_log":{"cardsObtained":["Lockon"],"cardsUpgraded":[],"cardsRemoved":[],"cardsTransformed":["Strike_B"],"relicsObtained":[],"maxHpGained":0,"goldGained":0,"damageTaken":0,"goldLost":0,"maxHpLost":0},"potions_obtained":[{"floor":2,"key":"LiquidBronze"},{"floor":12,"key":"SpeedPotion"},{"floor":14,"key":"SpeedPotion"},{"floor":23,"key":"SpeedPotion"},{"floor":25,"key":"Energy Potion"},{"floor":31,"key":"FearPotion"}],"is_trial":false,"path_per_floor":["M","M","?","M","?","E","R","$","T","M","R","E","R","E","R","B",null,"M","?","M","?","T","E","R","E","T","E","M","R","E","M","R","B"],"character_chosen":"DEFECT","basemod:card_modifiers":[null,null,null,null,null,null,null,null,null,null,null,null,null,null,null,null,null,null,null,null,null,null,null,null,null],"items_purchased":["Biased Cognition"],"campfire_rested":4,"item_purchase_floors":[8],"current_hp_per_floor":[63,58,40,38,38,14,35,35,35,30,51,37,37,25,25,15,57,57,57,57,57,57,51,51,40,40,15,10,46,41,19,55,0],"gold":525,"neow_bonus":"TRANSFORM_CARD","is_prod":false,"is_daily":false,"rewards_skipped":[],"chose_seed":false,"campfire_upgraded":1,"win_rate":0,"floor_exit_playtime":[185,262,369,394,450,621,626,681,687,777,783,848,874,980,1008,1224,1354,1433,1449,1496,1501,1506,1800,1805,1883,1922,2089,2221,2225,2468,2624,2628],"timestamp":1683249403,"blue_key_relic_skipped_log":{"floor":26,"relicID":"Omamori"},"path_taken":["M","M","?","M","?","E","R","$","T","M","R","E","R","E","R","BOSS","M","?","M","?","?","E","R","E","T","E","?","R","E","M","R","BOSS"],"build_version":"2022-12-18","purchased_purges":0,"victory":false,"max_hp_per_floor":[71,71,71,71,71,71,71,71,71,71,71,71,71,71,71,71,71,71,71,71,71,71,71,71,71,71,71,71,71,71,71,71,71],"relic_stats":{"Girya":2,"Regal Pillow":30,"Gremlin Horn":[19,19],"counters":[17,89],"MealTicket":0,"PreservedInsect":94,"Bag of Preparation":[14],"Whetstone":["Cold Snap","Ball Lightning"],"War Paint":["Defend_B","Zap"],"MawBank":252,"obtain_stats":[{"Potion Belt":19,"Girya":14,"Regal Pillow":27,"Gremlin Horn":6,"MealTicket":23,"Fusion Hammer":17,"PreservedInsect":25,"Bag of Preparation":22,"Whetstone":30,"War Paint":9,"Cracked Core":0,"MawBank":12},{"Potion Belt":9,"Girya":7,"Regal Pillow":13,"Gremlin Horn":4,"MealTicket":11,"Fusion Hammer":8,"PreservedInsect":12,"Bag of Preparation":10,"Whetstone":15,"War Paint":4,"Cracked Core":0,"MawBank":6},{"Potion Belt":40,"Girya":27,"Regal Pillow":61,"Gremlin Horn":14,"MealTicket":51,"Fusion Hammer":35,"PreservedInsect":55,"Bag of Preparation":43,"Whetstone":72,"War Paint":14,"Cracked Core":0,"MawBank":21}]},"card_choices":[{"not_picked":["Stack","Leap","Redo"],"picked":"SKIP","floor":1},{"not_picked":["Static Discharge","Conserve Battery"],"picked":"Cold Snap","floor":2},{"not_picked":["Heatsinks","Force Field"],"picked":"Ball Lightning","floor":4},{"not_picked":["Hologram","Melter"],"picked":"Beam Cell","floor":6},{"not_picked":["Tempest","Barrage"],"picked":"Redo","floor":10},{"not_picked":["Blizzard","Lockon","Streamline"],"picked":"SKIP","floor":12},{"not_picked":["Stack","Ball Lightning"],"picked":"Chill","floor":14},{"not_picked":["Thunder Strike","Biased Cognition"],"picked":"Seek","floor":16},{"not_picked":["Go for the Eyes","Redo+1"],"picked":"Coolheaded","floor":18},{"not_picked":["Reprogram","Sunder"],"picked":"Coolheaded","floor":20},{"not_picked":["Blizzard","Redo"],"picked":"Rebound","floor":23},{"not_picked":["Steam","Leap"],"picked":"Capacitor","floor":25},{"not_picked":["Self Repair","Sweeping Beam"],"picked":"Undo","floor":27},{"not_picked":["Capacitor","Amplify","Aggregate"],"picked":"SKIP","floor":28},{"not_picked":["Loop","Beam Cell"],"picked":"Hologram","floor":30},{"not_picked":["Chill","Coolheaded"],"picked":"Hologram","floor":31}],"player_experience":5652789,"relics_obtained":[{"floor":6,"key":"Gremlin Horn"},{"floor":9,"key":"War Paint"},{"floor":12,"key":"MawBank"},{"floor":14,"key":"Girya"},{"floor":22,"key":"Bag of Preparation"},{"floor":23,"key":"MealTicket"},{"floor":25,"key":"PreservedInsect"},{"floor":27,"key":"Regal Pillow"},{"floor":30,"key":"Whetstone"}],"event_choices":[{"damage_healed":0,"gold_gain":0,"player_choice":"Fled","damage_taken":18,"max_hp_gain":0,"max_hp_loss":0,"event_name":"Scrap Ooze","floor":3,"gold_loss":0},{"damage_healed":0,"gold_gain":0,"player_choice":"Ignored","damage_taken":0,"max_hp_gain":0,"max_hp_loss":0,"event_name":"Shining Light","floor":5,"gold_loss":0},{"damage_healed":0,"gold_gain":0,"player_choice":"Obtained Relic","damage_taken":0,"relics_obtained":["Potion Belt"],"max_hp_gain":0,"max_hp_loss":0,"event_name":"Addict","floor":19,"gold_loss":85},{"damage_healed":0,"gold_gain":0,"player_choice":"Ignored","damage_taken":0,"max_hp_gain":0,"max_hp_loss":0,"event_name":"Vampires","floor":21,"gold_loss":0}],"is_beta":false,"boss_relics":[{"not_picked":["Tiny House","Astrolabe"],"picked":"Fusion Hammer"}],"items_purged_floors":[],"is_endless":false,"potions_floor_spawned":[2,12,14,23,25,31],"killed_by":"Automaton","ascension_level":20,"potion_discard_per_floor":[[],[],[],[],[],[],[],[],[],[],[],[],[],[],[],[],[],[],[],[],[],[],[],[],[],[],[],[],[],[],[],[],[]]}