{"neow_bonuses_skipped_log":["THREE_CARDS","TWENTY_PERCENT_HP_BONUS","BOSS_RELIC"],"neow_costs_skipped_log":["NONE","CURSE","NONE"],"potions_obtained_entropic_brew":[[],[],[],[],[],[],[],[],[],[],[],[],[],[],[],[],[],[],[],[],[],[],[],[],[],[],[],[],[],[],[],[],[],[],[],[],[],[],[],[],[],[],[],[],[],[],[],[],[],[],[],[],[],[],[],[],[]],"gold_per_floor":[218,49,62,75,75,75,85,116,142,142,142,223,223,243,243,333,333,358,358,372,372,6,39,39,57,57,95,95,95,126,153,165,270,282,319,331,393,425,461,507,519,569,581,593,636,708,219,235,235,235,235,235,235,51,87,87],"floor_reached":57,"playtime":7055,"items_purged":["Strike_B","Zap","Dualcast"],"score":3417,"play_id":"d9aab0a5-3ee8-40d9-9ca9-da943f796590","local_time":"20230505203912","score_breakdown":["Floors Climbed (57): 285","Enemies Slain (13): 26","Exordium Elites Killed (1): 10","City Elites Killed (3): 60","Beyond Elites Killed (3): 90","Bosses Slain (5): 750","Money Money (1248): 25","Champion (4): 100","Beyond Perfect: 200","Overkill: 25","C-c-c-combo: 25","Ascension (20): 1571","Heartbreaker: 250"],"is_ascension_mode":true,"potions_obtained_alchemize":[[],[],[],[],[],[],[],[],[],[],[],[],[],[],[],[],[],[],[],[],[],[],[],[],[],[],[],[],[],[],[],[],[],[],[],[],[],[],[],[],[],[],[],[],[],[],[],[],[],[],[],[],[],[],[],[],[]],"campfire_choices":[{"data":"Doom and Gloom","floor":6,"key":"SMITH"},{"data":"Redo","floor":10,"key":"SMITH"},{"floor":13,"key":"REST"},{"data":"Beam Cell","floor":15,"key":"SMITH"},{"data":"Skim","floor":28,"key":"SMITH"},{"data":"Aggregate","floor":32,"key":"SMITH"},{"data":"Hologram","floor":41,"key":"SMITH"},{"floor":44,"key":"RECALL"},{"data":"Coolheaded","floor":49,"key":"SMITH"},{"data":"Coolheaded","floor":53,"key":"SMITH"}],"lesson_learned_per_floor":[[],[],[],[],[],[],[],[],[],[],[],[],[],[],[],[],[],[],[],[],[],[],[],[],[],[],[],[],[],[],[],[],[],[],[],[],[],[],[],[],[],[],[],[],[],[],[],[],[],[],[],[],[],[],[],[],[]],"neow_cost":"NONE","improvable_cards":{},"seed_source_timestamp":8230039588215,"shop_contents":[{"floor":2,"relics":["Cables","Regal Pillow"],"cards":["FTL","Hyperbeam","Stack","Redo","Static Discharge","Dramatic Entrance","The Bomb"],"potions":["SpeedPotion","SpeedPotion","AttackPotion"]},{"floor":22,"relics":["FossilizedHelix","Mercury Hourglass"],"cards":["Scrape","Gash","Darkness","Bandage Up","The Bomb"],"potions":["Fruit Juice","FearPotion","LiquidBronze"]},{"floor":24,"relics":["Akabeko","Vajra","Membership Card"],"cards":["Ball Lightning","Compile Driver","Chaos","Tempest","Defragment","Dark Shackles","Secret Weapon"],"potions":["LiquidMemories","FocusPotion","DistilledChaos"]},{"floor":47,"relics":["Nunchaku","Strange Spoon"],"cards":["Sunder","Rip and Tear","Stack","Storm+1","The Bomb"],"potions":["Strength Potion","EssenceOfDarkness","CultistPotion"]},{"floor":54,"relics":["Bottled Lightning","Gremlin Horn","Cauldron"],"cards":["Sunder","Ball Lightning","Fission","Storm+1","Bandage Up","Mayhem+1"],"potions":["Block Potion","Strength Potion"]}],"circlet_count":0,"master_deck":["AscendersBane","Defend_B+1","Defend_B+1","Sweeping Beam","Doom and Gloom+1","Redo+1","Cold Snap","Beam Cell+1","Turbo","Coolheaded+1","Electrodynamics","Reinforced Body+1","Compile Driver+1","Consume+1","BootSequence","Loop","Redo+1","Biased Cognition","Coolheaded+1","Skim+1","Aggregate+1","Go for the Eyes","All For One","Loop+1","Hologram+1","Compile Driver","Core Surge","Meteor Strike","Glacier","Bandage Up","Skim+1","Go for the Eyes+1","Hologram","Conserve Battery"],"potion_use_per_floor":[[],[],[],[],[],[],[],["Block Potion"],[],[],[],[],[],[],[],["FocusPotion"],[],[],[],[],[],[],[],[],[],[],[],[],[],[],[],[],[],[],[],[],[],[],[],[],[],[],[],[],[],[],[],[],[],[],[],[],[],[],["DuplicationPotion"],["GamblersBrew","PotionOfCapacity"],[]],"relics":["Cracked Core","ClockworkSouvenir","Strawberry","War Paint","Golden Idol","DataDisk","Astrolabe","Runic Capacitor","Kunai","Frozen Egg 2","InkBottle","MawBank","Runic Pyramid","Centennial Puzzle","Orichalcum","Smiling Mask","Prayer Wheel","HornCleat","Letter Opener"],"potions_floor_usage":[8,16,55,56,56],"damage_taken":[{"damage":7,"enemies":"Small Slimes","floor":1,"turns":3},{"damage":4,"enemies":"Jaw Worm","floor":3,"turns":3},{"damage":1,"enemies":"Cultist","floor":4,"turns":4},{"damage":2,"enemies":"2 Fungi Beasts","floor":7,"turns":2},{"damage":22,"enemies":"Gremlin Nob","floor":8,"turns":4},{"damage":14,"enemies":"3 Sentries","floor":12,"turns":6},{"damage":6,"enemies":"Exordium Thugs","floor":14,"turns":3},{"damage":23,"enemies":"Hexaghost","floor":16,"turns":11},{"damage":6,"enemies":"3 Byrds","floor":18,"turns":3},{"damage":3,"enemies":"Chosen","floor":20,"turns":4},{"damage":5,"enemies":"Gremlin Leader","floor":23,"turns":5},{"damage":0,"enemies":"Snake Plant","floor":25,"turns":3},{"damage":19,"enemies":"Slavers","floor":27,"turns":3},{"damage":0,"enemies":"Gremlin Leader","floor":30,"turns":7},{"damage":0,"enemies":"Centurion and Healer","floor":31,"turns":5},{"damage":0,"enemies":"Champ","floor":33,"turns":15},{"damage":4,"enemies":"3 Shapes","floor":35,"turns":3},{"damage":10,"enemies":"3 Darklings","floor":38,"turns":4},{"damage":10,"enemies":"4 Shapes","floor":39,"turns":3},{"damage":0,"enemies":"Nemesis","floor":40,"turns":15},{"damage":0,"enemies":"Giant Head","floor":42,"turns":11},{"damage":0,"enemies":"Nemesis","floor":45,"turns":13},{"damage":13,"enemies":"2 Orb Walkers","floor":46,"turns":3},{"damage":0,"enemies":"Sphere and 2 Shapes","floor":48,"turns":7},{"damage":0,"enemies":"Time Eater","floor":50,"turns":31},{"damage":0,"enemies":"Donu and Deca","floor":51,"turns":7},{"damage":34,"enemies":"Shield and Spear","floor":55,"turns":9},{"damage":5,"enemies":"The Heart","floor":56,"turns":11}],"green_key_taken_log":45,"seed_played":"68193412397765756","neow_bonus_log":{"cardsObtained":[],"cardsUpgraded":[],"cardsRemoved":[],"cardsTransformed":[],"relicsObtained":[],"maxHpGained":0,"goldGained":100,"damageTaken":0,"goldLost":0,"maxHpLost":0},"potions_obtained":[{"floor":1,"key":"Block Potion"},{"floor":3,"key":"FocusPotion"},{"floor":16,"key":"DuplicationPotion"},{"floor":23,"key":"FairyPotion"},{"floor":40,"key":"FairyPotion"},{"floor":55,"key":"PotionOfCapacity"}],"is_trial":false,"path_per_floor":["M","$","M","M","?","R","M","E","T","R","?","?","R","M","R","B",null,"M","?","M","?","$","E","$","M","T","E","R","?","E","M","R","B",null,"M","?","?","M","M","E","R","E","T","R","E","?","$","M","R","B","B",null,"R","$","E","B",null],"character_chosen":"DEFECT","basemod:card_modifiers":[null,null,null,null,null,null,null,null,null,null,null,null,null,null,null,null,null,null,null,null,null,null,null,null,null,null,null,null,null,null,null,null,null,null],"items_purchased":["ClockworkSouvenir","Biased Cognition","Runic Capacitor","Coolheaded","Glacier","HornCleat","Bandage Up","Hologram","GamblersBrew"],"campfire_rested":1,"item_purchase_floors":[2,22,22,22,47,47,47,54,54],"current_hp_per_floor":[57,57,53,52,45,45,43,28,28,28,28,14,35,29,29,6,55,49,71,68,68,68,63,63,63,63,44,44,44,44,44,44,44,64,60,60,60,50,40,40,40,40,40,40,40,27,27,31,31,35,39,63,63,63,33,32],"gold":87,"neow_bonus":"HUNDRED_GOLD","is_prod":false,"is_daily":false,"rewards_skipped":[{"floor":27,"relics":[],"potions":["SmokeBomb"]},{"floor":33,"relics":[],"potions":["Strength Potion"]},{"floor":46,"relics":[],"potions":["Weak Potion"]},{"floor":48,"relics":[],"potions":["SpeedPotion"]}],"chose_seed":false,"campfire_upgraded":8,"win_rate":0,"floor_exit_playtime":[193,260,307,363,389,427,555,800,823,1000,1005,1196,1227,1269,1282,1653,1770,1912,1936,2005,2168,2240,2347,2384,2466,2469,2556,2588,2610,2797,2914,2991,3291,3397,3475,3529,3535,3690,3775,3990,4018,4278,4284,4292,4475,4630,4743,4954,4959,5229,5516,5527,5536,5651,6418,7055],"timestamp":1683333552,"blue_key_relic_skipped_log":{"floor":43,"relicID":"StoneCalendar"},"path_taken":["M","$","M","M","?","R","M","E","T","R","?","?","R","M","R","BOSS","M","?","?","?","$","E","?","M","T","E","R","?","E","M","R","BOSS","M","?","?","M","?","E","R","E","T","R","E","?","$","M","R","BOSS","BOSS","R","$","E","BOSS"],"build_version":"2022-12-18","purchased_purges":3,"victory":true,"max_hp_per_floor":[71,71,71,71,71,71,71,78,78,78,71,71,71,71,71,71,71,71,71,71,71,71,71,71,71,71,71,71,71,71,71,71,71,71,71,71,71,71,71,71,71,71,71,71,71,71,71,71,71,71,71,71,71,71,71,71],"relic_stats":{"counters":[28,198],"Golden Idol":215,"Astrolabe":["Reinforced Body","Compile Driver","Consume"],"Letter Opener":[40],"War Paint":["Defend_B","Defend_B"],"Orichalcum":[48],"MawBank":204,"Smiling Mask":125,"Centennial Puzzle":[9],"Prayer Wheel":1,"Kunai":[34],"obtain_stats":[{"Golden Idol":11,"Astrolabe":17,"Runic Capacitor":22,"Letter Opener":55,"War Paint":9,"Frozen Egg 2":26,"Orichalcum":42,"MawBank":30,"Smiling Mask":45,"ClockworkSouvenir":2,"DataDisk":12,"Centennial Puzzle":40,"HornCleat":47,"Strawberry":8,"Prayer Wheel":46,"Kunai":23,"Cracked Core":0,"InkBottle":27,"Runic Pyramid":34},{"Golden Idol":5,"Astrolabe":8,"Runic Capacitor":10,"Letter Opener":27,"War Paint":5,"Frozen Egg 2":12,"Orichalcum":21,"MawBank":14,"Smiling Mask":22,"ClockworkSouvenir":1,"DataDisk":6,"Centennial Puzzle":20,"HornCleat":23,"Strawberry":5,"Prayer Wheel":23,"Kunai":11,"Cracked Core":0,"InkBottle":13,"Runic Pyramid":16},{"Golden Idol":16,"Astrolabe":36,"Runic Capacitor":43,"Letter Opener":187,"War Paint":16,"Frozen Egg 2":51,"Orichalcum":117,"MawBank":61,"Smiling Mask":130,"ClockworkSouvenir":3,"DataDisk":22,"Centennial Puzzle":106,"HornCleat":133,"Strawberry":16,"Prayer Wheel":133,"Kunai":48,"Cracked Core":0,"InkBottle":54,"Runic Pyramid":81}],"InkBottle":[46]},"card_choices":[{"not_picked":["Hello World","Steam Power"],"picked":"Sweeping Beam","floor":1},{"not_picked":["Go for the Eyes","Hello World"],"picked":"Doom and Gloom","floor":3},{"not_picked":["Static Discharge","Rip and Tear"],"picked":"Redo","floor":4},{"not_picked":["Redo","Barrage"],"picked":"Cold Snap","floor":7},{"not_picked":["Force Field","Leap"],"picked":"Beam Cell","floor":8},{"not_picked":["Beam Cell","Amplify"],"picked":"Turbo","floor":12},{"not_picked":["Steam","Tempest"],"picked":"Coolheaded","floor":14},{"not_picked":["Creative AI","Meteor Strike"],"picked":"Electrodynamics","floor":16},{"not_picked":["Reprogram","Redo"],"picked":"BootSequence","floor":18},{"not_picked":["Lockon+1","Compile Driver"],"picked":"Loop","floor":20},{"not_picked":["Amplify","Consume+1"],"picked":"Skim","floor":23},{"not_picked":["Hologram","Redo+1"],"picked":"Aggregate","floor":25},{"not_picked":["Compile Driver","FTL+1"],"picked":"Go for the Eyes","floor":30},{"not_picked":["Rebound","Storm+1","Beam Cell"],"picked":"SKIP","floor":31},{"not_picked":["Amplify","Fission"],"picked":"All For One","floor":33},{"not_picked":["Barrage","Compile Driver"],"picked":"Loop+1","floor":35},{"not_picked":["Capacitor+1","Conserve Battery"],"picked":"Hologram","floor":38},{"not_picked":["Chill","Beam Cell"],"picked":"Compile Driver","floor":39},{"not_picked":["Multi-Cast","Force Field"],"picked":"Core Surge","floor":40},{"not_picked":["Compile Driver+1","Stack+1","Steam"],"picked":"SKIP","floor":42},{"not_picked":["Gash","Streamline"],"picked":"Meteor Strike","floor":45},{"not_picked":["Sweeping Beam","Stack","Leap"],"picked":"SKIP","floor":46},{"not_picked":["Blizzard","Turbo"],"picked":"Skim+1","floor":48},{"not_picked":["Sweeping Beam","Leap"],"picked":"Go for the Eyes+1","floor":48},{"not_picked":["Gash+1","Aggregate"],"picked":"Conserve Battery","floor":55}],"player_experience":5656259,"relics_obtained":[{"floor":8,"key":"Strawberry"},{"floor":9,"key":"War Paint"},{"floor":12,"key":"DataDisk"},{"floor":23,"key":"Kunai"},{"floor":26,"key":"Frozen Egg 2"},{"floor":27,"key":"InkBottle"},{"floor":30,"key":"MawBank"},{"floor":40,"key":"Centennial Puzzle"},{"floor":42,"key":"Orichalcum"},{"floor":45,"key":"Smiling Mask"},{"floor":46,"key":"Prayer Wheel"},{"floor":55,"key":"Letter Opener"}],"event_choices":[{"cards_removed":["Strike_B"],"damage_healed":0,"gold_gain":0,"player_choice":"Card Removal","damage_taken":7,"max_hp_gain":0,"max_hp_loss":0,"event_name":"Golden Wing","floor":5,"gold_loss":0},{"damage_healed":0,"gold_gain":0,"player_choice":"Lose Max HP","damage_taken":0,"relics_obtained":["Golden Idol"],"max_hp_gain":0,"max_hp_loss":7,"event_name":"Golden Idol","floor":11,"gold_loss":0},{"damage_healed":0,"gold_gain":0,"player_choice":"Searched \u00271\u0027 times","damage_taken":0,"max_hp_gain":0,"max_hp_loss":0,"event_name":"Dead Adventurer","floor":12,"gold_loss":0},{"damage_healed":22,"gold_gain":0,"player_choice":"Full Heal","damage_taken":0,"max_hp_gain":0,"max_hp_loss":0,"event_name":"Wheel of Change","floor":19,"gold_loss":0},{"damage_healed":0,"gold_gain":0,"player_choice":"Copied","damage_taken":0,"max_hp_gain":0,"max_hp_loss":0,"event_name":"Duplicator","floor":21,"gold_loss":0,"cards_obtained":["Redo"]},{"cards_removed":["Defend_B"],"damage_healed":0,"gold_gain":0,"player_choice":"Elegance","damage_taken":0,"max_hp_gain":0,"max_hp_loss":0,"event_name":"Back to Basics","floor":29,"gold_loss":0},{"damage_healed":0,"gold_gain":0,"player_choice":"Ignored","damage_taken":0,"max_hp_gain":0,"max_hp_loss":0,"event_name":"Tomb of Lord Red Mask","floor":36,"gold_loss":0},{"damage_healed":0,"gold_gain":50,"player_choice":"Pray","damage_taken":0,"max_hp_gain":0,"max_hp_loss":0,"event_name":"Golden Shrine","floor":37,"gold_loss":0},{"damage_healed":0,"gold_gain":0,"player_choice":"Fight","damage_taken":0,"max_hp_gain":0,"max_hp_loss":0,"event_name":"Mysterious Sphere","floor":46,"gold_loss":0}],"is_beta":false,"boss_relics":[{"not_picked":["SlaversCollar","Empty Cage"],"picked":"Astrolabe"},{"not_picked":["Nuclear Battery","FrozenCore"],"picked":"Runic Pyramid"}],"items_purged_floors":[22,47,54],"is_endless":false,"potions_floor_spawned":[1,3,16,23,27,33,40,46,48,55],"ascension_level":20,"potion_discard_per_floor":[[],[],[],[],[],[],[],[],[],[],[],[],[],[],[],[],[],[],[],[],[],[],[],[],[],[],[],[],[],[],[],[],[],[],[],[],[],[],[],["FairyPotion"],[],[],[],[],[],[],[],[],[],[],[],[],[],["FairyPotion"],[],[],[]]}