{"neow_bonuses_skipped_log":["THREE_SMALL_POTIONS","TRANSFORM_TWO_CARDS","BOSS_RELIC"],"neow_costs_skipped_log":["NONE","CURSE","NONE"],"potions_obtained_entropic_brew":[[],[],[],[],[],[],[],[],[],["LiquidMemories","SteroidPotion"],[],[],[],[],[],[],[],[],[],[],[],[],[],[],[],[],[],[],[],[],[],[],[],[],[],[],[],[],[],[],[],[],[],[],[],[],[],[],[],[],[],[],[],[],[],[],[]],"gold_per_floor":[114,114,130,142,162,162,191,204,228,257,257,138,138,156,156,232,232,252,264,17,17,17,17,46,46,46,64,93,363,363,375,375,453,453,470,206,206,122,122,122,153,153,153,187,187,198,232,248,248,248,248,248,248,1,26,26],"floor_reached":57,"playtime":7175,"items_purged":["Dualcast","Strike_B"],"score":2897,"play_id":"6375abc4-ae96-4c11-8257-da8df7fbc235","local_time":"20230507165455","score_breakdown":["Floors Climbed (57): 285","Enemies Slain (13): 26","Exordium Elites Killed (2): 20","City Elites Killed (2): 40","Beyond Elites Killed (3): 90","Bosses Slain (5): 750","Librarian: 25","Champion (2): 50","Overkill: 25","C-c-c-combo: 25","Ascension (20): 1311","Heartbreaker: 250"],"is_ascension_mode":true,"potions_obtained_alchemize":[[],[],[],[],[],[],[],[],[],[],[],[],[],[],[],[],[],[],[],[],[],[],[],[],[],[],[],[],[],[],[],[],[],[],[],[],[],[],[],[],[],[],[],[],[],[],[],[],[],[],[],[],[],[],[],[],[]],"campfire_choices":[{"data":"Sweeping Beam","floor":6,"key":"SMITH"},{"data":"Redo","floor":11,"key":"SMITH"},{"data":"Beam Cell","floor":13,"key":"SMITH"},{"data":"Biased Cognition","floor":15,"key":"SMITH"},{"data":"Fission","floor":23,"key":"SMITH"},{"data":"Chaos","floor":25,"key":"SMITH"},{"data":"Aggregate","floor":30,"key":"SMITH"},{"data":"Coolheaded","floor":32,"key":"SMITH"},{"data":"Loop","floor":40,"key":"SMITH"},{"data":"Panacea","floor":42,"key":"SMITH"},{"floor":45,"key":"RECALL"},{"data":"Heatsinks","floor":49,"key":"SMITH"},{"data":"Amplify","floor":53,"key":"SMITH"}],"lesson_learned_per_floor":[[],[],[],[],[],[],[],[],[],[],[],[],[],[],[],[],[],[],[],[],[],[],[],[],[],[],[],[],[],[],[],[],[],[],[],[],[],[],[],[],[],[],[],[],[],[],[],[],[],[],[],[],[],[],[],[],[]],"neow_cost":"NONE","improvable_cards":{"Genetic Algorithm+1":[35]},"seed_source_timestamp":5683769068318,"shop_contents":[{"floor":12,"relics":["Emotion Chip","Question Card","Medical Kit"],"cards":["Rip and Tear","Melter","Leap","Self Repair","Trip","Thinking Ahead"],"potions":["AttackPotion","LiquidMemories","Dexterity Potion"]},{"floor":20,"relics":["Pen Nib","Matryoshka"],"cards":["Barrage","Gash","Leap","Capacitor","Trip","Magnetism"],"potions":["BlessingOfTheForge","FairyPotion","FocusPotion"]},{"floor":36,"relics":["Bottled Tornado","CaptainsWheel"],"cards":["Rebound","Go for the Eyes","Stack","Redo","Defragment","Discovery","Violence"],"potions":["Strength Potion","GamblersBrew","FearPotion"]},{"floor":38,"relics":["Strawberry","Nunchaku","TheAbacus"],"cards":["Scrape","Melter","Conserve Battery","Stack","Good Instincts","Master of Strategy"],"potions":["Explosive Potion","FairyPotion","Energy Potion"]},{"floor":54,"relics":["Orichalcum","Incense Burner"],"cards":["Rip and Tear","Gash","Conserve Battery","Self Repair","Madness","Sadistic Nature"],"potions":["SpeedPotion","SkillPotion"]}],"circlet_count":0,"master_deck":["AscendersBane","Strike_B","Strike_B","Defend_B","Defend_B","Defend_B","Defend_B","Zap","Defragment+1","Sweeping Beam+1","Cold Snap","Redo+1","Beam Cell+1","Self Repair","Biased Cognition+1","Skim","Coolheaded+1","Fission+1","Conserve Battery","Aggregate+1","Self Repair+1","Darkness+1","Chaos+1","Genetic Algorithm+1","Chill","Coolheaded","Electrodynamics","Compile Driver","Redo+1","Meteor Strike","BootSequence","Panacea+1","Deep Breath","Loop+1","Amplify+1","Turbo","Heatsinks+1","Coolheaded","Capacitor+1"],"potion_use_per_floor":[[],[],[],[],[],[],["DuplicationPotion"],[],[],["EntropicBrew"],[],[],[],[],[],[],[],[],[],[],[],[],[],["LiquidMemories"],[],[],[],[],[],[],[],[],[],[],[],[],[],[],[],[],[],[],[],[],[],[],["DistilledChaos"],[],[],[],[],[],[],[],[],["Swift Potion","Weak Potion"],[]],"relics":["Cracked Core","InkBottle","Toy Ornithopter","Oddly Smooth Stone","Runic Pyramid","Orrery","Pear","Tiny Chest","Calipers","Lizard Tail","Black Star","Runic Capacitor","Art of War","Kunai","HornCleat","Bird Faced Urn","War Paint","Symbiotic Virus","Bottled Lightning","OrangePellets","Anchor","StrikeDummy"],"potions_floor_usage":[7,10,24,47,56,56],"damage_taken":[{"damage":1,"enemies":"2 Louse","floor":1,"turns":3},{"damage":0,"enemies":"Cultist","floor":3,"turns":3},{"damage":7,"enemies":"Jaw Worm","floor":4,"turns":3},{"damage":3,"enemies":"2 Fungi Beasts","floor":5,"turns":5},{"damage":7,"enemies":"Lagavulin","floor":7,"turns":8},{"damage":10,"enemies":"Gremlin Gang","floor":8,"turns":6},{"damage":30,"enemies":"3 Sentries","floor":10,"turns":6},{"damage":0,"enemies":"Large Slime","floor":14,"turns":4},{"damage":2,"enemies":"The Guardian","floor":16,"turns":13},{"damage":6,"enemies":"Spheric Guardian","floor":18,"turns":4},{"damage":0,"enemies":"Chosen","floor":19,"turns":5},{"damage":16,"enemies":"Book of Stabbing","floor":24,"turns":6},{"damage":0,"enemies":"3 Cultists","floor":27,"turns":6},{"damage":0,"enemies":"Gremlin Leader","floor":28,"turns":8},{"damage":0,"enemies":"Centurion and Healer","floor":31,"turns":6},{"damage":25,"enemies":"Collector","floor":33,"turns":12},{"damage":17,"enemies":"3 Darklings","floor":35,"turns":5},{"damage":0,"enemies":"Giant Head","floor":41,"turns":5},{"damage":2,"enemies":"Nemesis","floor":44,"turns":7},{"damage":0,"enemies":"3 Shapes","floor":46,"turns":4},{"damage":1,"enemies":"Reptomancer","floor":47,"turns":5},{"damage":0,"enemies":"Maw","floor":48,"turns":5},{"damage":7,"enemies":"Awakened One","floor":50,"turns":17},{"damage":1,"enemies":"Donu and Deca","floor":51,"turns":10},{"damage":2,"enemies":"Shield and Spear","floor":55,"turns":8},{"damage":7,"enemies":"The Heart","floor":56,"turns":10}],"green_key_taken_log":28,"seed_played":"-5374827954857507063","neow_bonus_log":{"cardsObtained":[],"cardsUpgraded":[],"cardsRemoved":["Strike_B"],"cardsTransformed":[],"relicsObtained":[],"maxHpGained":0,"goldGained":0,"damageTaken":0,"goldLost":0,"maxHpLost":0},"potions_obtained":[{"floor":1,"key":"DuplicationPotion"},{"floor":4,"key":"SpeedPotion"},{"floor":5,"key":"EntropicBrew"},{"floor":24,"key":"FearPotion"},{"floor":28,"key":"Fire Potion"},{"floor":33,"key":"Weak Potion"},{"floor":44,"key":"DistilledChaos"},{"floor":48,"key":"BlessingOfTheForge"}],"is_trial":false,"path_per_floor":["M","?","M","M","M","R","E","M","T","E","R","$","R","M","R","B",null,"M","M","$","?","T","R","E","R","T","M","E","?","R","M","R","B",null,"M","$","?","$","T","R","E","R","T","E","R","M","E","M","R","B","B",null,"R","$","E","B",null],"character_chosen":"DEFECT","basemod:card_modifiers":[null,null,null,null,null,null,null,null,null,null,null,null,null,null,null,null,null,null,null,null,null,null,null,null,null,null,null,null,null,null,null,null,null,null,null,null,null,null,null],"items_purchased":["Skim","Orrery","Chill","Runic Capacitor","Loop","OrangePellets","Swift Potion","Coolheaded"],"campfire_rested":0,"item_purchase_floors":[12,20,20,36,38,54,54,54],"current_hp_per_floor":[63,63,63,56,53,53,46,36,36,18,18,18,18,25,25,30,61,62,69,69,69,79,79,81,81,81,81,81,54,54,71,71,63,77,77,77,67,67,67,67,67,67,67,81,81,81,81,81,81,81,81,81,81,81,81,81],"gold":26,"neow_bonus":"REMOVE_CARD","is_prod":false,"is_daily":false,"rewards_skipped":[{"floor":14,"relics":[],"potions":["Block Potion"]},{"floor":35,"relics":[],"potions":["SpeedPotion"]}],"chose_seed":false,"campfire_upgraded":12,"win_rate":0,"floor_exit_playtime":[192,245,271,381,518,528,852,952,964,1177,1188,1337,1364,1475,1506,1921,1989,2093,2160,2298,2302,2310,2317,2605,2621,2626,2752,2959,3006,3019,3170,3177,3650,3861,4026,4066,4151,4236,4243,4255,4437,4491,4493,4972,4979,5117,5758,5924,5938,6364,6584,6595,6623,6662,6904,7175],"timestamp":1683492895,"blue_key_relic_skipped_log":{"floor":39,"relicID":"Molten Egg 2"},"path_taken":["M","?","M","M","M","R","E","M","T","E","R","$","R","M","R","BOSS","M","M","$","?","?","R","E","R","T","M","E","?","R","?","R","BOSS","M","$","?","$","?","R","E","R","T","E","R","M","E","M","R","BOSS","BOSS","R","$","E","BOSS"],"build_version":"2022-12-18","purchased_purges":2,"victory":true,"max_hp_per_floor":[71,71,71,71,71,71,71,71,71,71,71,71,71,71,71,71,71,71,71,71,71,81,81,81,81,81,81,81,81,81,81,81,81,81,81,81,81,81,81,81,81,81,81,81,81,81,81,81,81,81,81,81,81,81,81,81],"relic_stats":{"Calipers":[3921],"counters":[26,173],"War Paint":["Redo","Genetic Algorithm"],"OrangePellets":[4],"Lizard Tail":0,"Bird Faced Urn":[18],"Tiny Chest":1,"Black Star":4,"Art of War":[19],"Kunai":[15],"Bottled Lightning":"Fission","obtain_stats":[{"Pear":22,"Calipers":26,"Oddly Smooth Stone":10,"Runic Capacitor":36,"War Paint":44,"OrangePellets":54,"Lizard Tail":28,"Anchor":55,"HornCleat":43,"Bird Faced Urn":44,"Orrery":20,"Tiny Chest":24,"Black Star":34,"Art of War":41,"Kunai":41,"Bottled Lightning":47,"Cracked Core":0,"Symbiotic Virus":47,"StrikeDummy":55,"InkBottle":7,"Toy Ornithopter":9,"Runic Pyramid":17},{"Pear":11,"Calipers":12,"Oddly Smooth Stone":7,"Runic Capacitor":17,"War Paint":19,"OrangePellets":24,"Lizard Tail":14,"Anchor":25,"HornCleat":18,"Bird Faced Urn":19,"Orrery":11,"Tiny Chest":12,"Black Star":16,"Art of War":18,"Kunai":18,"Bottled Lightning":21,"Cracked Core":0,"Symbiotic Virus":21,"StrikeDummy":25,"InkBottle":5,"Toy Ornithopter":6,"Runic Pyramid":9},{"Pear":60,"Calipers":66,"Oddly Smooth Stone":34,"Runic Capacitor":103,"War Paint":115,"OrangePellets":156,"Lizard Tail":80,"Anchor":164,"HornCleat":108,"Bird Faced Urn":115,"Orrery":60,"Tiny Chest":66,"Black Star":98,"Art of War":108,"Kunai":108,"Bottled Lightning":124,"Cracked Core":0,"Symbiotic Virus":124,"StrikeDummy":164,"InkBottle":22,"Toy Ornithopter":28,"Runic Pyramid":51}],"InkBottle":[80],"Toy Ornithopter":10},"card_choices":[{"not_picked":["Genetic Algorithm","Turbo"],"picked":"Defragment","floor":1},{"not_picked":["Static Discharge","Rip and Tear"],"picked":"Sweeping Beam","floor":3},{"not_picked":["Hologram","Leap"],"picked":"Cold Snap","floor":4},{"not_picked":["Leap","Beam Cell"],"picked":"Redo","floor":5},{"not_picked":["Darkness","Capacitor"],"picked":"Beam Cell","floor":7},{"not_picked":["Melter","Rip and Tear"],"picked":"Self Repair","floor":8},{"not_picked":["Leap","Darkness"],"picked":"Biased Cognition","floor":10},{"not_picked":["Go for the Eyes","Beam Cell"],"picked":"Coolheaded","floor":14},{"not_picked":["Buffer","Hyperbeam"],"picked":"Fission","floor":16},{"not_picked":["Compile Driver","Rebound"],"picked":"Conserve Battery","floor":18},{"not_picked":["FTL","Barrage+1"],"picked":"Aggregate","floor":19},{"not_picked":["Conserve Battery","Compile Driver"],"picked":"Self Repair+1","floor":20},{"not_picked":["Conserve Battery","Undo"],"picked":"Darkness+1","floor":20},{"not_picked":["Turbo","Aggregate"],"picked":"Chaos","floor":20},{"not_picked":["Steam+1","Compile Driver"],"picked":"Genetic Algorithm","floor":20},{"not_picked":["Barrage","Stack","Beam Cell"],"picked":"SKIP","floor":20},{"not_picked":["White Noise","Rebound"],"picked":"Coolheaded","floor":24},{"not_picked":["Cold Snap","Barrage+1"],"picked":"Electrodynamics","floor":27},{"not_picked":["Heatsinks","Rip and Tear"],"picked":"Compile Driver","floor":28},{"not_picked":["Beam Cell+1","Streamline"],"picked":"Redo","floor":31},{"not_picked":["Amplify","Multi-Cast"],"picked":"Meteor Strike","floor":33},{"not_picked":["Beam Cell","Conserve Battery"],"picked":"BootSequence","floor":35},{"not_picked":["Swift Strike","HandOfGreed"],"picked":"Panacea","floor":37},{"not_picked":["Thinking Ahead","Purity"],"picked":"Deep Breath","floor":37},{"not_picked":["Jack Of All Trades","Purity","Panache"],"picked":"SKIP","floor":37},{"not_picked":["Hello World","Static Discharge"],"picked":"Amplify","floor":41},{"not_picked":["Self Repair","Force Field"],"picked":"Turbo","floor":44},{"not_picked":["Conserve Battery","Doom and Gloom","Barrage"],"picked":"SKIP","floor":46},{"not_picked":["Auto Shields","Sweeping Beam"],"picked":"Heatsinks","floor":47},{"not_picked":["Leap","Static Discharge","Redo"],"picked":"SKIP","floor":48},{"not_picked":["Thunder Strike","Doom and Gloom+1"],"picked":"Capacitor+1","floor":55}],"player_experience":5663314,"relics_obtained":[{"floor":7,"key":"InkBottle"},{"floor":9,"key":"Toy Ornithopter"},{"floor":10,"key":"Oddly Smooth Stone"},{"floor":22,"key":"Pear"},{"floor":24,"key":"Tiny Chest"},{"floor":26,"key":"Calipers"},{"floor":28,"key":"Lizard Tail"},{"floor":41,"key":"Art of War"},{"floor":41,"key":"Kunai"},{"floor":43,"key":"HornCleat"},{"floor":44,"key":"Bird Faced Urn"},{"floor":44,"key":"War Paint"},{"floor":47,"key":"Symbiotic Virus"},{"floor":47,"key":"Bottled Lightning"},{"floor":55,"key":"Anchor"},{"floor":55,"key":"StrikeDummy"}],"event_choices":[{"damage_healed":0,"gold_gain":0,"player_choice":"Forge","damage_taken":0,"max_hp_gain":0,"max_hp_loss":0,"event_name":"Accursed Blacksmith","floor":2,"gold_loss":0,"cards_upgraded":["Defragment"]},{"damage_healed":0,"gold_gain":0,"player_choice":"Ignored","damage_taken":0,"max_hp_gain":0,"max_hp_loss":0,"event_name":"Vampires","floor":21,"gold_loss":0},{"damage_healed":0,"gold_gain":270,"player_choice":"GOLD GOLD GOLD ","damage_taken":27,"max_hp_gain":0,"max_hp_loss":0,"event_name":"Knowing Skull","floor":29,"potions_obtained":[],"gold_loss":0,"cards_obtained":[]},{"damage_healed":0,"gold_gain":0,"player_choice":"Memory 3","damage_taken":10,"max_hp_gain":0,"max_hp_loss":0,"event_name":"SensoryStone","floor":37,"gold_loss":0}],"is_beta":false,"boss_relics":[{"not_picked":["Tiny House","SlaversCollar"],"picked":"Runic Pyramid"},{"not_picked":["Snecko Eye","Philosopher\u0027s Stone"],"picked":"Black Star"}],"items_purged_floors":[12,36],"is_endless":false,"potions_floor_spawned":[1,4,5,14,24,28,33,35,44,48],"ascension_level":20,"potion_discard_per_floor":[[],[],[],[],["SpeedPotion"],[],[],[],[],[],[],[],[],[],[],[],[],[],[],[],[],[],[],[],[],[],[],["FearPotion"],[],[],[],[],["SteroidPotion"],[],[],[],[],[],[],[],[],[],[],["Fire Potion"],[],[],[],[],[],[],[],[],[],["BlessingOfTheForge"],[],[],[]]}