{"neow_bonuses_skipped_log":["REMOVE_CARD","THREE_SMALL_POTIONS","TRANSFORM_TWO_CARDS"],"potions_obtained_entropic_brew":[[],[],[],[],[],[],[],[],[],[],[],[],[],[],[],[],[],[],[],[],[],[],[],[],[],[],[],[],[],[],[],[],[],[],[],[],[],[],[],[],[],[],[],[],[],[],[],[],[],[],[],[],[],[],[],[],[]],"neow_costs_skipped_log":["NONE","NONE","CURSE"],"gold_per_floor":[116,116,116,132,147,147,147,147,171,205,60,60,78,92,92,181,181,204,204,129,149,73,73,89,113,182,202,241,241,241,274,274,372,372,390,16,39,64,130,130,149,149,175,219,239,239,277,295,295,295,295,295,295,21,61,61],"floor_reached":57,"playtime":6181,"items_purged":["Dualcast","Defend_B"],"score":2754,"play_id":"82f4560b-b382-4b10-8cc4-25f87c0dd35e","local_time":"20230518201117","score_breakdown":["Floors Climbed (57): 285","Enemies Slain (16): 32","Exordium Elites Killed (1): 10","City Elites Killed (2): 40","Beyond Elites Killed (2): 60","Bosses Slain (5): 750","Champion (1): 25","Overkill: 25","C-c-c-combo: 25","Ascension (20): 1252","Heartbreaker: 250"],"is_ascension_mode":true,"potions_obtained_alchemize":[[],[],[],[],[],[],[],[],[],[],[],[],[],[],[],[],[],[],[],[],[],[],[],[],[],[],[],[],[],[],[],[],[],[],[],[],[],[],[],[],[],[],[],[],[],[],[],[],[],[],[],[],[],[],[],[],[]],"campfire_choices":[{"floor":6,"key":"REST"},{"data":"Hello World","floor":8,"key":"SMITH"},{"data":"Beam Cell","floor":12,"key":"SMITH"},{"data":"Sweeping Beam","floor":15,"key":"SMITH"},{"data":"Sunder","floor":23,"key":"SMITH"},{"data":"Turbo","floor":30,"key":"SMITH"},{"floor":32,"key":"REST"},{"data":"Hologram","floor":40,"key":"SMITH"},{"data":"Biased Cognition","floor":42,"key":"SMITH"},{"floor":46,"key":"RECALL"},{"floor":49,"key":"REST"},{"data":"Heatsinks","floor":53,"key":"SMITH"}],"lesson_learned_per_floor":[[],[],[],[],[],[],[],[],[],[],[],[],[],[],[],[],[],[],[],[],[],[],[],[],[],[],[],[],[],[],[],[],[],[],[],[],[],[],[],[],[],[],[],[],[],[],[],[],[],[],[],[],[],[],[],[],[]],"neow_cost":"NONE","improvable_cards":{},"seed_source_timestamp":22424542536754,"shop_contents":[{"floor":11,"relics":["Cables","Question Card","Chemical X"],"cards":["Blizzard","Stack","Defragment","PanicButton","Secret Technique"],"potions":["LiquidMemories","DistilledChaos","SpeedPotion"]},{"floor":22,"relics":["Juzu Bracelet","Toxic Egg 2","Cauldron"],"cards":["Melter","Glacier","Recycle","Defragment","Flash of Steel","HandOfGreed"],"potions":["Dexterity Potion","PotionOfCapacity","EntropicBrew"]},{"floor":36,"relics":["CeramicFish","Bottled Flame","Bag of Marbles"],"cards":["Scrape","Rebound","Leap","Conserve Battery","Heatsinks","Finesse","Secret Weapon"],"potions":["SteroidPotion","Swift Potion","Regen Potion"]},{"floor":54,"relics":["FossilizedHelix","Pantograph","Toy Ornithopter"],"cards":["Rip and Tear","Streamline","Consume","Leap","Loop","Flash of Steel","Thinking Ahead"],"potions":["Fire Potion","Fire Potion","ColorlessPotion"]}],"circlet_count":0,"master_deck":["AscendersBane","Defend_B","Rebound","BootSequence","Leap","Beam Cell+1","Glacier","Sweeping Beam+1","Static Discharge","Biased Cognition+1","Ball Lightning","Necronomicurse","Hologram+1","Sunder+1","Cold Snap","Turbo+1","Heatsinks+1","Redo+1","Meteor Strike","Aggregate+1","Fission+1","Go for the Eyes+1","Compile Driver","Hologram","White Noise+1","Skim+1","Skim","Loop+1","Chill","Coolheaded"],"potion_use_per_floor":[[],[],[],[],[],[],[],[],[],[],[],[],[],[],[],["SpeedPotion"],[],[],[],[],[],[],[],["Regen Potion"],[],[],[],["Fire Potion"],[],[],["SpeedPotion"],["Fruit Juice"],["SteroidPotion"],[],[],[],[],[],[],[],[],[],[],["EssenceOfSteel"],[],[],[],[],[],[],[],[],[],[],[],["FocusPotion","PotionOfCapacity"],[]],"relics":["Empty Cage","Darkstone Periapt","Golden Idol","Happy Flower","Matryoshka","Runic Pyramid","Necronomicon","Pen Nib","Mummified Hand","The Courier","Gremlin Horn","Astrolabe","OrangePellets","Centennial Puzzle","Shovel","Orichalcum","Sundial","InkBottle","Orrery","Ice Cream"],"potions_floor_usage":[16,24,28,31,32,33,44,56,56],"damage_taken":[{"damage":13,"enemies":"Small Slimes","floor":1,"turns":5},{"damage":1,"enemies":"2 Louse","floor":4,"turns":5},{"damage":4,"enemies":"Jaw Worm","floor":5,"turns":5},{"damage":22,"enemies":"3 Sentries","floor":10,"turns":13},{"damage":1,"enemies":"3 Louse","floor":13,"turns":4},{"damage":0,"enemies":"Looter","floor":14,"turns":3},{"damage":12,"enemies":"Slime Boss","floor":16,"turns":12},{"damage":13,"enemies":"3 Byrds","floor":18,"turns":5},{"damage":0,"enemies":"Chosen","floor":21,"turns":6},{"damage":3,"enemies":"Snake Plant","floor":24,"turns":6},{"damage":0,"enemies":"Centurion and Healer","floor":25,"turns":4},{"damage":4,"enemies":"Shelled Parasite and Fungi","floor":27,"turns":5},{"damage":0,"enemies":"Book of Stabbing","floor":28,"turns":4},{"damage":1,"enemies":"Gremlin Leader","floor":31,"turns":6},{"damage":17,"enemies":"Champ","floor":33,"turns":12},{"damage":1,"enemies":"Orb Walker","floor":35,"turns":2},{"damage":0,"enemies":"3 Darklings","floor":37,"turns":4},{"damage":0,"enemies":"Spire Growth","floor":38,"turns":5},{"damage":1,"enemies":"2 Orb Walkers","floor":39,"turns":3},{"damage":6,"enemies":"Writhing Mass","floor":41,"turns":3},{"damage":4,"enemies":"Reptomancer","floor":44,"turns":4},{"damage":7,"enemies":"Transient","floor":45,"turns":6},{"damage":11,"enemies":"Nemesis","floor":47,"turns":5},{"damage":0,"enemies":"Sphere and 2 Shapes","floor":48,"turns":3},{"damage":14,"enemies":"Time Eater","floor":50,"turns":10},{"damage":2,"enemies":"Awakened One","floor":51,"turns":8},{"damage":2,"enemies":"Shield and Spear","floor":55,"turns":3},{"damage":31,"enemies":"The Heart","floor":56,"turns":5}],"green_key_taken_log":44,"seed_played":"-529721456167758286","neow_bonus_log":{"cardsObtained":[],"cardsUpgraded":[],"cardsRemoved":[],"cardsTransformed":[],"relicsObtained":["Empty Cage"],"maxHpGained":0,"goldGained":0,"damageTaken":0,"goldLost":0,"maxHpLost":0},"potions_obtained":[{"floor":10,"key":"Block Potion"},{"floor":13,"key":"SpeedPotion"},{"floor":16,"key":"Regen Potion"},{"floor":18,"key":"Fire Potion"},{"floor":27,"key":"SpeedPotion"},{"floor":28,"key":"Fruit Juice"},{"floor":31,"key":"SteroidPotion"},{"floor":38,"key":"Explosive Potion"},{"floor":41,"key":"EssenceOfSteel"},{"floor":45,"key":"FocusPotion"}],"is_trial":false,"path_per_floor":["M","?","?","M","M","R","?","R","T","E","$","R","M","M","R","B",null,"M","?","?","M","$","R","M","M","T","M","E","?","R","E","R","B",null,"M","$","M","M","?","R","M","R","T","E","M","R","E","M","R","B","B",null,"R","$","E","B",null],"character_chosen":"DEFECT","basemod:card_modifiers":[null,null,null,null,null,null,null,null,null,null,null,null,null,null,null,null,null,null,null,null,null,null,null,null,null,null,null,null,null,null],"items_purchased":["Glacier","Sweeping Beam","Sunder","OrangePellets","Centennial Puzzle","Compile Driver","Orrery","PotionOfCapacity"],"campfire_rested":3,"item_purchase_floors":[11,11,22,36,36,36,54,54],"current_hp_per_floor":[51,33,33,32,28,47,47,47,47,25,25,25,24,24,24,12,51,38,23,23,23,23,23,35,35,35,31,31,31,31,30,57,40,66,65,65,65,65,64,64,58,58,58,54,47,47,36,36,58,44,42,67,67,67,65,34],"gold":61,"neow_bonus":"BOSS_RELIC","is_prod":false,"is_daily":false,"rewards_skipped":[],"chose_seed":false,"campfire_upgraded":8,"win_rate":0,"floor_exit_playtime":[197,275,322,366,434,520,621,627,631,839,956,968,1043,1123,1153,1366,1472,1643,1691,1730,1871,2043,2056,2186,2254,2275,2439,2697,2753,2789,3095,3115,3593,3793,3820,3934,4044,4151,4242,4258,4350,4394,4401,4608,4780,4785,4942,5046,5063,5339,5610,5621,5646,5763,5949,6181],"timestamp":1684455077,"blue_key_relic_skipped_log":{"floor":43,"relicID":"Bag of Preparation"},"path_taken":["M","?","?","M","M","R","?","R","T","E","$","R","M","M","R","BOSS","M","?","?","M","?","R","M","M","T","M","E","?","R","E","R","BOSS","M","$","M","M","?","R","M","R","T","E","M","R","E","M","R","BOSS","BOSS","R","$","E","BOSS"],"build_version":"2022-12-18","purchased_purges":2,"victory":true,"max_hp_per_floor":[71,71,64,64,64,64,64,64,64,64,64,64,64,64,64,64,64,64,70,70,70,70,70,70,70,70,70,70,70,70,70,75,75,75,75,75,75,75,75,75,75,75,75,75,75,75,75,75,75,75,75,75,75,75,75,75],"relic_stats":{"Darkstone Periapt":6,"Ice Cream":[70],"Happy Flower":[47],"Gremlin Horn":[14,15],"counters":[28,156],"Golden Idol":215,"Astrolabe":["Aggregate","Fission","Go for the Eyes"],"Pen Nib":[29],"The Courier":163,"Orichalcum":[24],"OrangePellets":[19],"Centennial Puzzle":[27],"Matryoshka":2,"Shovel":0,"Mummified Hand":[67],"Sundial":[8],"Necronomicon":[48],"obtain_stats":[{"Darkstone Periapt":2,"Ice Cream":55,"Happy Flower":9,"Gremlin Horn":31,"Golden Idol":3,"Astrolabe":34,"Pen Nib":26,"The Courier":28,"Orichalcum":43,"Empty Cage":0,"OrangePellets":36,"Centennial Puzzle":36,"Matryoshka":10,"Shovel":39,"Mummified Hand":26,"Sundial":44,"Orrery":54,"Necronomicon":19,"Cracked Core":0,"InkBottle":47,"Runic Pyramid":17},{"Darkstone Periapt":1,"Ice Cream":27,"Happy Flower":3,"Gremlin Horn":14,"Golden Idol":1,"Astrolabe":15,"Pen Nib":11,"The Courier":13,"Orichalcum":20,"Empty Cage":0,"OrangePellets":16,"Centennial Puzzle":16,"Matryoshka":4,"Shovel":19,"Mummified Hand":11,"Sundial":21,"Orrery":26,"Necronomicon":8,"Cracked Core":0,"InkBottle":23,"Runic Pyramid":7},{"Darkstone Periapt":5,"Ice Cream":151,"Happy Flower":15,"Gremlin Horn":83,"Golden Idol":5,"Astrolabe":95,"Pen Nib":68,"The Courier":77,"Orichalcum":112,"Empty Cage":0,"OrangePellets":97,"Centennial Puzzle":97,"Matryoshka":28,"Shovel":109,"Mummified Hand":68,"Sundial":116,"Orrery":148,"Necronomicon":52,"Cracked Core":0,"InkBottle":127,"Runic Pyramid":47}],"InkBottle":[23]},"card_choices":[{"not_picked":["Cold Snap","Compile Driver"],"picked":"Hello World","floor":1},{"not_picked":["Redo","Gash"],"picked":"Rebound","floor":4},{"not_picked":["Fusion","Loop"],"picked":"BootSequence","floor":5},{"not_picked":["Conserve Battery","Leap"],"picked":"Beam Cell","floor":10},{"not_picked":["Force Field","Auto Shields","Barrage"],"picked":"SKIP","floor":13},{"not_picked":["Fission","Conserve Battery"],"picked":"Static Discharge","floor":14},{"not_picked":["Multi-Cast","Creative AI"],"picked":"Biased Cognition","floor":16},{"not_picked":["Heatsinks","Gash"],"picked":"Ball Lightning","floor":18},{"not_picked":["Compile Driver","Go for the Eyes"],"picked":"Hologram","floor":21},{"not_picked":["Sunder","Barrage","Tempest"],"picked":"SKIP","floor":24},{"not_picked":["Sunder","Barrage","Tempest"],"picked":"SKIP","floor":24},{"not_picked":["Auto Shields","Steam Power"],"picked":"Cold Snap","floor":25},{"not_picked":["Fusion","Steam"],"picked":"Turbo","floor":27},{"not_picked":["Leap+1","Sunder"],"picked":"Heatsinks","floor":28},{"not_picked":["Leap","Darkness"],"picked":"Redo+1","floor":31},{"not_picked":["Hyperbeam","Core Surge"],"picked":"Meteor Strike","floor":33},{"not_picked":["Rebound","Gash","Steam"],"picked":"SKIP","floor":35},{"not_picked":["Redo","Go for the Eyes","Gash+1"],"picked":"SKIP","floor":37},{"not_picked":["Turbo+1","Go for the Eyes+1"],"picked":"Hologram","floor":38},{"not_picked":["Streamline","Sunder","Aggregate+1"],"picked":"SKIP","floor":39},{"not_picked":["Rebound","Stack","Tempest"],"picked":"SKIP","floor":41},{"not_picked":["Fusion","Streamline"],"picked":"White Noise+1","floor":44},{"not_picked":["Steam","Leap","Ball Lightning"],"picked":"SKIP","floor":45},{"not_picked":["Buffer","Steam+1"],"picked":"Skim+1","floor":47},{"not_picked":["Conserve Battery","Redo+1"],"picked":"Skim","floor":48},{"not_picked":["Hologram","Scrape+1"],"picked":"Loop+1","floor":54},{"not_picked":["Go for the Eyes+1","Gash"],"picked":"Chill","floor":54},{"not_picked":["Beam Cell+1","Turbo","Fusion"],"picked":"SKIP","floor":54},{"not_picked":["Rainbow","Scrape+1","Gash"],"picked":"SKIP","floor":54},{"not_picked":["Redo","Melter+1","Barrage"],"picked":"SKIP","floor":54},{"not_picked":["Genetic Algorithm","Sweeping Beam"],"picked":"Coolheaded","floor":55}],"player_experience":5703582,"relics_obtained":[{"floor":9,"key":"Happy Flower"},{"floor":10,"key":"Matryoshka"},{"floor":19,"key":"Necronomicon"},{"floor":26,"key":"Pen Nib"},{"floor":26,"key":"Mummified Hand"},{"floor":28,"key":"The Courier"},{"floor":31,"key":"Gremlin Horn"},{"floor":39,"key":"Shovel"},{"floor":43,"key":"Orichalcum"},{"floor":44,"key":"Sundial"},{"floor":47,"key":"InkBottle"},{"floor":55,"key":"Ice Cream"}],"event_choices":[{"damage_healed":0,"gold_gain":0,"player_choice":"Success","damage_taken":18,"relics_obtained":["Darkstone Periapt"],"max_hp_gain":0,"max_hp_loss":0,"event_name":"Scrap Ooze","floor":2,"gold_loss":0},{"damage_healed":0,"gold_gain":0,"player_choice":"Lose Max HP","damage_taken":0,"relics_obtained":["Golden Idol"],"max_hp_gain":0,"max_hp_loss":7,"event_name":"Golden Idol","floor":3,"gold_loss":0},{"damage_healed":0,"gold_gain":0,"cards_transformed":["Defend_B"],"player_choice":"Change","damage_taken":0,"max_hp_gain":0,"max_hp_loss":0,"event_name":"Living Wall","floor":7,"gold_loss":0,"cards_obtained":["Leap"]},{"damage_healed":0,"gold_gain":0,"player_choice":"Obtained Book","damage_taken":21,"max_hp_gain":0,"max_hp_loss":0,"event_name":"Cursed Tome","floor":19,"gold_loss":0},{"cards_removed":["Zap"],"damage_healed":0,"gold_gain":0,"player_choice":"Gave Gold","damage_taken":0,"max_hp_gain":0,"max_hp_loss":0,"event_name":"Beggar","floor":20,"gold_loss":75},{"cards_removed":["Strike_B"],"damage_healed":0,"gold_gain":0,"player_choice":"Elegance","damage_taken":0,"max_hp_gain":0,"max_hp_loss":0,"event_name":"Back to Basics","floor":29,"gold_loss":0},{"damage_healed":0,"gold_gain":0,"player_choice":"Fight","damage_taken":0,"max_hp_gain":0,"max_hp_loss":0,"event_name":"Mysterious Sphere","floor":39,"gold_loss":0}],"is_beta":false,"boss_relics":[{"not_picked":["Fusion Hammer","Inserter"],"picked":"Runic Pyramid"},{"not_picked":["Nuclear Battery","Snecko Eye"],"picked":"Astrolabe"}],"items_purged_floors":[36,54],"is_endless":false,"potions_floor_spawned":[10,13,16,18,27,28,31,38,41,45],"ascension_level":20,"potion_discard_per_floor":[[],[],[],[],[],[],[],[],[],[],[],[],[],[],[],[],[],["Block Potion"],[],[],[],[],[],[],[],[],[],[],[],[],[],[],[],[],[],[],[],[],[],[],[],[],[],[],[],[],[],[],[],[],[],[],[],["Explosive Potion"],[],[],[]]}