{"neow_bonuses_skipped_log":["RANDOM_COLORLESS","HUNDRED_GOLD","BOSS_RELIC"],"potions_obtained_entropic_brew":[[],[],[],[],[],[],[],[],[],[],[],[],[],[],[],[],[],[],[],[],[],[],[],[],[],[],[],[],[],[],[],[],[],[],[],[],[],[],[],[],[],[],[],[],[],[],[],[],[],[],[],[],[],[],[],[],[]],"neow_costs_skipped_log":["NONE","NONE","NONE"],"gold_per_floor":[115,132,132,152,169,169,202,214,226,238,278,303,334,371,383,473,485,511,523,554,581,54,54,54,86,110,110,210,210,237,250,250,322,322,338,1337,1337,1357,1024,1056,1056,1089,1089,1103,1103,1103,1103,598,598,598,598,598,598,83,113,113],"floor_reached":57,"playtime":6548,"items_purged":["Normality","Normality","Auto Shields"],"score":3387,"play_id":"0773bf0c-e514-42ee-a51d-e3c5038a3bfe","local_time":"20230520205155","falling_options_log":["Blind","Self Repair"],"score_breakdown":["Floors Climbed (57): 285","Enemies Slain (13): 26","Exordium Elites Killed (2): 20","City Elites Killed (2): 40","Beyond Elites Killed (2): 60","Bosses Slain (5): 750","Money Money (1946): 25","Collector (1): 25","Librarian: 25","Champion (4): 100","Beyond Perfect: 200","Overkill: 25","C-c-c-combo: 25","Ascension (20): 1531","Heartbreaker: 250"],"is_ascension_mode":true,"potions_obtained_alchemize":[[],[],[],[],[],[],[],[],[],[],[],[],[],[],[],[],[],[],[],[],[],[],[],[],[],[],[],[],[],[],[],[],[],[],[],[],[],[],[],[],[],[],[],[],[],[],[],[],[],[],[],[],[],[],[],[],[]],"campfire_choices":[{"data":"Buffer","floor":6,"key":"SMITH"},{"data":"Consume","floor":8,"key":"SMITH"},{"data":"Coolheaded","floor":10,"key":"SMITH"},{"data":"Skim","floor":15,"key":"SMITH"},{"data":"Redo","floor":23,"key":"SMITH"},{"data":"Sunder","floor":27,"key":"SMITH"},{"data":"Defragment","floor":32,"key":"SMITH"},{"data":"Hologram","floor":41,"key":"SMITH"},{"floor":49,"key":"RECALL"},{"data":"Heatsinks","floor":53,"key":"SMITH"}],"lesson_learned_per_floor":[[],[],[],[],[],[],[],[],[],[],[],[],[],[],[],[],[],[],[],[],[],[],[],[],[],[],[],[],[],[],[],[],[],[],[],[],[],[],[],[],[],[],[],[],[],[],[],[],[],[],[],[],[],[],[],[],[]],"neow_cost":"TEN_PERCENT_HP_LOSS","improvable_cards":{},"seed_source_timestamp":15618482195747,"shop_contents":[{"floor":22,"relics":["Bag of Marbles","Orichalcum"],"cards":["Melter","BootSequence","Hello World","Deep Breath"],"potions":["ColorlessPotion","Weak Potion","PowerPotion"]},{"floor":39,"relics":["Question Card","Bottled Lightning"],"cards":["Rip and Tear","Doom and Gloom","Turbo","Stack","Hello World","Metamorphosis"],"potions":["Swift Potion","AttackPotion","Block Potion"]},{"floor":48,"relics":["StrikeDummy"],"cards":["Barrage","Rebound","Hologram","Steam","Finesse","The Bomb"],"potions":["Regen Potion","PotionOfCapacity","BlessingOfTheForge"]},{"floor":54,"relics":["Bottled Tornado","Cauldron"],"cards":["Scrape","Core Surge","Auto Shields","Heatsinks","Enlightenment","Magnetism"],"potions":["Dexterity Potion","LiquidBronze","Strength Potion"]}],"circlet_count":0,"master_deck":["AscendersBane","Dualcast","Buffer+1","Consume+1","Coolheaded+1","Tempest","Chill","Ball Lightning","Self Repair","Undo","Conserve Battery","Compile Driver","Skim+1","Rainbow","Core Surge","FTL","Redo+1","Static Discharge","Lockon","Necronomicurse","Chill","Defragment+1","Panache","All For One","Force Field","Conserve Battery","Blizzard","Sunder+1","Turbo","Doom and Gloom","Hologram+1","Biased Cognition","Blind+1","Steam Power+1","Compile Driver","Panacea","Glacier","Hologram+1","Go for the Eyes+1","Hologram","Heatsinks+1","Hologram"],"potion_use_per_floor":[[],[],[],[],[],[],[],[],[],[],[],[],[],[],[],[],[],[],[],[],["Swift Potion"],[],[],[],["AttackPotion"],[],[],[],[],[],[],[],[],[],[],[],[],[],[],[],[],[],[],[],[],[],[],[],[],[],[],[],[],[],[],["SkillPotion","GamblersBrew"],[]],"relics":["Cracked Core","MawBank","Ancient Tea Set","Odd Mushroom","Singing Bowl","Pandora\u0027s Box","Necronomicon","Runic Capacitor","Pocketwatch","Bronze Scales","FossilizedHelix","InkBottle","Pen Nib","Nuclear Battery","Medical Kit","Blood Vial","Art of War","HornCleat","Orrery","War Paint","Gambling Chip","Akabeko"],"potions_floor_usage":[21,25,56,56],"damage_taken":[{"damage":1,"enemies":"Cultist","floor":1,"turns":3},{"damage":0,"enemies":"Jaw Worm","floor":2,"turns":4},{"damage":0,"enemies":"2 Louse","floor":4,"turns":2},{"damage":6,"enemies":"Looter","floor":5,"turns":4},{"damage":30,"enemies":"Gremlin Nob","floor":7,"turns":5},{"damage":1,"enemies":"The Mushroom Lair","floor":11,"turns":6},{"damage":0,"enemies":"Large Slime","floor":12,"turns":5},{"damage":0,"enemies":"2 Fungi Beasts","floor":13,"turns":6},{"damage":0,"enemies":"Lagavulin","floor":14,"turns":5},{"damage":0,"enemies":"The Guardian","floor":16,"turns":17},{"damage":12,"enemies":"Shell Parasite","floor":18,"turns":12},{"damage":14,"enemies":"3 Byrds","floor":20,"turns":2},{"damage":4,"enemies":"Centurion and Healer","floor":21,"turns":7},{"damage":4,"enemies":"Slavers","floor":25,"turns":4},{"damage":12,"enemies":"Colosseum Slavers","floor":28,"turns":4},{"damage":0,"enemies":"Colosseum Nobs","floor":28,"turns":5},{"damage":0,"enemies":"Gremlin Leader","floor":30,"turns":6},{"damage":0,"enemies":"Snecko","floor":31,"turns":5},{"damage":0,"enemies":"Collector","floor":33,"turns":10},{"damage":0,"enemies":"Orb Walker","floor":35,"turns":2},{"damage":0,"enemies":"3 Darklings","floor":38,"turns":5},{"damage":6,"enemies":"Reptomancer","floor":40,"turns":10},{"damage":0,"enemies":"Giant Head","floor":42,"turns":10},{"damage":0,"enemies":"Spire Growth","floor":44,"turns":3},{"damage":0,"enemies":"Awakened One","floor":50,"turns":15},{"damage":0,"enemies":"Time Eater","floor":51,"turns":17},{"damage":0,"enemies":"Shield and Spear","floor":55,"turns":3},{"damage":60,"enemies":"The Heart","floor":56,"turns":11}],"green_key_taken_log":7,"seed_played":"7606086008103066282","neow_bonus_log":{"cardsObtained":["Buffer","Consume"],"cardsUpgraded":[],"cardsRemoved":[],"cardsTransformed":["Strike_B","Defend_B"],"relicsObtained":[],"maxHpGained":0,"goldGained":0,"damageTaken":0,"goldLost":0,"maxHpLost":7},"potions_obtained":[{"floor":1,"key":"GamblersBrew"},{"floor":4,"key":"Swift Potion"},{"floor":21,"key":"AttackPotion"},{"floor":25,"key":"BlessingOfTheForge"},{"floor":28,"key":"SkillPotion"}],"is_trial":false,"path_per_floor":["M","M","?","M","M","R","E","R","T","R","?","M","M","E","R","B",null,"M","?","M","M","$","R","?","E","T","R","?","?","E","M","R","B",null,"M","?","?","M","$","E","R","E","T","M","?","T","?","$","R","B","B",null,"R","$","E","B",null],"character_chosen":"DEFECT","basemod:card_modifiers":[null,null,null,null,null,null,null,null,null,null,null,null,null,null,null,null,null,null,null,null,null,null,null,null,null,null,null,null,null,null,null,null,null,null,null,null,null,null,null,null,null,null],"items_purchased":["Runic Capacitor","Panache","All For One","Force Field","Blind","Medical Kit","Orrery","War Paint","Heatsinks","Gambling Chip","Hologram"],"campfire_rested":0,"item_purchase_floors":[22,22,22,22,39,39,48,48,48,54,54],"current_hp_per_floor":[63,63,63,63,57,57,27,27,27,27,33,40,47,54,54,61,63,58,37,30,33,33,33,33,36,36,36,38,38,45,52,52,59,63,66,66,63,65,65,65,65,65,65,67,61,61,61,63,63,65,73,73,73,73,75,22],"gold":113,"neow_bonus":"TRANSFORM_TWO_CARDS","is_prod":false,"is_daily":false,"rewards_skipped":[{"floor":5,"relics":[],"potions":["SkillPotion"]},{"floor":11,"relics":[],"potions":["Weak Potion"]},{"floor":13,"relics":[],"potions":["EssenceOfSteel"]},{"floor":40,"relics":[],"potions":["BlessingOfTheForge"]},{"floor":42,"relics":[],"potions":["SpeedPotion"]},{"floor":55,"relics":[],"potions":["SteroidPotion"]}],"chose_seed":false,"campfire_upgraded":9,"win_rate":0,"floor_exit_playtime":[345,389,392,432,505,511,629,638,653,713,906,1014,1134,1208,1215,1480,1541,1762,1793,1864,2100,2278,2312,2348,2447,2461,2470,2697,2762,2960,3037,3057,3296,3335,3383,3505,3509,3602,3674,3960,3972,4230,4234,4313,4343,4346,4364,4500,4504,4931,5239,5250,5288,5452,5782,6548],"timestamp":1684630315,"blue_key_relic_skipped_log":{"floor":43,"relicID":"Strawberry"},"path_taken":["M","?","?","M","M","R","E","R","T","R","?","M","M","E","R","BOSS","M","?","M","M","$","R","?","E","T","R","?","?","E","M","R","BOSS","M","?","?","?","$","E","R","E","T","M","?","?","?","$","R","BOSS","BOSS","R","$","E","BOSS"],"build_version":"2022-12-18","purchased_purges":3,"victory":true,"max_hp_per_floor":[64,64,64,64,64,64,64,64,64,64,64,64,64,64,64,64,64,64,64,64,64,64,64,64,64,64,64,64,64,64,64,64,64,64,66,66,63,65,65,65,65,65,65,67,71,71,71,73,73,73,73,73,73,73,75,75],"relic_stats":{"Singing Bowl":14,"counters":[28,188],"Pen Nib":[13],"War Paint":["Blind","Hologram"],"MawBank":180,"Ancient Tea Set":[16],"Medical Kit":[15],"Blood Vial":4,"Bronze Scales":[447],"Gambling Chip":[15],"Pandora\u0027s Box":["Core Surge","Storm","Auto Shields","FTL","Redo","Static Discharge"],"Necronomicon":[32],"Art of War":[20],"obtain_stats":[{"Singing Bowl":14,"Pen Nib":30,"Runic Capacitor":22,"Odd Mushroom":11,"War Paint":48,"MawBank":7,"Ancient Tea Set":9,"Medical Kit":39,"Akabeko":55,"Nuclear Battery":34,"Blood Vial":40,"HornCleat":46,"Bronze Scales":26,"Gambling Chip":54,"Orrery":48,"Pandora\u0027s Box":17,"Necronomicon":19,"Art of War":42,"Cracked Core":0,"FossilizedHelix":28,"InkBottle":28,"Pocketwatch":25},{"Singing Bowl":9,"Pen Nib":17,"Runic Capacitor":13,"Odd Mushroom":6,"War Paint":24,"MawBank":5,"Ancient Tea Set":5,"Medical Kit":21,"Akabeko":27,"Nuclear Battery":19,"Blood Vial":22,"HornCleat":24,"Bronze Scales":14,"Gambling Chip":26,"Orrery":24,"Pandora\u0027s Box":10,"Necronomicon":11,"Art of War":23,"Cracked Core":0,"FossilizedHelix":16,"InkBottle":16,"Pocketwatch":14},{"Singing Bowl":40,"Pen Nib":97,"Runic Capacitor":78,"Odd Mushroom":24,"War Paint":142,"MawBank":18,"Ancient Tea Set":18,"Medical Kit":119,"Akabeko":177,"Nuclear Battery":112,"Blood Vial":129,"HornCleat":142,"Bronze Scales":82,"Gambling Chip":174,"Orrery":142,"Pandora\u0027s Box":57,"Necronomicon":69,"Art of War":139,"Cracked Core":0,"FossilizedHelix":91,"InkBottle":91,"Pocketwatch":82}],"FossilizedHelix":[76],"InkBottle":[42],"Pocketwatch":[171]},"card_choices":[{"not_picked":["Static Discharge","Barrage"],"picked":"Coolheaded","floor":1},{"not_picked":["Chaos","Capacitor"],"picked":"Tempest","floor":2},{"not_picked":["Barrage","Static Discharge"],"picked":"Chill","floor":4},{"not_picked":["Heatsinks","Go for the Eyes"],"picked":"Ball Lightning","floor":5},{"not_picked":["Consume","Ball Lightning"],"picked":"Self Repair","floor":7},{"not_picked":["Go for the Eyes","Stack"],"picked":"Undo","floor":11},{"not_picked":["Beam Cell","Ball Lightning"],"picked":"Conserve Battery","floor":12},{"not_picked":["Machine Learning","Force Field"],"picked":"Compile Driver","floor":13},{"not_picked":["Stack","Chill"],"picked":"Skim","floor":14},{"not_picked":["Meteor Strike","Hyperbeam"],"picked":"Rainbow","floor":16},{"not_picked":["Blizzard","Hologram"],"picked":"Lockon","floor":18},{"not_picked":["Conserve Battery","Streamline"],"picked":"Chill","floor":20},{"not_picked":["Gash+1","Ball Lightning"],"picked":"Defragment","floor":21},{"not_picked":["Rebound","Recycle"],"picked":"Sunder","floor":25},{"not_picked":["Stack","Creative AI"],"picked":"Turbo","floor":28},{"not_picked":["Leap","Cold Snap","Gash","Sweeping Beam","Static Discharge","Rip and Tear","Melter","Storm","Genetic Algorithm","Ball Lightning","Rebound","Barrage","Steam","White Noise","Hello World","Conserve Battery","Redo","Streamline","Reprogram"],"picked":"Doom and Gloom","floor":29},{"not_picked":["Streamline","Conserve Battery+1"],"picked":"Beam Cell","floor":30},{"not_picked":["Go for the Eyes","Reprogram"],"picked":"Hologram","floor":31},{"not_picked":["Core Surge","Buffer"],"picked":"Biased Cognition","floor":33},{"not_picked":["Storm","Turbo","Tempest"],"picked":"Singing Bowl","floor":35},{"not_picked":["Beam Cell","Streamline","Barrage"],"picked":"Singing Bowl","floor":38},{"not_picked":["Streamline","Rip and Tear"],"picked":"Steam Power+1","floor":40},{"not_picked":["Self Repair","Beam Cell"],"picked":"Compile Driver","floor":42},{"not_picked":["Darkness","Tempest","Rip and Tear"],"picked":"Singing Bowl","floor":44},{"not_picked":["Jack Of All Trades","Blind","Swift Strike"],"picked":"Singing Bowl","floor":45},{"not_picked":["Magnetism","Madness"],"picked":"Panacea","floor":45},{"not_picked":["Chrysalis","Purity","Trip"],"picked":"Singing Bowl","floor":45},{"not_picked":["Beam Cell+1","Capacitor"],"picked":"Glacier","floor":48},{"not_picked":["Creative AI","Gash"],"picked":"Hologram","floor":48},{"not_picked":["Stack","Turbo"],"picked":"Go for the Eyes+1","floor":48},{"not_picked":["Go for the Eyes","Redo+1"],"picked":"Hologram","floor":48},{"not_picked":["Machine Learning","Cold Snap+1","Self Repair"],"picked":"Singing Bowl","floor":48},{"not_picked":["Hello World+1","Sunder","Streamline"],"picked":"Singing Bowl","floor":55}],"player_experience":5716685,"relics_obtained":[{"floor":7,"key":"MawBank"},{"floor":9,"key":"Ancient Tea Set"},{"floor":11,"key":"Odd Mushroom"},{"floor":14,"key":"Singing Bowl"},{"floor":19,"key":"Necronomicon"},{"floor":25,"key":"Pocketwatch"},{"floor":26,"key":"Bronze Scales"},{"floor":28,"key":"FossilizedHelix"},{"floor":28,"key":"InkBottle"},{"floor":30,"key":"Pen Nib"},{"floor":40,"key":"Blood Vial"},{"floor":42,"key":"Art of War"},{"floor":46,"key":"HornCleat"},{"floor":55,"key":"Akabeko"}],"event_choices":[{"damage_healed":0,"gold_gain":0,"player_choice":"Ignored","damage_taken":0,"max_hp_gain":0,"max_hp_loss":0,"event_name":"Liars Game","floor":3,"gold_loss":0},{"damage_healed":0,"gold_gain":0,"player_choice":"Fought Mushrooms","damage_taken":0,"max_hp_gain":0,"max_hp_loss":0,"event_name":"Mushrooms","floor":11,"gold_loss":0},{"damage_healed":0,"gold_gain":0,"player_choice":"Obtained Book","damage_taken":21,"max_hp_gain":0,"max_hp_loss":0,"event_name":"Cursed Tome","floor":19,"gold_loss":0},{"damage_healed":0,"gold_gain":0,"cards_transformed":["Storm","Zap"],"player_choice":"Became Test Subject","damage_taken":0,"max_hp_gain":0,"max_hp_loss":0,"event_name":"Drug Dealer","floor":24,"gold_loss":0,"cards_obtained":["Conserve Battery","Blizzard"]},{"damage_healed":0,"gold_gain":0,"player_choice":"Fight","damage_taken":0,"max_hp_gain":0,"max_hp_loss":0,"event_name":"Colosseum","floor":28,"gold_loss":0},{"damage_healed":0,"gold_gain":0,"player_choice":"Fought Nobs","damage_taken":0,"max_hp_gain":0,"max_hp_loss":0,"event_name":"Colosseum","floor":28,"gold_loss":0},{"damage_healed":0,"gold_gain":0,"player_choice":"Read","damage_taken":0,"max_hp_gain":0,"max_hp_loss":0,"event_name":"The Library","floor":29,"gold_loss":0,"cards_obtained":["Doom and Gloom"]},{"damage_healed":0,"gold_gain":999,"player_choice":"Gold","damage_taken":0,"max_hp_gain":0,"max_hp_loss":0,"event_name":"MindBloom","floor":36,"gold_loss":0,"cards_obtained":["Normality","Normality"]},{"damage_healed":0,"gold_gain":0,"player_choice":"Max HP","damage_taken":0,"max_hp_gain":0,"max_hp_loss":3,"event_name":"Winding Halls","floor":37,"gold_loss":0},{"damage_healed":0,"gold_gain":0,"player_choice":"Memory 3","damage_taken":10,"max_hp_gain":0,"max_hp_loss":0,"event_name":"SensoryStone","floor":45,"gold_loss":0},{"cards_removed":["Beam Cell"],"damage_healed":0,"gold_gain":0,"player_choice":"Removed Attack","damage_taken":0,"max_hp_gain":0,"max_hp_loss":0,"event_name":"Falling","floor":47,"gold_loss":0}],"is_beta":false,"boss_relics":[{"not_picked":["Busted Crown","Calling Bell"],"picked":"Pandora\u0027s Box"},{"not_picked":["Astrolabe","Cursed Key"],"picked":"Nuclear Battery"}],"items_purged_floors":[39,48,54],"is_endless":false,"potions_floor_spawned":[1,4,5,11,13,21,25,28,40,42,55],"ascension_level":20,"potion_discard_per_floor":[[],[],[],[],[],[],[],[],[],[],[],[],[],[],[],[],[],[],[],[],[],[],[],[],[],[],[],["BlessingOfTheForge"],[],[],[],[],[],[],[],[],[],[],[],[],[],[],[],[],[],[],[],[],[],[],[],[],[],[],[],[],[]]}