{"neow_bonuses_skipped_log":["RANDOM_COLORLESS","RANDOM_COLORLESS_2","BOSS_RELIC"],"potions_obtained_entropic_brew":[[],[],[],[],[],[],[],[],[],[],[],[],[],[],[],[],[],[],[],[],[],[],[],[],[],[],[],[],[],[],[],[],[],[],[],[],[],[],[],[],[],[],[],[],[],[],[],[],[],[],[],[],[],[],[],[],[]],"neow_costs_skipped_log":["NONE","NO_GOLD","NONE"],"gold_per_floor":[112,7,23,33,33,33,58,78,78,78,92,126,126,151,151,228,228,243,243,10,26,45,71,71,89,163,191,191,220,236,636,636,713,713,723,733,749,766,91,124,124,150,150,150,179,233,233,268,268,268,268,268,268,50,84,84],"floor_reached":57,"playtime":6922,"items_purged":["Strike_B","Writhe","Defend_B","Strike_B"],"score":3071,"play_id":"daf477f6-ce4a-4a2e-b919-260b5ba72374","local_time":"20230520185639","score_breakdown":["Floors Climbed (57): 285","Enemies Slain (14): 28","Exordium Elites Killed (3): 30","City Elites Killed (3): 60","Beyond Elites Killed (4): 120","Bosses Slain (5): 750","Money Money (1256): 25","Librarian: 25","Well Fed: 25","Champion (3): 75","Overkill: 25","Ascension (20): 1373","Heartbreaker: 250"],"is_ascension_mode":true,"potions_obtained_alchemize":[[],[],[],[],[],[],[],[],[],[],[],[],[],[],[],[],[],[],[],[],[],[],[],[],[],[],[],[],[],[],[],[],[],[],[],[],[],[],[],[],[],[],[],[],[],[],[],[],[],[],[],[],[],[],[],[],[]],"campfire_choices":[{"data":"Zap","floor":6,"key":"SMITH"},{"data":"Biased Cognition","floor":10,"key":"SMITH"},{"floor":15,"key":"REST"},{"floor":24,"key":"REST"},{"floor":28,"key":"RECALL"},{"floor":32,"key":"REST"},{"floor":41,"key":"REST"},{"floor":44,"key":"REST"},{"floor":49,"key":"REST"},{"floor":53,"key":"REST"}],"lesson_learned_per_floor":[[],[],[],[],[],[],[],[],[],[],[],[],[],[],[],[],[],[],[],[],[],[],[],[],[],[],[],[],[],[],[],[],[],[],[],[],[],[],[],[],[],[],[],[],[],[],[],[],[],[],[],[],[],[],[],[],[]],"neow_cost":"NONE","improvable_cards":{},"seed_source_timestamp":8345765230258,"shop_contents":[{"floor":2,"relics":["CaptainsWheel","PreservedInsect","Sling"],"cards":["Barrage","Gash","Hologram","Redo","Loop","Discovery","Chrysalis"],"potions":["GamblersBrew","Explosive Potion"]},{"floor":20,"relics":["Oddly Smooth Stone","Singing Bowl","TheAbacus"],"cards":["FTL","Tempest","Bandage Up","Chrysalis"],"potions":["BlessingOfTheForge","GamblersBrew","BlessingOfTheForge"]},{"floor":39,"relics":["Bottled Flame","Cables"],"cards":["Go for the Eyes","Steam","Storm+1","Impatience"],"potions":["FocusPotion","SteroidPotion","Block Potion"]},{"floor":54,"relics":["Pen Nib","Bronze Scales"],"cards":["Rebound","Scrape","Coolheaded","Force Field","Defragment+1","Jack Of All Trades","The Bomb"],"potions":["FocusPotion","Fire Potion","SpeedPotion"]}],"circlet_count":0,"master_deck":["AscendersBane","Strike_B","Strike_B","Defend_B","Defend_B","Zap+1","Dualcast","Tempest","Glacier","Undo","Biased Cognition+1","Static Discharge","Chill","Multi-Cast","Echo Form","Double Energy","Self Repair","Glacier","Sweeping Beam","Capacitor","Blizzard","Go for the Eyes+1","Cold Snap","Turbo","Sunder","Core Surge","Biased Cognition+1","Go for the Eyes+1","Skim","Master of Strategy","Meteor Strike","Heatsinks+1","Coolheaded+1","Dark Shackles","Panacea","Loop+1","Skim"],"potion_use_per_floor":[[],[],[],[],[],[],["FocusPotion"],[],[],[],[],["Fruit Juice"],[],["Block Potion"],["Fruit Juice"],[],[],[],[],[],[],[],["AttackPotion"],[],[],[],[],[],["FocusPotion","Energy Potion"],[],[],[],[],[],[],[],[],[],[],[],[],[],[],[],[],[],[],[],[],[],[],[],[],[],[],["BlessingOfTheForge"],[]],"relics":["Cracked Core","Smiling Mask","Centennial Puzzle","Ice Cream","Vajra","Fusion Hammer","Incense Burner","Frozen Egg 2","Gremlin Horn","MealTicket","Mango","Old Coin","Letter Opener","Nuclear Battery","ClockworkSouvenir","Pantograph","Thread and Needle","Meat on the Bone","Strawberry","Torii","Du-Vu Doll","DollysMirror","Happy Flower"],"potions_floor_usage":[7,12,14,15,23,29,29,56],"damage_taken":[{"damage":0,"enemies":"Cultist","floor":1,"turns":3},{"damage":7,"enemies":"Jaw Worm","floor":3,"turns":3},{"damage":1,"enemies":"2 Louse","floor":4,"turns":2},{"damage":11,"enemies":"Gremlin Nob","floor":7,"turns":3},{"damage":0,"enemies":"Blue Slaver","floor":8,"turns":3},{"damage":1,"enemies":"Looter","floor":11,"turns":3},{"damage":0,"enemies":"Lagavulin","floor":12,"turns":6},{"damage":12,"enemies":"3 Sentries","floor":14,"turns":12},{"damage":32,"enemies":"Slime Boss","floor":16,"turns":4},{"damage":2,"enemies":"Shell Parasite","floor":18,"turns":6},{"damage":10,"enemies":"3 Byrds","floor":21,"turns":5},{"damage":10,"enemies":"Snecko","floor":22,"turns":6},{"damage":21,"enemies":"Slavers","floor":23,"turns":11},{"damage":6,"enemies":"Centurion and Healer","floor":25,"turns":12},{"damage":3,"enemies":"Gremlin Leader","floor":27,"turns":7},{"damage":10,"enemies":"Slavers","floor":29,"turns":5},{"damage":1,"enemies":"Snake Plant","floor":30,"turns":6},{"damage":15,"enemies":"Colosseum Slavers","floor":31,"turns":6},{"damage":22,"enemies":"Colosseum Nobs","floor":31,"turns":6},{"damage":14,"enemies":"Champ","floor":33,"turns":25},{"damage":1,"enemies":"Orb Walker","floor":35,"turns":5},{"damage":0,"enemies":"3 Darklings","floor":36,"turns":6},{"damage":7,"enemies":"4 Shapes","floor":37,"turns":3},{"damage":8,"enemies":"Sphere and 2 Shapes","floor":38,"turns":8},{"damage":12,"enemies":"Giant Head","floor":40,"turns":13},{"damage":0,"enemies":"Reptomancer","floor":42,"turns":6},{"damage":0,"enemies":"Nemesis","floor":45,"turns":24},{"damage":0,"enemies":"2 Orb Walkers","floor":46,"turns":6},{"damage":9,"enemies":"Reptomancer","floor":48,"turns":7},{"damage":32,"enemies":"Awakened One","floor":50,"turns":29},{"damage":8,"enemies":"Donu and Deca","floor":51,"turns":12},{"damage":1,"enemies":"Shield and Spear","floor":55,"turns":12},{"damage":29,"enemies":"The Heart","floor":56,"turns":11}],"green_key_taken_log":14,"seed_played":"3875423096930954028","neow_bonus_log":{"cardsObtained":[],"cardsUpgraded":[],"cardsRemoved":[],"cardsTransformed":[],"relicsObtained":["Smiling Mask"],"maxHpGained":0,"goldGained":0,"damageTaken":0,"goldLost":0,"maxHpLost":0},"potions_obtained":[{"floor":7,"key":"Fruit Juice"},{"floor":8,"key":"Block Potion"},{"floor":12,"key":"Energy Potion"},{"floor":14,"key":"Fruit Juice"},{"floor":16,"key":"Block Potion"},{"floor":22,"key":"AttackPotion"},{"floor":23,"key":"SpeedPotion"},{"floor":25,"key":"FocusPotion"},{"floor":31,"key":"CultistPotion"},{"floor":36,"key":"BlessingOfTheForge"},{"floor":48,"key":"Fruit Juice"}],"is_trial":false,"path_per_floor":["M","$","M","M","?","R","E","M","T","R","M","E","?","E","R","B",null,"M","?","$","M","M","E","R","M","T","E","R","E","M","?","R","B",null,"M","M","M","M","$","E","R","E","T","R","E","?","?","E","R","B","B",null,"R","$","E","B",null],"character_chosen":"DEFECT","basemod:card_modifiers":[null,null,null,null,null,null,null,null,null,null,null,null,null,null,null,null,null,null,null,null,null,null,null,null,null,null,null,null,null,null,null,null,null,null,null,null,null],"items_purchased":["FocusPotion","Self Repair","Glacier","Sweeping Beam","Skim","Master of Strategy","ClockworkSouvenir","Meteor Strike","DollysMirror"],"campfire_rested":7,"item_purchase_floors":[2,20,20,20,39,39,39,39,54],"current_hp_per_floor":[64,64,57,56,49,49,38,38,38,38,37,42,42,30,59,27,68,66,66,66,70,74,67,81,81,81,81,81,92,95,72,95,95,95,95,95,95,94,95,95,95,95,95,95,102,102,92,90,102,84,101,102,102,102,102,80],"gold":84,"neow_bonus":"RANDOM_COMMON_RELIC","is_prod":false,"is_daily":false,"rewards_skipped":[{"floor":40,"relics":[],"potions":["SneckoOil"]},{"floor":42,"relics":[],"potions":["SmokeBomb"]}],"chose_seed":false,"campfire_upgraded":2,"win_rate":0,"floor_exit_playtime":[214,276,310,373,379,456,492,564,605,623,651,782,792,1075,1080,1249,1362,1456,1496,1558,1730,2004,2206,2223,2444,2447,2609,2616,2897,3007,3307,3311,3593,3616,3745,3967,4036,4155,4375,4664,4672,4822,4871,4874,5147,5306,5345,5581,5586,5990,6179,6190,6194,6400,6624,6922],"timestamp":1684623399,"blue_key_relic_skipped_log":{"floor":9,"relicID":"Bottled Lightning"},"path_taken":["M","?","M","M","?","R","E","?","T","R","M","E","?","E","R","BOSS","M","?","$","M","M","E","R","M","T","E","R","E","M","?","R","BOSS","M","M","M","M","$","E","R","E","T","R","E","?","?","E","R","BOSS","BOSS","R","$","E","BOSS"],"build_version":"2022-12-18","purchased_purges":4,"victory":true,"max_hp_per_floor":[71,71,71,71,71,71,71,71,71,71,71,76,76,76,81,81,81,81,81,81,81,81,81,81,81,81,81,81,95,95,95,95,95,95,95,95,95,95,95,95,95,95,95,95,102,102,102,102,102,102,102,102,102,102,102,102],"relic_stats":{"Ice Cream":[2736],"Centennial Puzzle":[68],"Gremlin Horn":[33,34],"Torii":2,"Happy Flower":[3],"counters":[33,276],"Pantograph":18,"MealTicket":1,"Letter Opener":[301],"Smiling Mask":250,"obtain_stats":[{"Ice Cream":12,"Gremlin Horn":26,"Torii":46,"Happy Flower":55,"Vajra":14,"Mango":29,"Thread and Needle":42,"Incense Burner":19,"Letter Opener":31,"Frozen Egg 2":23,"Smiling Mask":0,"Old Coin":31,"Nuclear Battery":34,"ClockworkSouvenir":39,"Du-Vu Doll":48,"Centennial Puzzle":7,"DollysMirror":54,"Pantograph":40,"Strawberry":45,"MealTicket":27,"Fusion Hammer":17,"Cracked Core":0,"Meat on the Bone":43},{"Ice Cream":7,"Gremlin Horn":14,"Torii":28,"Happy Flower":32,"Vajra":8,"Mango":16,"Thread and Needle":26,"Incense Burner":10,"Letter Opener":19,"Frozen Egg 2":13,"Smiling Mask":0,"Old Coin":19,"Nuclear Battery":20,"ClockworkSouvenir":24,"Du-Vu Doll":29,"Centennial Puzzle":4,"DollysMirror":31,"Pantograph":25,"Strawberry":27,"MealTicket":15,"Fusion Hammer":9,"Cracked Core":0,"Meat on the Bone":26},{"Ice Cream":23,"Gremlin Horn":79,"Torii":205,"Happy Flower":265,"Vajra":35,"Mango":91,"Thread and Needle":175,"Incense Burner":45,"Letter Opener":109,"Frozen Egg 2":67,"Smiling Mask":0,"Old Coin":109,"Nuclear Battery":134,"ClockworkSouvenir":156,"Du-Vu Doll":212,"Centennial Puzzle":11,"DollysMirror":253,"Pantograph":169,"Strawberry":199,"MealTicket":86,"Fusion Hammer":39,"Cracked Core":0,"Meat on the Bone":175}],"Meat on the Bone":0},"card_choices":[{"not_picked":["Conserve Battery","Rip and Tear"],"picked":"Tempest","floor":1},{"not_picked":["Recycle","Barrage"],"picked":"Glacier","floor":3},{"not_picked":["Chaos","Scrape"],"picked":"Undo","floor":4},{"not_picked":["Steam Power","Glacier"],"picked":"Biased Cognition","floor":7},{"not_picked":["Reprogram","Go for the Eyes"],"picked":"Static Discharge","floor":8},{"not_picked":["Steam Power","Melter"],"picked":"Chill","floor":11},{"not_picked":["Go for the Eyes","Cold Snap"],"picked":"Multi-Cast","floor":12},{"not_picked":["Barrage","Blizzard","Leap"],"picked":"SKIP","floor":14},{"not_picked":["Reboot","Electrodynamics"],"picked":"Echo Form","floor":16},{"not_picked":["Rebound","Static Discharge"],"picked":"Double Energy","floor":18},{"not_picked":["Stack","Go for the Eyes"],"picked":"Capacitor","floor":21},{"not_picked":["Streamline","Force Field"],"picked":"Blizzard","floor":22},{"not_picked":["Sunder","Barrage"],"picked":"Go for the Eyes+1","floor":23},{"not_picked":["Redo","Sweeping Beam"],"picked":"Cold Snap","floor":25},{"not_picked":["Turbo","Rip and Tear","Ball Lightning"],"picked":"SKIP","floor":27},{"not_picked":["FTL","Blizzard"],"picked":"Turbo","floor":29},{"not_picked":["Stack","Go for the Eyes"],"picked":"Sunder","floor":30},{"not_picked":["Sweeping Beam+1","Turbo"],"picked":"Core Surge","floor":31},{"not_picked":["Meteor Strike","Multi-Cast"],"picked":"Biased Cognition+1","floor":33},{"not_picked":["Chill","Sweeping Beam","Cold Snap"],"picked":"SKIP","floor":35},{"not_picked":["Aggregate","Tempest"],"picked":"Go for the Eyes+1","floor":36},{"not_picked":["Fusion","Sweeping Beam","Double Energy"],"picked":"SKIP","floor":37},{"not_picked":["Fusion","Sweeping Beam","Double Energy"],"picked":"SKIP","floor":37},{"not_picked":["Gash","Reprogram","Go for the Eyes+1"],"picked":"SKIP","floor":38},{"not_picked":["Turbo+1","Steam+1","Stack"],"picked":"SKIP","floor":40},{"not_picked":["Turbo+1","Steam+1","Stack"],"picked":"SKIP","floor":40},{"not_picked":["Turbo+1","Steam+1","Stack"],"picked":"SKIP","floor":40},{"not_picked":["Gash","Redo","Ball Lightning"],"picked":"SKIP","floor":42},{"not_picked":["Beam Cell","Rebound"],"picked":"Heatsinks+1","floor":45},{"not_picked":["Compile Driver","Storm+1"],"picked":"Coolheaded+1","floor":46},{"not_picked":["Dramatic Entrance","Madness"],"picked":"Dark Shackles","floor":47},{"not_picked":["Chrysalis","Good Instincts"],"picked":"Panacea","floor":47},{"not_picked":["Sadistic Nature+1","Discovery","Madness"],"picked":"SKIP","floor":47},{"not_picked":["Scrape","Steam+1"],"picked":"Loop+1","floor":48},{"not_picked":["Redo","Stack","White Noise"],"picked":"SKIP","floor":55}],"player_experience":5709763,"relics_obtained":[{"floor":7,"key":"Centennial Puzzle"},{"floor":12,"key":"Ice Cream"},{"floor":14,"key":"Vajra"},{"floor":23,"key":"Frozen Egg 2"},{"floor":26,"key":"Gremlin Horn"},{"floor":27,"key":"MealTicket"},{"floor":29,"key":"Mango"},{"floor":31,"key":"Old Coin"},{"floor":31,"key":"Letter Opener"},{"floor":40,"key":"Pantograph"},{"floor":42,"key":"Thread and Needle"},{"floor":43,"key":"Meat on the Bone"},{"floor":45,"key":"Strawberry"},{"floor":46,"key":"Torii"},{"floor":48,"key":"Du-Vu Doll"},{"floor":55,"key":"Happy Flower"}],"event_choices":[{"cards_removed":["Defend_B"],"damage_healed":0,"gold_gain":0,"player_choice":"Card Removal","damage_taken":7,"max_hp_gain":0,"max_hp_loss":0,"event_name":"Golden Wing","floor":5,"gold_loss":0},{"damage_healed":0,"gold_gain":0,"player_choice":"Fled","damage_taken":0,"max_hp_gain":0,"max_hp_loss":0,"event_name":"Scrap Ooze","floor":13,"gold_loss":0},{"damage_healed":0,"gold_gain":0,"player_choice":"Opened","damage_taken":0,"relics_obtained":["Incense Burner"],"max_hp_gain":0,"max_hp_loss":0,"event_name":"The Mausoleum","floor":19,"gold_loss":0,"cards_obtained":["Writhe"]},{"damage_healed":0,"gold_gain":0,"player_choice":"Fight","damage_taken":0,"max_hp_gain":0,"max_hp_loss":0,"event_name":"Colosseum","floor":31,"gold_loss":0},{"damage_healed":0,"gold_gain":0,"player_choice":"Fought Nobs","damage_taken":0,"max_hp_gain":0,"max_hp_loss":0,"event_name":"Colosseum","floor":31,"gold_loss":0},{"damage_healed":0,"gold_gain":0,"player_choice":"Fight","damage_taken":0,"max_hp_gain":0,"max_hp_loss":0,"event_name":"Mysterious Sphere","floor":46,"gold_loss":0},{"damage_healed":0,"gold_gain":0,"player_choice":"Memory 3","damage_taken":10,"max_hp_gain":0,"max_hp_loss":0,"event_name":"SensoryStone","floor":47,"gold_loss":0}],"is_beta":false,"boss_relics":[{"not_picked":["Empty Cage","Inserter"],"picked":"Fusion Hammer"},{"not_picked":["SlaversCollar","Sozu"],"picked":"Nuclear Battery"}],"items_purged_floors":[2,20,39,54],"is_endless":false,"potions_floor_spawned":[7,8,12,14,16,22,23,25,31,36,40,42,48],"ascension_level":20,"potion_discard_per_floor":[[],[],[],[],[],[],[],[],[],[],[],[],[],[],[],[],[],[],[],[],[],["Block Potion"],[],[],["SpeedPotion"],[],[],[],[],[],[],[],[],[],[],[],[],[],[],[],[],[],[],[],[],[],[],["CultistPotion"],[],[],[],[],[],[],[],[],[]]}