{"neow_bonuses_skipped_log":["THREE_ENEMY_KILL","ONE_RARE_RELIC","BOSS_RELIC"],"potions_obtained_entropic_brew":[[],[],[],[],[],[],[],[],[],[],[],[],[],[],[],[],[],[],[],[],[],[],[],[],[],[],[],[],[],[],[],[],[],[],[],[],[],[],[],[],[],[],[],[],[],[],[],[],[],[],[],[],[],[],[],[],[]],"neow_costs_skipped_log":["NONE","CURSE","NONE"],"gold_per_floor":[113,124,141,42,57,57,101,101,125,125,167,192,201,236,236,321,321,342,342,355,17,17,53,62,106,106,131,56,65,65,84,84,164,164,180,214,214,40,65,109,138,171,171,204,204,228,228,239,239,239,239,239,239,9,52,52],"floor_reached":57,"playtime":10315,"items_purged":[],"score":3021,"play_id":"1d425f7c-fe43-4f12-b98a-fe8e69cdb9ba","local_time":"20230517212452","score_breakdown":["Floors Climbed (57): 285","Enemies Slain (14): 28","Exordium Elites Killed (3): 30","City Elites Killed (2): 40","Beyond Elites Killed (3): 90","Bosses Slain (5): 750","Librarian: 25","Champion (3): 75","Perfect (1): 50","Overkill: 25","Ascension (20): 1373","Heartbreaker: 250"],"is_ascension_mode":true,"potions_obtained_alchemize":[[],[],[],[],[],[],[],[],[],[],[],[],[],[],[],[],[],[],[],[],[],[],[],[],[],[],[],[],[],[],[],[],[],[],[],[],[],[],[],[],[],[],[],[],[],[],[],[],[],[],[],[],[],[],[],[],[]],"campfire_choices":[{"data":"Fission","floor":6,"key":"SMITH"},{"data":"Beam Cell","floor":8,"key":"SMITH"},{"data":"Loop","floor":10,"key":"SMITH"},{"data":"Consume","floor":15,"key":"SMITH"},{"data":"1","floor":30,"key":"LIFT"},{"data":"2","floor":32,"key":"LIFT"},{"floor":47,"key":"RECALL"},{"data":"3","floor":49,"key":"LIFT"},{"floor":53,"key":"REST"}],"lesson_learned_per_floor":[[],[],[],[],[],[],[],[],[],[],[],[],[],[],[],[],[],[],[],[],[],[],[],[],[],[],[],[],[],[],[],[],[],[],[],[],[],[],[],[],[],[],[],[],[],[],[],[],[],[],[],[],[],[],[],[],[]],"neow_cost":"NONE","improvable_cards":{"Genetic Algorithm":[41],"RitualDagger":[48]},"seed_source_timestamp":7002594399532,"shop_contents":[{"floor":4,"relics":["FossilizedHelix","Ginger","Sling"],"cards":["Barrage","Steam Power","Reinforced Body","Static Discharge","Purity","Panache"],"potions":["Strength Potion","EssenceOfSteel"]},{"floor":21,"relics":["Anchor","ClockworkSouvenir"],"cards":["Rip and Tear","Compile Driver","Genetic Algorithm","Hologram","Static Discharge","Good Instincts","Violence"],"potions":["Strength Potion","Energy Potion","Strength Potion"]},{"floor":22,"relics":["Lantern","PreservedInsect","HandDrill"],"cards":["Melter","Gash","Conserve Battery","Stack","Static Discharge","Discovery","Transmutation"],"potions":["Weak Potion","LiquidMemories","DuplicationPotion"]},{"floor":38,"relics":["InkBottle","Ancient Tea Set","Chemical X"],"cards":["Rebound","Leap","Hello World","Purity","The Bomb"],"potions":["Swift Potion","ColorlessPotion","Regen Potion"]},{"floor":54,"relics":["Pen Nib","Toolbox"],"cards":["Meteor Strike","Barrage","Leap","Reprogram","Electrodynamics","Flash of Steel","Transmutation"],"potions":["SneckoOil","DistilledChaos"]}],"circlet_count":0,"master_deck":["AscendersBane","Strike_B","Strike_B","Defend_B","Defend_B","Defend_B","Zap","Dualcast","Beam Cell+1","Fission+1","Self Repair","FTL","Loop+1","Steam","Coolheaded","Ball Lightning","Leap","Consume+1","Reboot","Lockon","Go for the Eyes+1","Doom and Gloom","Static Discharge","Defragment","RitualDagger","Genetic Algorithm","Echo Form","Sweeping Beam+1","Meteor Strike","Turbo","Hologram","Coolheaded+1","Rebound","Coolheaded","Turbo+1"],"potion_use_per_floor":[[],[],[],[],[],[],["PowerPotion"],[],[],[],["SpeedPotion"],[],[],[],[],["Strength Potion"],[],[],[],[],[],[],["Fire Potion","Fire Potion"],[],[],[],[],[],[],[],[],[],["PotionOfCapacity"],[],[],[],[],[],[],[],[],[],[],[],[],[],[],[],[],["GamblersBrew"],[],[],[],[],["ColorlessPotion","Ancient Potion"],["Energy Potion"],[]],"relics":["Cracked Core","CeramicFish","Bag of Preparation","Toy Ornithopter","Vajra","Fusion Hammer","TungstenRod","Pocketwatch","Girya","Torii","Pantograph","Runic Pyramid","Dead Branch","Singing Bowl","Centennial Puzzle","Bag of Marbles","Happy Flower","Mercury Hourglass"],"potions_floor_usage":[7,11,16,23,23,33,50,55,55,56],"damage_taken":[{"damage":0,"enemies":"2 Louse","floor":1,"turns":2},{"damage":1,"enemies":"Cultist","floor":2,"turns":4},{"damage":7,"enemies":"Jaw Worm","floor":3,"turns":3},{"damage":27,"enemies":"Large Slime","floor":5,"turns":5},{"damage":0,"enemies":"3 Sentries","floor":7,"turns":2},{"damage":14,"enemies":"Lagavulin","floor":11,"turns":5},{"damage":9,"enemies":"2 Fungi Beasts","floor":12,"turns":3},{"damage":30,"enemies":"Gremlin Nob","floor":14,"turns":4},{"damage":6,"enemies":"Hexaghost","floor":16,"turns":9},{"damage":19,"enemies":"Chosen","floor":18,"turns":4},{"damage":0,"enemies":"Spheric Guardian","floor":20,"turns":4},{"damage":14,"enemies":"Slavers","floor":23,"turns":5},{"damage":13,"enemies":"Gremlin Leader","floor":25,"turns":7},{"damage":0,"enemies":"Snecko","floor":27,"turns":3},{"damage":28,"enemies":"Shelled Parasite and Fungi","floor":31,"turns":4},{"damage":0,"enemies":"Automaton","floor":33,"turns":10},{"damage":43,"enemies":"3 Darklings","floor":35,"turns":6},{"damage":0,"enemies":"Mind Bloom Boss Battle","floor":36,"turns":6},{"damage":15,"enemies":"Orb Walker","floor":39,"turns":4},{"damage":0,"enemies":"Giant Head","floor":40,"turns":6},{"damage":0,"enemies":"4 Shapes","floor":41,"turns":25},{"damage":0,"enemies":"Nemesis","floor":42,"turns":7},{"damage":38,"enemies":"Reptomancer","floor":44,"turns":8},{"damage":8,"enemies":"Writhing Mass","floor":46,"turns":6},{"damage":0,"enemies":"Spire Growth","floor":48,"turns":4},{"damage":77,"enemies":"Awakened One","floor":50,"turns":14},{"damage":11,"enemies":"Donu and Deca","floor":51,"turns":7},{"damage":41,"enemies":"Shield and Spear","floor":55,"turns":7},{"damage":23,"enemies":"The Heart","floor":56,"turns":8}],"green_key_taken_log":25,"seed_played":"-8068602590341771860","neow_bonus_log":{"cardsObtained":[],"cardsUpgraded":[],"cardsRemoved":["Strike_B"],"cardsTransformed":[],"relicsObtained":[],"maxHpGained":0,"goldGained":0,"damageTaken":0,"goldLost":0,"maxHpLost":0},"potions_obtained":[{"floor":2,"key":"SteroidPotion"},{"floor":7,"key":"SpeedPotion"},{"floor":12,"key":"Strength Potion"},{"floor":18,"key":"Fire Potion"},{"floor":20,"key":"Fire Potion"},{"floor":25,"key":"PotionOfCapacity"},{"floor":27,"key":"Strength Potion"},{"floor":35,"key":"Swift Potion"},{"floor":36,"key":"FocusPotion"},{"floor":40,"key":"Ancient Potion"},{"floor":48,"key":"GamblersBrew"},{"floor":55,"key":"Energy Potion"}],"is_trial":false,"path_per_floor":["M","M","M","$","M","R","E","R","T","R","E","M","?","E","R","B",null,"M","?","M","$","$","E","?","E","T","M","?","?","R","M","R","B",null,"M","?","?","$","M","E","M","E","T","E","?","M","R","M","R","B","B",null,"R","$","E","B",null],"character_chosen":"DEFECT","basemod:card_modifiers":[null,null,null,null,null,null,null,null,null,null,null,null,null,null,null,null,null,null,null,null,null,null,null,null,null,null,null,null,null,null,null,null,null,null,null],"items_purchased":["FTL","PowerPotion","Pocketwatch","Meteor Strike","Turbo","Happy Flower","ColorlessPotion"],"campfire_rested":1,"item_purchase_floors":[4,4,21,38,38,54,54],"current_hp_per_floor":[64,63,56,56,36,36,43,43,43,43,36,34,34,11,11,17,58,46,46,53,53,53,56,56,50,50,57,57,52,52,24,24,61,69,40,71,67,67,66,67,67,69,69,47,47,46,46,62,62,8,29,62,73,73,51,61],"gold":52,"neow_bonus":"REMOVE_CARD","is_prod":false,"is_daily":false,"rewards_skipped":[{"floor":5,"relics":[],"potions":["DuplicationPotion"]},{"floor":42,"relics":[],"potions":["EssenceOfDarkness"]},{"floor":46,"relics":[],"potions":["Ancient Potion"]}],"chose_seed":false,"campfire_upgraded":4,"win_rate":0,"floor_exit_playtime":[260,366,473,534,715,722,809,816,837,847,1057,1123,1178,1838,1843,2069,2170,2261,2276,2334,2722,2738,3066,3103,3393,3402,3555,3592,3601,3613,3791,3798,4110,4315,4498,4703,4742,4807,4979,5252,5578,5726,5737,6078,6080,6493,6499,6708,6715,7717,8213,8224,8229,8361,9569,10315],"timestamp":1684373092,"blue_key_relic_skipped_log":{"floor":43,"relicID":"Darkstone Periapt"},"path_taken":["M","M","M","$","M","R","E","R","T","R","E","M","?","E","R","BOSS","M","?","M","?","$","E","?","E","T","?","?","?","R","M","R","BOSS","M","?","?","$","M","E","M","E","T","E","?","M","R","M","R","BOSS","BOSS","R","$","E","BOSS"],"build_version":"2022-12-18","purchased_purges":0,"victory":true,"max_hp_per_floor":[71,71,71,71,71,71,71,71,71,71,71,71,71,71,71,71,71,71,71,71,71,71,71,71,71,71,71,71,71,71,71,71,71,71,71,71,67,67,67,67,67,69,69,71,71,71,71,73,73,73,73,73,73,73,73,73],"relic_stats":{"Girya":3,"Torii":116,"Singing Bowl":6,"Happy Flower":[5],"counters":[29,179],"CeramicFish":198,"Dead Branch":[69],"Bag of Preparation":[48],"Mercury Hourglass":[21],"Centennial Puzzle":[18],"Pantograph":108,"obtain_stats":[{"Girya":23,"Torii":25,"Singing Bowl":40,"Happy Flower":54,"CeramicFish":7,"Dead Branch":36,"Vajra":14,"Bag of Preparation":9,"Mercury Hourglass":55,"Centennial Puzzle":42,"Pantograph":26,"Fusion Hammer":17,"Bag of Marbles":44,"Cracked Core":0,"Toy Ornithopter":11,"TungstenRod":19,"Pocketwatch":21,"Runic Pyramid":34},{"Girya":12,"Torii":13,"Singing Bowl":20,"Happy Flower":27,"CeramicFish":5,"Dead Branch":18,"Vajra":8,"Bag of Preparation":5,"Mercury Hourglass":28,"Centennial Puzzle":22,"Pantograph":13,"Fusion Hammer":9,"Bag of Marbles":23,"Cracked Core":0,"Toy Ornithopter":6,"TungstenRod":10,"Pocketwatch":11,"Runic Pyramid":16},{"Girya":47,"Torii":54,"Singing Bowl":93,"Happy Flower":164,"CeramicFish":16,"Dead Branch":83,"Vajra":28,"Bag of Preparation":16,"Mercury Hourglass":171,"Centennial Puzzle":125,"Pantograph":54,"Fusion Hammer":36,"Bag of Marbles":133,"Cracked Core":0,"Toy Ornithopter":21,"TungstenRod":40,"Pocketwatch":43,"Runic Pyramid":71}],"Toy Ornithopter":34,"TungstenRod":105,"Pocketwatch":[45]},"card_choices":[{"not_picked":["Fusion","Rebound"],"picked":"Beam Cell","floor":1},{"not_picked":["Gash","Steam"],"picked":"Fission","floor":2},{"not_picked":["Doom and Gloom","Ball Lightning"],"picked":"Self Repair","floor":3},{"not_picked":["Recycle","Steam Power","Loop"],"picked":"SKIP","floor":5},{"not_picked":["Recycle","Steam Power"],"picked":"Loop","floor":5},{"not_picked":["Redo","Compile Driver"],"picked":"Steam","floor":7},{"not_picked":["Conserve Battery","White Noise"],"picked":"Coolheaded","floor":11},{"not_picked":["Barrage","Steam Power"],"picked":"Ball Lightning","floor":12},{"not_picked":["Reprogram","Sweeping Beam"],"picked":"Consume","floor":14},{"not_picked":["Thunder Strike","Amplify"],"picked":"Reboot","floor":16},{"not_picked":["Go for the Eyes","Gash"],"picked":"Lockon","floor":18},{"not_picked":["Beam Cell","Leap","Streamline"],"picked":"SKIP","floor":20},{"not_picked":["Compile Driver","Static Discharge"],"picked":"Go for the Eyes+1","floor":23},{"not_picked":["Undo","Beam Cell","Conserve Battery","Double Energy","Coolheaded","Scrape","Rainbow","Chaos","Hello World","Recycle","Go for the Eyes","Leap","Redo","White Noise","Fusion","Barrage","Rebound","Gash","Sunder"],"picked":"Doom and Gloom","floor":24},{"not_picked":["Buffer","Ball Lightning"],"picked":"Static Discharge","floor":25},{"not_picked":["Compile Driver","Conserve Battery"],"picked":"Defragment","floor":27},{"not_picked":["Fusion","Storm"],"picked":"Genetic Algorithm","floor":31},{"not_picked":["Thunder Strike","Creative AI"],"picked":"Echo Form","floor":33},{"not_picked":["Streamline","Auto Shields","Loop"],"picked":"SKIP","floor":35},{"not_picked":["Streamline","Auto Shields","Loop"],"picked":"SKIP","floor":35},{"not_picked":["Conserve Battery","Stack+1"],"picked":"Sweeping Beam+1","floor":36},{"not_picked":["Compile Driver","Stack+1"],"picked":"Hologram","floor":39},{"not_picked":["Genetic Algorithm","Redo"],"picked":"Coolheaded+1","floor":40},{"not_picked":["Barrage+1","Sunder"],"picked":"Rebound","floor":41},{"not_picked":["Barrage","Undo","Leap"],"picked":"Singing Bowl","floor":42},{"not_picked":["Steam+1","Compile Driver","Leap"],"picked":"Singing Bowl","floor":44},{"not_picked":["Biased Cognition","Beam Cell"],"picked":"Coolheaded","floor":46},{"not_picked":["Steam","Redo","Heatsinks"],"picked":"Singing Bowl","floor":48},{"not_picked":["Ball Lightning","Darkness+1"],"picked":"Turbo+1","floor":55}],"player_experience":5693267,"relics_obtained":[{"floor":7,"key":"CeramicFish"},{"floor":9,"key":"Bag of Preparation"},{"floor":11,"key":"Toy Ornithopter"},{"floor":14,"key":"Vajra"},{"floor":23,"key":"Girya"},{"floor":25,"key":"Torii"},{"floor":26,"key":"Pantograph"},{"floor":36,"key":"Dead Branch"},{"floor":40,"key":"Singing Bowl"},{"floor":42,"key":"Centennial Puzzle"},{"floor":44,"key":"Bag of Marbles"},{"floor":55,"key":"Mercury Hourglass"}],"event_choices":[{"damage_healed":0,"gold_gain":0,"cards_transformed":["Strike_B"],"player_choice":"Transformed","damage_taken":0,"max_hp_gain":0,"max_hp_loss":0,"event_name":"Transmorgrifier","floor":13,"gold_loss":0,"cards_obtained":["Leap"]},{"damage_healed":0,"gold_gain":0,"player_choice":"Gave Potion","damage_taken":0,"relics_obtained":["TungstenRod"],"max_hp_gain":0,"max_hp_loss":0,"event_name":"WeMeetAgain","floor":19,"gold_loss":0},{"damage_healed":0,"gold_gain":0,"player_choice":"Read","damage_taken":0,"max_hp_gain":0,"max_hp_loss":0,"event_name":"The Library","floor":24,"gold_loss":0,"cards_obtained":["Doom and Gloom"]},{"cards_removed":["Defend_B"],"damage_healed":0,"gold_gain":0,"player_choice":"Gave Gold","damage_taken":0,"max_hp_gain":0,"max_hp_loss":0,"event_name":"Beggar","floor":28,"gold_loss":75},{"damage_healed":0,"gold_gain":0,"player_choice":"Joined the Cult","damage_taken":6,"max_hp_gain":0,"max_hp_loss":0,"event_name":"Nest","floor":29,"gold_loss":0,"cards_obtained":["RitualDagger"]},{"damage_healed":0,"gold_gain":0,"player_choice":"Fight","damage_taken":0,"max_hp_gain":0,"max_hp_loss":0,"event_name":"MindBloom","floor":36,"gold_loss":0},{"damage_healed":0,"gold_gain":0,"player_choice":"Max HP","damage_taken":0,"max_hp_gain":0,"max_hp_loss":4,"event_name":"Winding Halls","floor":37,"gold_loss":0},{"damage_healed":0,"gold_gain":0,"player_choice":"Ignored","damage_taken":0,"max_hp_gain":0,"max_hp_loss":0,"event_name":"Tomb of Lord Red Mask","floor":45,"gold_loss":0}],"is_beta":false,"boss_relics":[{"not_picked":["Ectoplasm","FrozenCore"],"picked":"Fusion Hammer"},{"not_picked":["Astrolabe","Nuclear Battery"],"picked":"Runic Pyramid"}],"items_purged_floors":[],"is_endless":false,"potions_floor_spawned":[2,5,7,12,18,20,25,27,35,36,40,42,46,48,55],"ascension_level":20,"potion_discard_per_floor":[[],[],[],[],[],[],[],[],[],[],[],[],[],[],[],[],[],[],[],[],[],[],[],[],[],[],[],[],[],[],[],[],[],[],[],["Strength Potion"],[],[],[],["Swift Potion"],[],[],[],[],[],[],[],["FocusPotion"],[],[],[],[],[],[],[],[],[]]}