{"neow_bonuses_skipped_log":["RANDOM_COLORLESS","THREE_ENEMY_KILL","BOSS_RELIC"],"neow_costs_skipped_log":["NONE","NONE","NONE"],"potions_obtained_entropic_brew":[[],[],[],[],[],[],[],[],[],[],[],[],[],[],[],[],[],[],[],[],[],[],[],[],[],[],[],[],[],[],[],[],[],[],[],[],[],[],[],[],[],[],[],[],[],[],[],[],[],[],[],[],[],[],[],[],[]],"gold_per_floor":[113,38,50,69,88,88,123,123,123,133,147,147,166,197,197,269,269,280,312,55,75,75,101,101,127,153,153,153,53,53,53,53,129,179,190,190,202,202,77,109,109,121,121,154,167,182,211,229,229,229,229,229,229,79,111,111],"floor_reached":57,"playtime":7069,"items_purged":["Zap","Strike_B","Defend_B","Defend_B"],"score":2980,"play_id":"6d76b604-2aa1-45ac-814f-9f4ff90d629d","local_time":"20230515223645","score_breakdown":["Floors Climbed (57): 285","Enemies Slain (15): 30","Exordium Elites Killed (2): 20","City Elites Killed (2): 40","Beyond Elites Killed (3): 90","Bosses Slain (5): 750","Champion (3): 75","Perfect (1): 50","C-c-c-combo: 25","Ascension (20): 1365","Heartbreaker: 250"],"is_ascension_mode":true,"potions_obtained_alchemize":[[],[],[],[],[],[],[],[],[],[],[],[],[],[],[],[],[],[],[],[],[],[],[],[],[],[],[],[],[],[],[],[],[],[],[],[],[],[],[],[],[],[],[],[],[],[],[],[],[],[],[],[],[],[],[],[],[]],"campfire_choices":[{"floor":6,"key":"REST"},{"data":"Doom and Gloom","floor":8,"key":"SMITH"},{"data":"Sunder","floor":12,"key":"SMITH"},{"data":"Loop","floor":15,"key":"SMITH"},{"data":"Recycle","floor":24,"key":"SMITH"},{"data":"Deep Breath","floor":27,"key":"SMITH"},{"data":"Defragment","floor":30,"key":"SMITH"},{"data":"Skim","floor":32,"key":"SMITH"},{"floor":41,"key":"RECALL"},{"data":"Hologram","floor":49,"key":"SMITH"},{"data":"Coolheaded","floor":53,"key":"SMITH"}],"lesson_learned_per_floor":[[],[],[],[],[],[],[],[],[],[],[],[],[],[],[],[],[],[],[],[],[],[],[],[],[],[],[],[],[],[],[],[],[],[],[],[],[],[],[],[],[],[],[],[],[],[],[],[],[],[],[],[],[],[],[],[],[]],"neow_cost":"TEN_PERCENT_HP_LOSS","improvable_cards":{},"seed_source_timestamp":21257534939795,"shop_contents":[{"floor":20,"relics":["Pen Nib","Art of War","Runic Capacitor"],"cards":["Sunder","Lockon","Redo","Hello World","HandOfGreed"],"potions":["SpeedPotion","GamblersBrew","PowerPotion"]},{"floor":29,"relics":["Tiny Chest","White Beast Statue","PrismaticShard"],"cards":["Streamline","Sweeping Beam","Conserve Battery","Stack","Hello World","Purity","HandOfGreed"],"potions":["DuplicationPotion","ColorlessPotion","Energy Potion"]},{"floor":39,"relics":["Boot","Blue Candle","DollysMirror"],"cards":["Sweeping Beam","Blizzard","Stack","Leap","Self Repair","Finesse","Magnetism"],"potions":["Regen Potion","SpeedPotion","EssenceOfDarkness"]},{"floor":54,"relics":["Emotion Chip","Nunchaku","Cauldron"],"cards":["Blizzard","Scrape","Stack","BootSequence","Echo Form","Mind Blast","Thinking Ahead"],"potions":["EssenceOfSteel","BlessingOfTheForge","AttackPotion"]}],"circlet_count":0,"master_deck":["AscendersBane","Dualcast","Skim+1","Doom and Gloom+1","Glacier","Ball Lightning","Compile Driver","Sunder+1","Cold Snap","Loop+1","Echo Form","Undo+1","Turbo","Deep Breath+1","Skim+1","Defragment+1","Recycle+1","Meteor Strike+1","Undo","Turbo","Core Surge","Master of Strategy","Dark Shackles","Master of Strategy","Hologram+1","Coolheaded+1"],"potion_use_per_floor":[[],[],[],[],[],[],[],[],[],[],[],[],["BlessingOfTheForge"],[],[],[],[],[],[],[],[],[],["BlessingOfTheForge"],[],["PowerPotion"],[],[],[],[],[],[],[],[],[],[],[],["Swift Potion"],[],[],[],[],[],[],[],[],[],[],[],[],[],[],[],[],[],[],["FocusPotion","DuplicationPotion"],[]],"relics":["Cracked Core","MealTicket","Toy Ornithopter","Sundial","Nuclear Battery","Red Mask","DataDisk","Akabeko","Anchor","Tiny House","Regal Pillow","Vajra","Lizard Tail","Letter Opener"],"potions_floor_usage":[13,23,25,37,56,56],"damage_taken":[{"damage":3,"enemies":"2 Louse","floor":1,"turns":2},{"damage":7,"enemies":"Small Slimes","floor":3,"turns":3},{"damage":1,"enemies":"Cultist","floor":4,"turns":3},{"damage":16,"enemies":"Exordium Thugs","floor":5,"turns":8},{"damage":19,"enemies":"3 Sentries","floor":7,"turns":5},{"damage":4,"enemies":"3 Louse","floor":10,"turns":3},{"damage":1,"enemies":"Exordium Wildlife","floor":11,"turns":3},{"damage":6,"enemies":"Exordium Thugs","floor":13,"turns":5},{"damage":4,"enemies":"Gremlin Nob","floor":14,"turns":3},{"damage":18,"enemies":"Hexaghost","floor":16,"turns":9},{"damage":10,"enemies":"Chosen","floor":18,"turns":6},{"damage":0,"enemies":"Masked Bandits","floor":19,"turns":4},{"damage":4,"enemies":"Spheric Guardian","floor":21,"turns":7},{"damage":7,"enemies":"Gremlin Leader","floor":23,"turns":6},{"damage":10,"enemies":"Book of Stabbing","floor":25,"turns":6},{"damage":8,"enemies":"Champ","floor":33,"turns":5},{"damage":0,"enemies":"3 Shapes","floor":35,"turns":7},{"damage":0,"enemies":"3 Darklings","floor":37,"turns":2},{"damage":5,"enemies":"Nemesis","floor":40,"turns":11},{"damage":2,"enemies":"Writhing Mass","floor":42,"turns":5},{"damage":0,"enemies":"Reptomancer","floor":44,"turns":4},{"damage":0,"enemies":"4 Shapes","floor":45,"turns":4},{"damage":0,"enemies":"Transient","floor":46,"turns":6},{"damage":0,"enemies":"Giant Head","floor":47,"turns":6},{"damage":0,"enemies":"Maw","floor":48,"turns":5},{"damage":20,"enemies":"Time Eater","floor":50,"turns":15},{"damage":0,"enemies":"Awakened One","floor":51,"turns":7},{"damage":0,"enemies":"Shield and Spear","floor":55,"turns":9},{"damage":15,"enemies":"The Heart","floor":56,"turns":8}],"green_key_taken_log":47,"seed_played":"-4744720603245730211","neow_bonus_log":{"cardsObtained":[],"cardsUpgraded":[],"cardsRemoved":["Strike_B","Strike_B"],"cardsTransformed":[],"relicsObtained":[],"maxHpGained":0,"goldGained":0,"damageTaken":0,"goldLost":0,"maxHpLost":7},"potions_obtained":[{"floor":1,"key":"BlessingOfTheForge"},{"floor":4,"key":"SpeedPotion"},{"floor":11,"key":"PowerPotion"},{"floor":16,"key":"BlessingOfTheForge"},{"floor":25,"key":"PowerPotion"},{"floor":34,"key":"CultistPotion"},{"floor":35,"key":"Swift Potion"},{"floor":44,"key":"EssenceOfDarkness"},{"floor":45,"key":"FocusPotion"},{"floor":47,"key":"DuplicationPotion"}],"is_trial":false,"path_per_floor":["M","?","M","M","M","R","E","R","T","M","M","R","M","E","R","B",null,"M","?","$","M","?","E","R","E","T","R","?","$","R","?","R","B",null,"M","?","M","?","$","E","R","M","T","E","M","M","E","M","R","B","B",null,"R","$","E","B",null],"character_chosen":"DEFECT","basemod:card_modifiers":[null,null,null,null,null,null,null,null,null,null,null,null,null,null,null,null,null,null,null,null,null,null,null,null,null,null],"items_purchased":["Deep Breath","Skim"],"campfire_rested":1,"item_purchase_floors":[20,20],"current_hp_per_floor":[61,61,54,53,37,56,37,37,37,33,32,32,31,27,27,9,50,40,40,55,51,51,49,49,44,44,44,44,59,59,59,59,51,66,66,56,61,61,69,64,64,62,62,62,62,62,62,62,62,42,42,62,62,69,69,60],"gold":111,"neow_bonus":"REMOVE_TWO","is_prod":false,"is_daily":false,"rewards_skipped":[{"floor":10,"relics":[],"potions":["SpeedPotion"]},{"floor":48,"relics":[],"potions":["Explosive Potion"]}],"chose_seed":false,"campfire_upgraded":9,"win_rate":0,"floor_exit_playtime":[254,261,306,360,571,576,749,763,765,839,959,974,1234,1417,1423,1663,1751,1885,2018,2143,2344,2374,2622,2629,2875,2916,2924,2939,2966,2981,2990,3002,3240,3376,3502,3530,3685,3695,3735,4019,4030,4297,4342,4513,4675,4895,5138,5273,5278,5751,6062,6072,6079,6112,6631,7069],"timestamp":1684204605,"blue_key_relic_skipped_log":{"floor":43,"relicID":"InkBottle"},"path_taken":["M","?","M","M","M","R","E","R","T","M","M","R","M","E","R","BOSS","M","?","$","M","?","E","R","E","T","R","?","$","R","?","R","BOSS","M","?","M","?","$","E","R","M","T","E","M","M","E","?","R","BOSS","BOSS","R","$","E","BOSS"],"build_version":"2022-12-18","purchased_purges":4,"victory":true,"max_hp_per_floor":[64,64,64,64,64,64,64,64,64,64,64,64,64,64,64,64,64,64,64,64,64,64,64,64,64,64,64,64,64,64,64,64,64,69,69,69,69,69,69,69,69,69,69,69,69,69,69,69,69,69,69,69,69,69,69,69],"relic_stats":{"Regal Pillow":0,"Lizard Tail":0,"counters":[29,167],"Sundial":[180],"MealTicket":45,"Letter Opener":[74],"obtain_stats":[{"Regal Pillow":40,"Tiny House":34,"Vajra":44,"Letter Opener":55,"Akabeko":25,"Nuclear Battery":17,"DataDisk":23,"Anchor":26,"Lizard Tail":47,"Sundial":14,"MealTicket":7,"Red Mask":19,"Cracked Core":0,"Toy Ornithopter":9},{"Regal Pillow":19,"Tiny House":16,"Vajra":21,"Letter Opener":28,"Akabeko":15,"Nuclear Battery":10,"DataDisk":14,"Anchor":15,"Lizard Tail":24,"Sundial":9,"MealTicket":5,"Red Mask":12,"Cracked Core":0,"Toy Ornithopter":5},{"Regal Pillow":98,"Tiny House":78,"Vajra":107,"Letter Opener":159,"Akabeko":73,"Nuclear Battery":44,"DataDisk":67,"Anchor":73,"Lizard Tail":123,"Sundial":35,"MealTicket":21,"Red Mask":54,"Cracked Core":0,"Toy Ornithopter":21}],"Toy Ornithopter":26},"card_choices":[{"not_picked":["Streamline","Double Energy"],"picked":"Skim","floor":1},{"not_picked":["Ball Lightning","Steam Power"],"picked":"Doom and Gloom","floor":3},{"not_picked":["Beam Cell","Auto Shields"],"picked":"Glacier","floor":4},{"not_picked":["Fusion","Streamline"],"picked":"Ball Lightning","floor":5},{"not_picked":["Fusion","Rip and Tear"],"picked":"Compile Driver","floor":7},{"not_picked":["Melter","Thunder Strike"],"picked":"Sunder","floor":10},{"not_picked":["Force Field","Sweeping Beam"],"picked":"Cold Snap","floor":11},{"not_picked":["Scrape","Reprogram","Hello World"],"picked":"SKIP","floor":13},{"not_picked":["Creative AI","Redo"],"picked":"Loop","floor":14},{"not_picked":["Fission","Reboot"],"picked":"Echo Form","floor":16},{"not_picked":["Compile Driver","Aggregate"],"picked":"Undo+1","floor":18},{"not_picked":["Static Discharge","Rebound"],"picked":"Turbo","floor":19},{"not_picked":["Doom and Gloom+1","Barrage"],"picked":"Defragment","floor":21},{"not_picked":["Rip and Tear","Redo"],"picked":"Recycle","floor":23},{"not_picked":["Gash","Rebound"],"picked":"Meteor Strike","floor":25},{"not_picked":["Rainbow","Thunder Strike"],"picked":"Core Surge","floor":33},{"not_picked":["Redo","Gash+1","Rip and Tear"],"picked":"SKIP","floor":35},{"not_picked":["Swift Strike","Bandage Up"],"picked":"Master of Strategy","floor":36},{"not_picked":["Dramatic Entrance","Jack Of All Trades"],"picked":"Dark Shackles","floor":36},{"not_picked":["Dark Shackles","Transmutation"],"picked":"Master of Strategy","floor":36},{"not_picked":["Turbo+1","Reinforced Body","Undo"],"picked":"SKIP","floor":37},{"not_picked":["Ball Lightning","Tempest","Thunder Strike"],"picked":"SKIP","floor":40},{"not_picked":["Streamline","Redo+1"],"picked":"Hologram","floor":42},{"not_picked":["Double Energy","Reprogram"],"picked":"Coolheaded","floor":44},{"not_picked":["Scrape","Redo","Coolheaded"],"picked":"SKIP","floor":45},{"not_picked":["Stack","Lockon","Tempest"],"picked":"SKIP","floor":46},{"not_picked":["Steam","FTL","Beam Cell"],"picked":"SKIP","floor":47},{"not_picked":["Turbo","Force Field","White Noise"],"picked":"SKIP","floor":48},{"not_picked":["Steam","Go for the Eyes","Leap"],"picked":"SKIP","floor":55}],"player_experience":5686198,"relics_obtained":[{"floor":7,"key":"MealTicket"},{"floor":9,"key":"Toy Ornithopter"},{"floor":14,"key":"Sundial"},{"floor":19,"key":"Red Mask"},{"floor":23,"key":"DataDisk"},{"floor":25,"key":"Akabeko"},{"floor":26,"key":"Anchor"},{"floor":40,"key":"Regal Pillow"},{"floor":44,"key":"Vajra"},{"floor":47,"key":"Lizard Tail"},{"floor":55,"key":"Letter Opener"}],"event_choices":[{"cards_removed":["Defend_B"],"damage_healed":0,"gold_gain":0,"player_choice":"Card Removal","damage_taken":0,"max_hp_gain":0,"max_hp_loss":0,"event_name":"The Cleric","floor":2,"gold_loss":75},{"damage_healed":0,"gold_gain":0,"player_choice":"Fought Bandits","damage_taken":0,"max_hp_gain":0,"max_hp_loss":0,"event_name":"Masked Bandits","floor":19,"gold_loss":0},{"damage_healed":0,"gold_gain":0,"player_choice":"Ignored","damage_taken":0,"max_hp_gain":0,"max_hp_loss":0,"event_name":"Vampires","floor":22,"gold_loss":0},{"damage_healed":0,"gold_gain":0,"player_choice":"Ignored","damage_taken":0,"max_hp_gain":0,"max_hp_loss":0,"event_name":"Ghosts","floor":28,"gold_loss":0},{"damage_healed":0,"gold_gain":0,"cards_transformed":["Strike_B","Defend_B"],"player_choice":"Became Test Subject","damage_taken":0,"max_hp_gain":0,"max_hp_loss":0,"event_name":"Drug Dealer","floor":31,"gold_loss":0,"cards_obtained":["Undo","Turbo"]},{"damage_healed":0,"gold_gain":0,"player_choice":"Memory 3","damage_taken":10,"max_hp_gain":0,"max_hp_loss":0,"event_name":"SensoryStone","floor":36,"gold_loss":0},{"damage_healed":0,"gold_gain":0,"player_choice":"Forge","damage_taken":0,"max_hp_gain":0,"max_hp_loss":0,"event_name":"Accursed Blacksmith","floor":38,"gold_loss":0,"cards_upgraded":["Skim"]}],"is_beta":false,"boss_relics":[{"not_picked":["Calling Bell","Pandora\u0027s Box"],"picked":"Nuclear Battery"},{"not_picked":["Inserter","Fusion Hammer"],"picked":"Tiny House"}],"items_purged_floors":[20,29,39,54],"is_endless":false,"potions_floor_spawned":[1,4,10,11,16,25,35,44,45,47,48],"ascension_level":20,"potion_discard_per_floor":[[],[],[],[],[],[],[],[],[],[],["SpeedPotion"],[],[],[],[],[],[],[],[],[],[],[],[],[],[],[],[],[],[],[],[],[],[],[],["CultistPotion"],[],[],[],[],[],[],[],[],[],["EssenceOfDarkness"],[],["PowerPotion"],[],[],[],[],[],[],[],[],[],[]]}