{"neow_bonuses_skipped_log":["THREE_SMALL_POTIONS","TWENTY_PERCENT_HP_BONUS","BOSS_RELIC"],"neow_costs_skipped_log":["NONE","CURSE","NONE"],"potions_obtained_entropic_brew":[[],[],[],[],[],[],[],[],[],[],[],[],[],[],[],[],[],[],[],[],[],[],[],[],[],[],[],[],[],[],[],[],[],[],[],[],[],[],[],[],[],[],[],[],[],[],[],[],[],[],[],[],[],[],[],["EntropicBrew","Regen Potion","PotionOfCapacity","GamblersBrew"],[]],"gold_per_floor":[111,43,55,74,91,91,107,107,132,165,176,3,3,19,19,96,96,112,130,130,201,201,234,20,20,44,44,73,73,84,97,97,169,169,181,194,208,224,241,270,270,303,303,336,336,370,370,383,383,383,383,383,383,14,39,39],"floor_reached":57,"playtime":11129,"items_purged":["Defend_B","Defend_B"],"score":2853,"play_id":"7b7c9d7a-4899-49b6-96b0-207f315cda1c","local_time":"20230523212250","score_breakdown":["Floors Climbed (57): 285","Enemies Slain (17): 34","Exordium Elites Killed (1): 10","City Elites Killed (2): 40","Beyond Elites Killed (4): 120","Bosses Slain (5): 750","Collector (1): 25","Champion (1): 25","Overkill: 25","Ascension (20): 1289","Heartbreaker: 250"],"is_ascension_mode":true,"potions_obtained_alchemize":[[],[],[],[],[],[],[],[],[],[],[],[],[],[],[],[],[],[],[],[],[],[],[],[],[],[],[],[],[],[],[],[],[],[],[],[],[],[],[],[],[],[],[],[],[],[],[],[],[],[],[],[],[],[],[],[],[]],"campfire_choices":[{"data":"Streamline","floor":6,"key":"SMITH"},{"data":"Double Energy","floor":8,"key":"SMITH"},{"data":"Beam Cell","floor":15,"key":"SMITH"},{"data":"Coolheaded","floor":25,"key":"SMITH"},{"floor":27,"key":"REST"},{"data":"Hologram","floor":29,"key":"SMITH"},{"data":"Reprogram","floor":32,"key":"SMITH"},{"data":"Hologram","floor":41,"key":"SMITH"},{"data":"Reprogram","floor":45,"key":"SMITH"},{"floor":49,"key":"RECALL"},{"data":"Turbo","floor":53,"key":"SMITH"}],"lesson_learned_per_floor":[[],[],[],[],[],[],[],[],[],[],[],[],[],[],[],[],[],[],[],[],[],[],[],[],[],[],[],[],[],[],[],[],[],[],[],[],[],[],[],[],[],[],[],[],[],[],[],[],[],[],[],[],[],[],[],[],[]],"neow_cost":"NONE","improvable_cards":{"RitualDagger":[68]},"seed_source_timestamp":32945028241366,"shop_contents":[{"floor":12,"relics":["Pantograph","Bottled Lightning","Sling"],"cards":["Barrage","Blizzard","Reboot","Bandage Up","Apotheosis"],"potions":["Fruit Juice","DistilledChaos","Swift Potion"]},{"floor":24,"relics":["Toxic Egg 2","StrikeDummy","HandDrill"],"cards":["Scrape","Barrage","Reinforced Body","Capacitor","Bandage Up","Metamorphosis"],"potions":["FocusPotion","FocusPotion"]},{"floor":54,"relics":["Pear","Dead Branch","TheAbacus"],"cards":["Ball Lightning","Scrape","Aggregate","Coolheaded","Static Discharge","Forethought","Secret Weapon"],"potions":["FocusPotion","EssenceOfSteel","Weak Potion"]}],"circlet_count":0,"master_deck":["AscendersBane","Strike_B","Defend_B","Defend_B","Zap","Dualcast+1","Streamline+1","Loop","Rebound","Hologram+1","Double Energy+1","Conserve Battery","Hologram+1","Self Repair","Hologram","Beam Cell+1","Meteor Strike","Hologram+1","Conserve Battery","RitualDagger","Go for the Eyes+1","Coolheaded+1","Turbo+1","Coolheaded","Hologram","Reprogram+1","Sweeping Beam+1","Steam","Reinforced Body","Auto Shields+1","Reprogram+1","Streamline","Flash of Steel"],"potion_use_per_floor":[[],[],[],[],[],[],["Fruit Juice"],[],[],["SneckoOil"],[],[],[],[],[],["Weak Potion"],[],[],[],[],[],[],["AttackPotion"],[],[],[],[],["Block Potion","BlessingOfTheForge"],[],[],["PotionOfCapacity"],[],["PowerPotion"],[],["PowerPotion"],["Strength Potion"],["Dexterity Potion"],[],[],[],[],[],[],[],[],["DuplicationPotion"],[],["ColorlessPotion"],[],[],[],[],[],[],["Dexterity Potion"],["PowerPotion","EntropicBrew","Regen Potion","EntropicBrew","PotionOfCapacity"],[]],"relics":["Cracked Core","Bag of Preparation","Dream Catcher","Toy Ornithopter","Runic Pyramid","White Beast Statue","Incense Burner","Blue Candle","Empty Cage","Pen Nib","The Courier","Mummified Hand","Lantern","Juzu Bracelet","Strawberry","War Paint","StoneCalendar"],"potions_floor_usage":[7,10,16,23,28,28,31,33,35,36,37,46,48,55,56,56,56,56,56],"damage_taken":[{"damage":12,"enemies":"Small Slimes","floor":1,"turns":4},{"damage":1,"enemies":"Cultist","floor":3,"turns":3},{"damage":0,"enemies":"2 Louse","floor":4,"turns":1},{"damage":6,"enemies":"Blue Slaver","floor":5,"turns":4},{"damage":2,"enemies":"Exordium Thugs","floor":7,"turns":4},{"damage":7,"enemies":"Lagavulin","floor":10,"turns":4},{"damage":13,"enemies":"Large Slime","floor":11,"turns":3},{"damage":0,"enemies":"Looter","floor":14,"turns":1},{"damage":21,"enemies":"Hexaghost","floor":16,"turns":8},{"damage":26,"enemies":"2 Thieves","floor":18,"turns":5},{"damage":25,"enemies":"Shell Parasite","floor":19,"turns":3},{"damage":0,"enemies":"Gremlin Leader","floor":23,"turns":8},{"damage":14,"enemies":"Book of Stabbing","floor":28,"turns":5},{"damage":5,"enemies":"Shelled Parasite and Fungi","floor":30,"turns":5},{"damage":39,"enemies":"Cultist and Chosen","floor":31,"turns":8},{"damage":7,"enemies":"Automaton","floor":33,"turns":10},{"damage":18,"enemies":"3 Shapes","floor":35,"turns":6},{"damage":0,"enemies":"Orb Walker","floor":36,"turns":7},{"damage":0,"enemies":"Maw","floor":37,"turns":6},{"damage":1,"enemies":"Jaw Worm Horde","floor":38,"turns":6},{"damage":3,"enemies":"Sphere and 2 Shapes","floor":39,"turns":11},{"damage":20,"enemies":"Giant Head","floor":40,"turns":12},{"damage":9,"enemies":"Reptomancer","floor":42,"turns":7},{"damage":26,"enemies":"Nemesis","floor":44,"turns":11},{"damage":4,"enemies":"Reptomancer","floor":46,"turns":7},{"damage":2,"enemies":"3 Darklings","floor":48,"turns":11},{"damage":11,"enemies":"Awakened One","floor":50,"turns":25},{"damage":14,"enemies":"Donu and Deca","floor":51,"turns":17},{"damage":31,"enemies":"Shield and Spear","floor":55,"turns":18},{"damage":48,"enemies":"The Heart","floor":56,"turns":12}],"green_key_taken_log":28,"seed_played":"-7194194699814453124","neow_bonus_log":{"cardsObtained":[],"cardsUpgraded":[],"cardsRemoved":["Strike_B"],"cardsTransformed":[],"relicsObtained":[],"maxHpGained":0,"goldGained":0,"damageTaken":0,"goldLost":0,"maxHpLost":0},"potions_obtained":[{"floor":4,"key":"SneckoOil"},{"floor":5,"key":"Fruit Juice"},{"floor":7,"key":"AttackPotion"},{"floor":10,"key":"Weak Potion"},{"floor":23,"key":"Block Potion"},{"floor":28,"key":"PotionOfCapacity"},{"floor":30,"key":"EntropicBrew"},{"floor":31,"key":"PowerPotion"},{"floor":33,"key":"PowerPotion"},{"floor":35,"key":"Strength Potion"},{"floor":36,"key":"Dexterity Potion"},{"floor":37,"key":"DuplicationPotion"},{"floor":46,"key":"ColorlessPotion"},{"floor":48,"key":"SpeedPotion"},{"floor":55,"key":"PowerPotion"}],"is_trial":false,"path_per_floor":["M","?","M","M","M","R","M","R","T","E","M","$","?","M","R","B",null,"M","M","?","T","?","E","$","R","T","R","E","R","M","M","R","B",null,"M","M","M","M","M","E","R","E","T","E","R","E","?","M","R","B","B",null,"R","$","E","B",null],"character_chosen":"DEFECT","basemod:card_modifiers":[null,null,null,null,null,null,null,null,null,null,null,null,null,null,null,null,null,null,null,null,null,null,null,null,null,null,null,null,null,null,null,null,null],"items_purchased":["Self Repair","Hologram","Coolheaded","BlessingOfTheForge","Flash of Steel","Strawberry","War Paint","Dexterity Potion"],"campfire_rested":1,"item_purchase_floors":[12,12,24,24,54,54,54,54],"current_hp_per_floor":[52,52,51,51,45,45,48,48,48,41,28,28,28,28,28,19,62,43,25,25,25,19,31,31,31,31,53,56,56,58,31,31,43,68,62,74,76,76,76,63,63,61,61,42,42,50,50,60,60,56,49,69,69,76,57,55],"gold":39,"neow_bonus":"REMOVE_CARD","is_prod":false,"is_daily":false,"rewards_skipped":[{"floor":38,"relics":[],"potions":["Energy Potion"]},{"floor":39,"relics":[],"potions":["LiquidBronze"]},{"floor":40,"relics":[],"potions":["SkillPotion"]},{"floor":42,"relics":[],"potions":["EssenceOfSteel"]},{"floor":44,"relics":[],"potions":["LiquidBronze"]}],"chose_seed":false,"campfire_upgraded":9,"win_rate":0,"floor_exit_playtime":[431,613,711,772,855,867,944,957,983,1187,1344,1539,1543,1592,1600,1818,1937,2463,2581,2741,2746,2778,4688,4774,4801,4806,4822,5076,5085,5309,5582,5594,5997,6099,6422,6637,6797,6976,7232,7529,7539,7796,7879,8135,8141,8436,8440,8784,8787,9234,9553,9565,9600,9898,10641,11129],"timestamp":1684891370,"blue_key_relic_skipped_log":{"floor":26,"relicID":"Tiny Chest"},"path_taken":["M","?","M","M","M","R","M","R","T","E","?","?","?","M","R","BOSS","M","M","?","?","?","E","$","R","T","R","E","R","M","M","R","BOSS","M","M","M","M","M","E","R","E","T","E","R","E","?","M","R","BOSS","BOSS","R","$","E","BOSS"],"build_version":"2022-12-18","purchased_purges":2,"victory":true,"max_hp_per_floor":[71,71,71,71,71,71,76,76,76,76,76,76,76,76,76,76,76,76,76,76,76,76,76,76,76,76,76,76,76,76,76,76,76,76,76,76,76,76,76,76,76,76,76,76,76,76,76,76,76,76,76,76,76,83,83,83],"relic_stats":{"counters":[30,232],"Blue Candle":[0],"StoneCalendar":[0],"Pen Nib":[16],"The Courier":92,"Bag of Preparation":[58],"Juzu Bracelet":0,"War Paint":["Hologram","Dualcast"],"White Beast Statue":[0.0,0.0,0.0,0.4,0.0,0.6000000000000001,0.0,0.0,0.0,0.0,0.0,7.789847091200003],"Dream Catcher":1,"Mummified Hand":[23],"obtain_stats":[{"Lantern":44,"Blue Candle":28,"StoneCalendar":55,"Pen Nib":40,"The Courier":42,"Bag of Preparation":2,"Incense Burner":23,"Juzu Bracelet":46,"War Paint":54,"Empty Cage":34,"White Beast Statue":21,"Dream Catcher":9,"Mummified Hand":43,"Strawberry":54,"Cracked Core":0,"Toy Ornithopter":10,"Runic Pyramid":17},{"Lantern":24,"Blue Candle":13,"StoneCalendar":29,"Pen Nib":22,"The Courier":23,"Bag of Preparation":1,"Incense Burner":12,"Juzu Bracelet":25,"War Paint":28,"Empty Cage":16,"White Beast Statue":11,"Dream Catcher":5,"Mummified Hand":23,"Strawberry":28,"Cracked Core":0,"Toy Ornithopter":6,"Runic Pyramid":9},{"Lantern":142,"Blue Candle":53,"StoneCalendar":220,"Pen Nib":124,"The Courier":131,"Bag of Preparation":4,"Incense Burner":48,"Juzu Bracelet":149,"War Paint":202,"Empty Cage":76,"White Beast Statue":40,"Dream Catcher":16,"Mummified Hand":131,"Strawberry":202,"Cracked Core":0,"Toy Ornithopter":20,"Runic Pyramid":32}],"Toy Ornithopter":82},"card_choices":[{"not_picked":["Barrage","Heatsinks"],"picked":"Streamline","floor":1},{"not_picked":["Chaos","Leap"],"picked":"Loop","floor":3},{"not_picked":["Force Field","Go for the Eyes"],"picked":"Rebound","floor":4},{"not_picked":["Stack","Capacitor"],"picked":"Hologram","floor":5},{"not_picked":["Streamline","Reprogram"],"picked":"Double Energy","floor":7},{"not_picked":["Ball Lightning","Reprogram"],"picked":"Conserve Battery","floor":10},{"not_picked":["Redo","Darkness"],"picked":"Hologram","floor":11},{"not_picked":["Hologram","Streamline"],"picked":"Beam Cell","floor":14},{"not_picked":["Multi-Cast","Amplify"],"picked":"Meteor Strike","floor":16},{"not_picked":["Streamline","Gash","Ball Lightning"],"picked":"SKIP","floor":18},{"not_picked":["Streamline","Gash","Ball Lightning"],"picked":"SKIP","floor":18},{"not_picked":["Streamline","Redo"],"picked":"Hologram","floor":19},{"not_picked":["Aggregate","Barrage","Doom and Gloom","Redo","Capacitor","Beam Cell","Streamline","Tempest","Hologram","Coolheaded","Fusion","Compile Driver","Blizzard","Auto Shields","Reinforced Body","Buffer","Force Field","Gash","Go for the Eyes"],"picked":"Conserve Battery","floor":20},{"not_picked":["Fission","Tempest"],"picked":"Go for the Eyes+1","floor":23},{"not_picked":["Cold Snap","Lockon"],"picked":"Turbo","floor":27},{"not_picked":["Ball Lightning","Cold Snap"],"picked":"Coolheaded","floor":28},{"not_picked":["Self Repair","Rebound"],"picked":"Hologram","floor":30},{"not_picked":["Sweeping Beam","Amplify"],"picked":"Reprogram","floor":31},{"not_picked":["Rainbow","Machine Learning","Amplify"],"picked":"SKIP","floor":33},{"not_picked":["Turbo","Coolheaded"],"picked":"Sweeping Beam+1","floor":35},{"not_picked":["Redo","Steam","Coolheaded"],"picked":"SKIP","floor":36},{"not_picked":["Redo","Coolheaded"],"picked":"Steam","floor":36},{"not_picked":["Beam Cell","Leap+1"],"picked":"Reinforced Body","floor":37},{"not_picked":["Coolheaded","Steam"],"picked":"Auto Shields+1","floor":38},{"not_picked":["Leap","Ball Lightning","Redo+1"],"picked":"SKIP","floor":39},{"not_picked":["Hello World+1","Conserve Battery","Sunder+1"],"picked":"SKIP","floor":40},{"not_picked":["Leap","Sunder","Amplify"],"picked":"SKIP","floor":42},{"not_picked":["Steam Power","Defragment"],"picked":"Reprogram","floor":44},{"not_picked":["Rebound","Reprogram+1","Reinforced Body"],"picked":"SKIP","floor":46},{"not_picked":["Auto Shields","Loop","Streamline"],"picked":"SKIP","floor":48},{"not_picked":["Auto Shields","Loop"],"picked":"Streamline","floor":48},{"not_picked":["Tempest+1","Conserve Battery","Fission"],"picked":"SKIP","floor":55}],"player_experience":5732551,"relics_obtained":[{"floor":9,"key":"Dream Catcher"},{"floor":10,"key":"Toy Ornithopter"},{"floor":21,"key":"White Beast Statue"},{"floor":23,"key":"Incense Burner"},{"floor":28,"key":"Blue Candle"},{"floor":40,"key":"Pen Nib"},{"floor":42,"key":"The Courier"},{"floor":43,"key":"Mummified Hand"},{"floor":44,"key":"Lantern"},{"floor":46,"key":"Juzu Bracelet"},{"floor":55,"key":"StoneCalendar"}],"event_choices":[{"damage_healed":0,"gold_gain":0,"player_choice":"Paid Gold","damage_taken":0,"relics_obtained":["Bag of Preparation"],"max_hp_gain":0,"max_hp_loss":0,"event_name":"WeMeetAgain","floor":2,"gold_loss":68},{"damage_healed":0,"gold_gain":0,"player_choice":"Ignored","damage_taken":0,"max_hp_gain":0,"max_hp_loss":0,"event_name":"Liars Game","floor":13,"gold_loss":0},{"damage_healed":0,"gold_gain":0,"player_choice":"Read","damage_taken":0,"max_hp_gain":0,"max_hp_loss":0,"event_name":"The Library","floor":20,"gold_loss":0,"cards_obtained":["Conserve Battery"]},{"damage_healed":0,"gold_gain":0,"player_choice":"Joined the Cult","damage_taken":6,"max_hp_gain":0,"max_hp_loss":0,"event_name":"Nest","floor":22,"gold_loss":0,"cards_obtained":["RitualDagger"]},{"damage_healed":0,"gold_gain":0,"player_choice":"Ignored","damage_taken":0,"max_hp_gain":0,"max_hp_loss":0,"event_name":"Tomb of Lord Red Mask","floor":47,"gold_loss":0}],"is_beta":false,"boss_relics":[{"not_picked":["Black Star","Cursed Key"],"picked":"Runic Pyramid"},{"not_picked":["Calling Bell","Snecko Eye"],"picked":"Empty Cage"}],"items_purged_floors":[12,24],"is_endless":false,"potions_floor_spawned":[4,5,7,10,23,28,30,31,33,35,36,37,38,39,40,42,44,46,48,55],"ascension_level":20,"potion_discard_per_floor":[[],[],[],[],[],[],[],[],[],[],[],[],[],[],[],[],[],[],[],[],[],[],[],[],[],[],[],[],[],[],[],[],[],[],[],[],[],[],[],[],[],[],[],[],[],[],[],[],[],[],[],[],[],["SpeedPotion"],[],["GamblersBrew"],[]]}