{"neow_bonuses_skipped_log":["TRANSFORM_CARD","RANDOM_COMMON_RELIC","BOSS_RELIC"],"neow_costs_skipped_log":["NONE","NONE","NONE"],"potions_obtained_entropic_brew":[[],[],[],[],[],[],[],[],[],[],[],[],[],[],[],[],[],[],[],[],[],[],[],[],[],[],[],[],[],[],[],[],[],[],[],[],[],[],[],[],[],[],[],[],[],[],[],[],[],[],[],[],[],[],[]],"gold_per_floor":[11,11,30,30,46,46,79,79,102,118,149,159,174,193,193,271,271,285,295,312,324,1,1,27,27,27,41,41,70,87,119,119,196,196,215,228,59,59,74,111,30,39,39,74,95,120,145,170,170,170,170,170,170,70,70],"floor_reached":55,"playtime":5247,"items_purged":["Strike_R","Perfected Strike+1"],"score":2062,"play_id":"9cfdc070-ae66-4a4f-b8cb-c8798c2441f3","local_time":"20230103194157","score_breakdown":["Floors Climbed (55): 275","Enemies Slain (18): 36","Exordium Elites Killed (2): 20","City Elites Killed (3): 60","Beyond Elites Killed (3): 90","Bosses Slain (4): 500","Librarian: 25","Well Fed: 25","Champion (1): 25","Ascension (20): 1006"],"is_ascension_mode":true,"potions_obtained_alchemize":[[],[],[],[],[],[],[],[],[],[],[],[],[],[],[],[],[],[],[],[],[],[],[],[],[],[],[],[],[],[],[],[],[],[],[],[],[],[],[],[],[],[],[],[],[],[],[],[],[],[],[],[],[],[],[]],"campfire_choices":[{"data":"Perfected Strike","floor":6,"key":"SMITH"},{"data":"Sever Soul","floor":8,"key":"SMITH"},{"data":"Inflame","floor":15,"key":"SMITH"},{"floor":23,"key":"REST"},{"data":"Immolate","floor":25,"key":"SMITH"},{"floor":28,"key":"REST"},{"data":"Demon Form","floor":32,"key":"SMITH"},{"floor":42,"key":"REST"},{"floor":49,"key":"RECALL"},{"data":"Shockwave","floor":53,"key":"SMITH"}],"lesson_learned_per_floor":[[],[],[],[],[],[],[],[],[],[],[],[],[],[],[],[],[],[],[],[],[],[],[],[],[],[],[],[],[],[],[],[],[],[],[],[],[],[],[],[],[],[],[],[],[],[],[],[],[],[],[],[],[],[],[]],"neow_cost":"NO_GOLD","improvable_cards":{},"seed_source_timestamp":-6418701526768983571,"shop_contents":[{"floor":22,"relics":["Tiny Chest","OrangePellets"],"cards":["Heavy Blade","Sword Boomerang","Limit Break","Infernal Blade","Combust","Mind Blast","Secret Technique"],"potions":["LiquidBronze","GamblersBrew"]},{"floor":37,"relics":["Bag of Marbles","Boot"],"cards":["Bludgeon","Hemokinesis","Entrench","Armaments","Combust","Swift Strike","Metamorphosis"],"potions":["Weak Potion","BloodPotion","Dexterity Potion"]},{"floor":41,"relics":["Omamori","Turnip","Medical Kit"],"cards":["Wild Strike","Rampage","True Grit","Seeing Red","Demon Form","Transmutation"],"potions":["BlessingOfTheForge","AttackPotion","Weak Potion"]},{"floor":54,"relics":["Bottled Tornado","Blood Vial","Brimstone"],"cards":["Clothesline","Pommel Strike","Armaments","Ghostly Armor","Fire Breathing","Jack Of All Trades","Secret Weapon"],"potions":["Block Potion","AttackPotion","SkillPotion"]}],"circlet_count":0,"master_deck":["AscendersBane","Strike_R","Strike_R","Strike_R","Strike_R","Defend_R","Defend_R","Defend_R","Defend_R","Bash","Sever Soul+1","Inflame+1","Metallicize","Iron Wave","Pummel","Pommel Strike","Reaper","Immolate+1","Disarm+1","Battle Trance+1","Bloodletting","Spot Weakness","Battle Trance+1","Burning Pact","Shockwave+1","Demon Form+1","Reaper","Reaper","Power Through","Dark Shackles","Dark Shackles","Second Wind","PanicButton","Burning Pact","Disarm","Bloodletting","Uppercut+1"],"potion_use_per_floor":[[],[],[],[],[],[],["Explosive Potion"],[],[],[],["DuplicationPotion"],[],[],[],[],[],[],["DistilledChaos"],["AttackPotion"],["SteroidPotion"],[],[],[],["Explosive Potion"],[],[],["Regen Potion"],[],[],[],[],[],["PowerPotion"],[],[],[],[],[],[],["Weak Potion"],[],[],[],[],[],[],[],[],[],[],[],[],[],[],["Block Potion","Weak Potion"]],"relics":["Burning Blood","WarpedTongs","Strawberry","Dream Catcher","Potion Belt","SlaversCollar","Akabeko","MealTicket","Lantern","Bag of Preparation","Philosopher\u0027s Stone","Frozen Eye","CeramicFish","Happy Flower","Bronze Scales","Bird Faced Urn","Singing Bowl"],"potions_floor_usage":[7,11,18,19,20,24,27,33,40,55,55],"damage_taken":[{"damage":4,"enemies":"Small Slimes","floor":1,"turns":3},{"damage":3,"enemies":"Cultist","floor":3,"turns":3},{"damage":0,"enemies":"2 Louse","floor":5,"turns":2},{"damage":11,"enemies":"3 Sentries","floor":7,"turns":7},{"damage":8,"enemies":"Looter","floor":10,"turns":2},{"damage":5,"enemies":"Gremlin Nob","floor":11,"turns":3},{"damage":5,"enemies":"Gremlin Gang","floor":12,"turns":4},{"damage":1,"enemies":"2 Fungi Beasts","floor":13,"turns":3},{"damage":2,"enemies":"Exordium Thugs","floor":14,"turns":4},{"damage":65,"enemies":"Hexaghost","floor":16,"turns":9},{"damage":14,"enemies":"2 Thieves","floor":18,"turns":4},{"damage":53,"enemies":"Shell Parasite","floor":19,"turns":8},{"damage":41,"enemies":"Cultist and Chosen","floor":20,"turns":7},{"damage":15,"enemies":"3 Cultists","floor":21,"turns":4},{"damage":56,"enemies":"Slavers","floor":24,"turns":4},{"damage":28,"enemies":"Centurion and Healer","floor":27,"turns":9},{"damage":0,"enemies":"Gremlin Leader","floor":29,"turns":5},{"damage":27,"enemies":"Snake Plant","floor":30,"turns":4},{"damage":30,"enemies":"Book of Stabbing","floor":31,"turns":4},{"damage":67,"enemies":"Automaton","floor":33,"turns":8},{"damage":9,"enemies":"3 Shapes","floor":35,"turns":11},{"damage":30,"enemies":"3 Darklings","floor":36,"turns":4},{"damage":52,"enemies":"4 Shapes","floor":39,"turns":9},{"damage":102,"enemies":"Nemesis","floor":40,"turns":11},{"damage":100,"enemies":"Reptomancer","floor":44,"turns":7},{"damage":50,"enemies":"Writhing Mass","floor":45,"turns":10},{"damage":0,"enemies":"Mind Bloom Boss Battle","floor":46,"turns":8},{"damage":126,"enemies":"Giant Head","floor":47,"turns":9},{"damage":7,"enemies":"Sphere and 2 Shapes","floor":48,"turns":4},{"damage":125,"enemies":"Donu and Deca","floor":50,"turns":11},{"damage":61,"enemies":"Time Eater","floor":51,"turns":10},{"damage":132,"enemies":"Shield and Spear","floor":55,"turns":6}],"green_key_taken_log":40,"seed_played":"-8307104719328410190","neow_bonus_log":{"cardsObtained":[],"cardsUpgraded":[],"cardsRemoved":[],"cardsTransformed":[],"relicsObtained":[],"maxHpGained":14,"goldGained":0,"damageTaken":0,"goldLost":99,"maxHpLost":0},"potions_obtained":[{"floor":5,"key":"Explosive Potion"},{"floor":7,"key":"SteroidPotion"},{"floor":10,"key":"DuplicationPotion"},{"floor":14,"key":"DistilledChaos"},{"floor":16,"key":"AttackPotion"},{"floor":21,"key":"Explosive Potion"},{"floor":27,"key":"Weak Potion"},{"floor":30,"key":"PowerPotion"},{"floor":31,"key":"Ancient Potion"},{"floor":33,"key":"SneckoOil"},{"floor":35,"key":"Ancient Potion"},{"floor":36,"key":"Weak Potion"},{"floor":40,"key":"Block Potion"}],"is_trial":false,"path_per_floor":["M","?","M","?","M","R","E","R","T","M","E","M","M","M","R","B",null,"M","M","M","M","$","R","E","R","T","M","R","E","M","E","R","B",null,"M","M","$","?","M","E","$","R","T","E","M","?","E","M","R","B","B",null,"R","$","E"],"character_chosen":"IRONCLAD","items_purchased":["Akabeko","Regen Potion","Frozen Eye","PanicButton"],"campfire_rested":3,"item_purchase_floors":[22,22,37,41],"current_hp_per_floor":[84,84,87,87,89,89,91,91,91,89,90,91,96,96,96,37,81,75,35,20,19,19,47,33,33,33,50,78,96,89,72,72,47,84,93,96,96,86,96,19,34,62,62,82,94,96,82,98,98,86,96,98,98,98,0],"gold":70,"neow_bonus":"TWENTY_PERCENT_HP_BONUS","is_prod":false,"is_daily":false,"rewards_skipped":[{"floor":45,"relics":[],"potions":["Fire Potion"]}],"chose_seed":false,"campfire_upgraded":6,"win_rate":0,"floor_exit_playtime":[105,134,168,177,224,232,320,326,330,378,426,526,588,645,664,817,874,946,1113,1220,1340,1374,1390,1519,1535,1537,1682,1706,1760,1959,2064,2087,2326,2362,2504,2611,2619,2634,2898,3102,3137,3153,3156,3447,3694,3861,4159,4258,4262,4562,4823,4834,4842,4911],"timestamp":1672792917,"blue_key_relic_skipped_log":{"floor":26,"relicID":"Blue Candle"},"path_taken":["M","?","?","?","M","R","E","R","T","M","E","M","M","M","R","BOSS","M","M","M","M","$","R","E","R","T","M","R","E","M","E","R","BOSS","M","M","$","?","M","E","$","R","T","E","M","?","E","M","R","BOSS","BOSS","R","$","E"],"build_version":"2022-12-18","purchased_purges":2,"victory":false,"max_hp_per_floor":[89,89,89,89,89,89,96,96,96,96,96,96,96,96,96,96,96,96,96,96,96,96,96,96,96,96,96,96,96,96,96,96,96,96,96,96,96,96,96,96,96,96,96,96,96,96,98,98,98,98,98,98,98,98,98],"relic_stats":{"Happy Flower":[21],"Singing Bowl":2,"counters":[32,197],"CeramicFish":54,"Bag of Preparation":[26],"Burning Blood":148,"WarpedTongs":[191],"Frozen Eye":467.92648,"Dream Catcher":3,"Bronze Scales":[213],"Bird Faced Urn":[15],"MealTicket":15,"obtain_stats":[{"Potion Belt":11,"Lantern":29,"Happy Flower":43,"Singing Bowl":47,"CeramicFish":40,"Bag of Preparation":31,"Burning Blood":0,"Akabeko":22,"WarpedTongs":2,"SlaversCollar":17,"Frozen Eye":37,"Dream Catcher":9,"Strawberry":7,"Bronze Scales":44,"Bird Faced Urn":46,"MealTicket":24,"Philosopher\u0027s Stone":34},{"Potion Belt":6,"Lantern":17,"Happy Flower":24,"Singing Bowl":28,"CeramicFish":24,"Bag of Preparation":19,"Burning Blood":0,"Akabeko":14,"WarpedTongs":1,"SlaversCollar":10,"Frozen Eye":22,"Dream Catcher":4,"Strawberry":4,"Bronze Scales":25,"Bird Faced Urn":27,"MealTicket":15,"Philosopher\u0027s Stone":20},{"Potion Belt":20,"Lantern":81,"Happy Flower":132,"Singing Bowl":166,"CeramicFish":132,"Bag of Preparation":89,"Burning Blood":0,"Akabeko":63,"WarpedTongs":3,"SlaversCollar":40,"Frozen Eye":112,"Dream Catcher":15,"Strawberry":15,"Bronze Scales":139,"Bird Faced Urn":157,"MealTicket":67,"Philosopher\u0027s Stone":97}]},"card_choices":[{"not_picked":["Wild Strike","Bloodletting"],"picked":"Sever Soul","floor":1},{"not_picked":["Warcry","Rampage"],"picked":"Inflame","floor":3},{"not_picked":["True Grit","Shrug It Off"],"picked":"Perfected Strike","floor":5},{"not_picked":["Flex","True Grit"],"picked":"Metallicize","floor":7},{"not_picked":["Sword Boomerang","Combust"],"picked":"Iron Wave","floor":10},{"not_picked":["Havoc","Wild Strike","Rampage"],"picked":"SKIP","floor":11},{"not_picked":["Havoc","Wild Strike","Rampage"],"picked":"SKIP","floor":11},{"not_picked":["Iron Wave","Dropkick"],"picked":"Pummel","floor":12},{"not_picked":["Wild Strike","Anger"],"picked":"Pommel Strike","floor":13},{"not_picked":["True Grit","Heavy Blade"],"picked":"Reaper","floor":14},{"not_picked":["Barricade","Juggernaut"],"picked":"Immolate","floor":16},{"not_picked":["Wild Strike","True Grit"],"picked":"Disarm+1","floor":18},{"not_picked":["Twin Strike","Dual Wield"],"picked":"Battle Trance+1","floor":19},{"not_picked":["Inflame","Sword Boomerang+1"],"picked":"Bloodletting","floor":20},{"not_picked":["Clothesline","Flex","True Grit"],"picked":"SKIP","floor":21},{"not_picked":["Wild Strike","Cleave"],"picked":"Spot Weakness","floor":23},{"not_picked":["Burning Pact","Searing Blow"],"picked":"Battle Trance+1","floor":24},{"not_picked":["Metallicize","Spot Weakness"],"picked":"Burning Pact","floor":27},{"not_picked":["Havoc","Perfected Strike"],"picked":"Shockwave","floor":29},{"not_picked":["Pommel Strike","Body Slam+1"],"picked":"Demon Form","floor":30},{"not_picked":["Shrug It Off","Thunderclap"],"picked":"Reaper","floor":31},{"not_picked":["Barricade","Immolate"],"picked":"Reaper","floor":33},{"not_picked":["Sever Soul","Body Slam","Seeing Red"],"picked":"SKIP","floor":35},{"not_picked":["Spot Weakness","Searing Blow+1"],"picked":"Power Through","floor":36},{"not_picked":["Forethought","Panacea"],"picked":"Dark Shackles","floor":38},{"not_picked":["Dramatic Entrance","Magnetism"],"picked":"Dark Shackles","floor":38},{"not_picked":["Madness","Enlightenment","HandOfGreed"],"picked":"SKIP","floor":38},{"not_picked":["Twin Strike","Anger+1","Thunderclap+1"],"picked":"SKIP","floor":39},{"not_picked":["Entrench","Anger"],"picked":"Second Wind","floor":40},{"not_picked":["Thunderclap","Flame Barrier"],"picked":"Burning Pact","floor":42},{"not_picked":["Wild Strike","Reckless Charge"],"picked":"Disarm","floor":44},{"not_picked":["Metallicize","Infernal Blade"],"picked":"Bloodletting","floor":45},{"not_picked":["Wild Strike+1","Anger","Pommel Strike"],"picked":"SKIP","floor":46},{"not_picked":["Anger","Perfected Strike","Headbutt"],"picked":"Singing Bowl","floor":47},{"not_picked":["Iron Wave","Pommel Strike"],"picked":"Uppercut+1","floor":48}],"player_experience":4899497,"relics_obtained":[{"floor":7,"key":"Strawberry"},{"floor":9,"key":"Dream Catcher"},{"floor":11,"key":"Potion Belt"},{"floor":24,"key":"MealTicket"},{"floor":29,"key":"Lantern"},{"floor":31,"key":"Bag of Preparation"},{"floor":40,"key":"CeramicFish"},{"floor":43,"key":"Happy Flower"},{"floor":44,"key":"Bronze Scales"},{"floor":46,"key":"Bird Faced Urn"},{"floor":47,"key":"Singing Bowl"}],"event_choices":[{"damage_healed":0,"gold_gain":0,"player_choice":"Rummage","damage_taken":0,"relics_obtained":["WarpedTongs"],"max_hp_gain":0,"max_hp_loss":0,"event_name":"Accursed Blacksmith","floor":2,"gold_loss":0,"cards_obtained":["Pain"]},{"cards_removed":["Pain"],"damage_healed":0,"gold_gain":0,"player_choice":"Forget","damage_taken":0,"max_hp_gain":0,"max_hp_loss":0,"event_name":"Living Wall","floor":4,"gold_loss":0},{"damage_healed":0,"gold_gain":0,"player_choice":"Memory 3","damage_taken":10,"max_hp_gain":0,"max_hp_loss":0,"event_name":"SensoryStone","floor":38,"gold_loss":0},{"damage_healed":0,"gold_gain":0,"player_choice":"Fight","damage_taken":0,"max_hp_gain":0,"max_hp_loss":0,"event_name":"MindBloom","floor":46,"gold_loss":0}],"is_beta":false,"boss_relics":[{"not_picked":["Sozu","Runic Dome"],"picked":"SlaversCollar"},{"not_picked":["Mark of Pain","Busted Crown"],"picked":"Philosopher\u0027s Stone"}],"items_purged_floors":[22,54],"is_endless":false,"potions_floor_spawned":[5,7,10,14,16,21,27,30,31,33,35,36,40,45],"killed_by":"Shield and Spear","ascension_level":20,"potion_discard_per_floor":[[],[],[],[],[],[],[],[],[],[],[],[],[],[],[],[],[],[],[],[],[],[],[],[],[],[],[],[],[],[],[],[],[],[],[],["SneckoOil"],[],[],[],[],[],[],[],[],[],[],[],[],[],[],[],[],[],[],[]]}