{"neow_bonuses_skipped_log":["ONE_RANDOM_RARE_CARD","TEN_PERCENT_HP_BONUS","BOSS_RELIC"],"neow_costs_skipped_log":["NONE","NONE","NONE"],"potions_obtained_entropic_brew":[[],[],[],[],[],[],[],[],[],[],[],[],[],[],[],[],[],[],[],[],[],[],[],[],[],[],[],[],[],[],[],[],[],[],[],[],[],[],[],[],[],[],[],[],[],[],[],[],[],[],[],[],[],[],[],[],[]],"gold_per_floor":[15,25,25,37,57,57,74,104,155,155,190,1,36,36,36,110,110,127,5,39,39,39,65,65,115,115,115,144,157,187,206,206,281,281,317,317,82,82,98,128,128,147,147,369,394,423,423,438,438,438,438,438,438,52,87,87],"floor_reached":57,"playtime":10248,"items_purged":["Strike_R","Decay","Strike_R"],"score":2918,"play_id":"ebd23a96-7f3d-4dd5-b69f-3c298884b7ef","local_time":"20230103224314","score_breakdown":["Floors Climbed (57): 285","Enemies Slain (12): 24","Exordium Elites Killed (3): 30","City Elites Killed (3): 60","Beyond Elites Killed (2): 60","Bosses Slain (5): 750","Money Money (1079): 25","Librarian: 25","Stuffed: 50","Champion (3): 75","Ascension (20): 1284","Heartbreaker: 250"],"is_ascension_mode":true,"potions_obtained_alchemize":[[],[],[],[],[],[],[],[],[],[],[],[],[],[],[],[],[],[],[],[],[],[],[],[],[],[],[],[],[],[],[],[],[],[],[],[],[],[],[],[],[],[],[],[],[],[],[],[],[],[],[],[],[],[],[],[],[]],"campfire_choices":[{"data":"Uppercut","floor":6.0,"key":"SMITH"},{"data":"Pommel Strike","floor":10.0,"key":"SMITH"},{"data":"Flex","floor":15.0,"key":"SMITH"},{"data":"Pommel Strike","floor":24.0,"key":"SMITH"},{"floor":27.0,"key":"REST"},{"data":"Pommel Strike","floor":32.0,"key":"SMITH"},{"data":"Dual Wield","floor":41.0,"key":"SMITH"},{"floor":47,"key":"RECALL"},{"data":"Dark Embrace","floor":49,"key":"SMITH"},{"data":"Inflame","floor":53,"key":"SMITH"}],"lesson_learned_per_floor":[[],[],[],[],[],[],[],[],[],[],[],[],[],[],[],[],[],[],[],[],[],[],[],[],[],[],[],[],[],[],[],[],[],[],[],[],[],[],[],[],[],[],[],[],[],[],[],[],[],[],[],[],[],[],[],[],[]],"neow_cost":"NO_GOLD","improvable_cards":{},"seed_source_timestamp":-3966436963504393836,"shop_contents":[{"floor":12,"relics":["Bag of Marbles","Pen Nib","Bag of Preparation"],"cards":["Perfected Strike","Hemokinesis","Havoc","Warcry","Dark Embrace","Impatience","Mayhem"],"potions":["LiquidMemories","Energy Potion","Regen Potion"]},{"floor":19,"relics":["Du-Vu Doll","Red Skull","Orrery"],"cards":["Twin Strike","Clash","Warcry","Havoc","Feel No Pain","Purity","Magnetism"],"potions":["EssenceOfSteel","Swift Potion","Fire Potion"]},{"floor":37,"relics":["Shuriken","Regal Pillow","HandDrill"],"cards":["Clash","Cleave","Armaments","Flex","Inflame","Finesse","Metamorphosis"],"potions":["EssenceOfSteel","SkillPotion","DistilledChaos"]},{"floor":54,"relics":["Mercury Hourglass","Ornamental Fan","Strange Spoon"],"cards":["Iron Wave","Uppercut","True Grit","Infernal Blade","Rupture","Enlightenment","Transmutation"],"potions":["SneckoOil","AttackPotion","Energy Potion"]}],"circlet_count":0,"master_deck":["AscendersBane","Defend_R+1","Defend_R","Defend_R","Defend_R","Reckless Charge","Havoc","Uppercut+1","Pommel Strike+1","Iron Wave","Offering+1","Headbutt","Flex+1","Feed","Shrug It Off","Pommel Strike+1","Feel No Pain","Twin Strike","Feel No Pain+1","Disarm+1","Pommel Strike+1","Sentinel+1","Reaper","Dual Wield+1","Madness","Madness","Inflame+1","Clothesline","Shrug It Off","Entrench+1","Sword Boomerang+1","Fiend Fire","Dark Embrace+1","Blood for Blood","Shockwave+1"],"special_seed":0,"potion_use_per_floor":[[],[],[],[],[],[],[],["DuplicationPotion"],[],[],["BlessingOfTheForge"],[],[],[],[],[],[],[],[],[],[],[],[],[],[],[],[],["SpeedPotion"],[],["SkillPotion","BlessingOfTheForge"],[],[],["PowerPotion"],[],[],[],[],[],[],["SkillPotion","GamblersBrew"],[],[],[],[],[],[],[],[],[],[],[],[],[],["Fruit Juice"],[],["Swift Potion"],[]],"relics":["Burning Blood","Kunai","War Paint","The Courier","Toolbox","Centennial Puzzle","Runic Dome","Red Mask","Nilry\u0027s Codex","Juzu Bracelet","Ginger","Blue Candle","Boot","Philosopher\u0027s Stone","Oddly Smooth Stone","Mango","Nunchaku","Incense Burner","Bottled Flame"],"potions_floor_usage":[54,56],"damage_taken":[{"damage":13.0,"enemies":"Jaw Worm","floor":1.0,"turns":6.0},{"damage":1.0,"enemies":"Cultist","floor":2.0,"turns":3.0},{"damage":3.0,"enemies":"2 Louse","floor":4.0,"turns":4.0},{"damage":31.0,"enemies":"Lots of Slimes","floor":5.0,"turns":6.0},{"damage":16.0,"enemies":"3 Louse","floor":7.0,"turns":4.0},{"damage":0.0,"enemies":"Lagavulin","floor":8.0,"turns":6.0},{"damage":17.0,"enemies":"3 Sentries","floor":11.0,"turns":10.0},{"damage":6.0,"enemies":"Gremlin Nob","floor":13.0,"turns":2.0},{"damage":31.0,"enemies":"The Guardian","floor":16.0,"turns":10.0},{"damage":14.0,"enemies":"Shell Parasite","floor":18.0,"turns":3.0},{"damage":9.0,"enemies":"Masked Bandits","floor":20.0,"turns":4.0},{"damage":27.0,"enemies":"Gremlin Leader","floor":23.0,"turns":6.0},{"damage":7.0,"enemies":"Slavers","floor":28.0,"turns":6.0},{"damage":7.0,"enemies":"2 Thieves","floor":29.0,"turns":3.0},{"damage":6.0,"enemies":"Gremlin Leader","floor":30.0,"turns":6.0},{"damage":6.0,"enemies":"Shelled Parasite and Fungi","floor":31.0,"turns":3.0},{"damage":23.0,"enemies":"Automaton","floor":33.0,"turns":8.0},{"damage":18.0,"enemies":"3 Shapes","floor":35.0,"turns":54.0},{"damage":25.0,"enemies":"3 Darklings","floor":39.0,"turns":16.0},{"damage":60.0,"enemies":"Reptomancer","floor":40.0,"turns":9.0},{"damage":6,"enemies":"Writhing Mass","floor":42,"turns":7},{"damage":7,"enemies":"Mind Bloom Boss Battle","floor":45,"turns":50},{"damage":36,"enemies":"Giant Head","floor":46,"turns":6},{"damage":18,"enemies":"4 Shapes","floor":48,"turns":42},{"damage":86,"enemies":"Awakened One","floor":50,"turns":68},{"damage":121,"enemies":"Donu and Deca","floor":51,"turns":70},{"damage":90,"enemies":"Shield and Spear","floor":55,"turns":112},{"damage":47,"enemies":"The Heart","floor":56,"turns":8}],"green_key_taken_log":11,"seed_played":"-7185767315751653883","neow_bonus_log":{"cardsObtained":[],"cardsUpgraded":[],"cardsRemoved":[],"cardsTransformed":[],"relicsObtained":[],"maxHpGained":14,"goldGained":0,"damageTaken":0,"goldLost":99,"maxHpLost":0},"potions_obtained":[{"floor":4.0,"key":"SpeedPotion"},{"floor":5.0,"key":"BlessingOfTheForge"},{"floor":7.0,"key":"DuplicationPotion"},{"floor":16.0,"key":"BlessingOfTheForge"},{"floor":23.0,"key":"SpeedPotion"},{"floor":29.0,"key":"SkillPotion"},{"floor":31.0,"key":"PowerPotion"},{"floor":39.0,"key":"SkillPotion"},{"floor":40.0,"key":"DistilledChaos"},{"floor":46,"key":"Fruit Juice"},{"floor":55,"key":"Swift Potion"}],"is_trial":false,"path_per_floor":["M","M","?","M","M","R","M","E","T","R","E","$","E","?","R","B",null,"M","$","?","?","?","E","R","?","T","R","E","M","E","M","R","B",null,"M","?","$","?","M","E","R","M","T","?","?","E","R","M","R","B","B",null,"R","$","E","B",null],"character_chosen":"IRONCLAD","items_purchased":["Toolbox","Shrug It Off","Inflame","GamblersBrew","Incense Burner","Blood for Blood","BloodPotion"],"campfire_rested":1,"item_purchase_floors":[12,19,37,37,54,54,54],"current_hp_per_floor":[75,80,80,83,58,58,48,54,54,54,43,43,43,43,43,18,71,66,66,66,66,45,27,27,27,27,56,58,60,64,68,68,55,101,120,98,98,98,94,66,66,72,72,72,147,120,120,165,165,172,179,179,179,184,188,147],"gold":87,"neow_bonus":"TWENTY_PERCENT_HP_BONUS","is_prod":false,"is_daily":false,"rewards_skipped":[],"chose_seed":false,"campfire_upgraded":8,"win_rate":0,"floor_exit_playtime":[94,150,178,226,368,374,469,574,582,595,755,886,987,1000,1007,1284,1348,1414,1451,1536,1556,1566,1749,1761,1774,1778,1782,1935,2000,2276,2422,2428,2781,2831,3425,3479,3521,3557,3973,4372,4400,4648,4650,4653,5412,5595,5603,6073,6086,7131,8226,8237,8263,8369,9811,10248],"timestamp":1672803794,"blue_key_relic_skipped_log":{"floor":43,"relicID":"White Beast Statue"},"path_taken":["M","M","?","M","?","R","M","E","T","R","E","$","E","?","R","BOSS","M","?","?","?","?","E","R","?","T","R","E","M","E","M","R","BOSS","M","?","$","?","M","E","R","M","T","?","?","E","R","M","R","BOSS","BOSS","R","$","E","BOSS"],"build_version":"2022-12-18","purchased_purges":3,"victory":true,"max_hp_per_floor":[89,89,89,89,89,89,89,89,89,89,89,89,89,89,89,89,89,92,92,95,95,95,98,98,98,98,98,101,104,108,112,112,116,116,123,123,123,123,126,129,129,129,129,129,147,150,150,165,165,172,179,179,179,184,188,188],"relic_stats":{"counters":[28,532],"Nilry\u0027s Codex":[22,124,50,261],"Blue Candle":[1],"The Courier":232,"Juzu Bracelet":1,"Ginger":[29],"War Paint":["Defend_R","Offering"],"Boot":[35],"Burning Blood":144,"Centennial Puzzle":[60],"Nunchaku":[24],"Bottled Flame":"Pommel Strike","Kunai":[86],"obtain_stats":[{"Nilry\u0027s Codex":22,"Blue Candle":28,"Oddly Smooth Stone":40,"Mango":45,"The Courier":11,"Juzu Bracelet":23,"Incense Burner":54,"Ginger":26,"War Paint":9,"Boot":30,"Burning Blood":0,"Runic Dome":17,"Centennial Puzzle":13,"Nunchaku":46,"Bottled Flame":55,"Toolbox":12,"Philosopher\u0027s Stone":34,"Red Mask":20,"Kunai":8},{"Nilry\u0027s Codex":11,"Blue Candle":13,"Oddly Smooth Stone":20,"Mango":22,"The Courier":7,"Juzu Bracelet":12,"Incense Burner":26,"Ginger":12,"War Paint":6,"Boot":15,"Burning Blood":0,"Runic Dome":9,"Centennial Puzzle":8,"Nunchaku":23,"Bottled Flame":27,"Toolbox":7,"Philosopher\u0027s Stone":17,"Red Mask":11,"Kunai":6},{"Nilry\u0027s Codex":58,"Blue Candle":70,"Oddly Smooth Stone":169,"Mango":226,"The Courier":39,"Juzu Bracelet":64,"Incense Burner":412,"Ginger":64,"War Paint":29,"Boot":79,"Burning Blood":0,"Runic Dome":51,"Centennial Puzzle":41,"Nunchaku":232,"Bottled Flame":524,"Toolbox":39,"Philosopher\u0027s Stone":90,"Red Mask":58,"Kunai":29}]},"card_choices":[{"not_picked":["Warcry","Sword Boomerang"],"picked":"Reckless Charge","floor":1.0},{"not_picked":["Body Slam","Havoc","Clash"],"picked":"SKIP","floor":2.0},{"not_picked":["Flex","Iron Wave"],"picked":"Uppercut","floor":4.0},{"not_picked":["Wild Strike","Dual Wield"],"picked":"Pommel Strike","floor":5.0},{"not_picked":["Burning Pact","Clash"],"picked":"Iron Wave","floor":7.0},{"not_picked":["Spot Weakness","True Grit"],"picked":"Offering","floor":8.0},{"not_picked":["Thunderclap","Anger"],"picked":"Headbutt","floor":11.0},{"not_picked":["Perfected Strike","Cleave"],"picked":"Flex","floor":13.0},{"not_picked":["Limit Break","Barricade"],"picked":"Feed","floor":16.0},{"not_picked":["Ghostly Armor","Reckless Charge","Headbutt"],"picked":"SKIP","floor":18.0},{"not_picked":["Armaments","Warcry"],"picked":"Pommel Strike","floor":20.0},{"not_picked":["Heavy Blade","Cleave"],"picked":"Feel No Pain+1","floor":23.0},{"not_picked":["Body Slam+1","Ghostly Armor","Carnage"],"picked":"SKIP","floor":28.0},{"not_picked":["Armaments","Iron Wave"],"picked":"Disarm+1","floor":29.0},{"not_picked":["Pommel Strike","Cleave","Fire Breathing"],"picked":"SKIP","floor":30.0},{"not_picked":["Cleave","Fire Breathing"],"picked":"Pommel Strike","floor":30.0},{"not_picked":["Body Slam","Pommel Strike"],"picked":"Sentinel+1","floor":31.0},{"not_picked":["Limit Break","Offering"],"picked":"Reaper","floor":33.0},{"not_picked":["Havoc","Wild Strike"],"picked":"Dual Wield","floor":35.0},{"not_picked":["Clash","Heavy Blade"],"picked":"Shrug It Off","floor":39.0},{"not_picked":["Perfected Strike","Reckless Charge","Clothesline"],"picked":"SKIP","floor":40.0},{"not_picked":["Perfected Strike","Reckless Charge","Clothesline"],"picked":"SKIP","floor":40.0},{"not_picked":["Sword Boomerang","Clothesline"],"picked":"Entrench+1","floor":42},{"not_picked":["Rupture","Perfected Strike"],"picked":"Sword Boomerang+1","floor":45},{"not_picked":["Rupture","Headbutt"],"picked":"Fiend Fire","floor":46},{"not_picked":["Wild Strike","Reckless Charge+1"],"picked":"Dark Embrace","floor":48},{"not_picked":["Perfected Strike","Heavy Blade"],"picked":"Shockwave+1","floor":55}],"player_experience":4904744,"relics_obtained":[{"floor":8.0,"key":"Kunai"},{"floor":9.0,"key":"War Paint"},{"floor":11.0,"key":"The Courier"},{"floor":13.0,"key":"Centennial Puzzle"},{"floor":20.0,"key":"Red Mask"},{"floor":22.0,"key":"Nilry\u0027s Codex"},{"floor":23.0,"key":"Juzu Bracelet"},{"floor":26.0,"key":"Ginger"},{"floor":28.0,"key":"Blue Candle"},{"floor":30.0,"key":"Boot"},{"floor":40.0,"key":"Oddly Smooth Stone"},{"floor":45,"key":"Mango"},{"floor":46,"key":"Nunchaku"},{"floor":55,"key":"Bottled Flame"}],"event_choices":[{"damage_healed":0.0,"max_hp_gain":0.0,"max_hp_loss":0.0,"gold_gain":0.0,"cards_transformed":["Strike_R"],"event_name":"Transmorgrifier","player_choice":"Transformed","floor":3.0,"gold_loss":0.0,"damage_taken":0.0,"cards_obtained":["Havoc"]},{"damage_healed":0.0,"max_hp_gain":0.0,"max_hp_loss":0.0,"gold_gain":0.0,"event_name":"Wheel of Change","player_choice":"Cursed","floor":14.0,"gold_loss":0.0,"damage_taken":0.0,"cards_obtained":["Decay"]},{"damage_healed":0.0,"max_hp_gain":0.0,"max_hp_loss":0.0,"gold_gain":0.0,"event_name":"Masked Bandits","player_choice":"Fought Bandits","floor":20.0,"gold_loss":0.0,"damage_taken":0.0},{"damage_healed":0.0,"max_hp_gain":0.0,"max_hp_loss":0.0,"gold_gain":0.0,"cards_transformed":["Strike_R","Strike_R"],"event_name":"Drug Dealer","player_choice":"Became Test Subject","floor":21.0,"gold_loss":0.0,"damage_taken":0.0,"cards_obtained":["Feel No Pain","Twin Strike"]},{"damage_healed":0.0,"max_hp_gain":0.0,"max_hp_loss":0.0,"gold_gain":0.0,"event_name":"Cursed Tome","player_choice":"Obtained Book","floor":22.0,"gold_loss":0.0,"damage_taken":21.0},{"damage_healed":0.0,"max_hp_gain":0.0,"max_hp_loss":0.0,"gold_gain":50.0,"event_name":"Nest","player_choice":"Stole From Cult","floor":25.0,"gold_loss":0.0,"damage_taken":0.0},{"damage_healed":0.0,"max_hp_gain":0.0,"max_hp_loss":0.0,"gold_gain":0.0,"event_name":"Winding Halls","player_choice":"Embrace Madness","floor":36.0,"gold_loss":0.0,"damage_taken":22.0,"cards_obtained":["Madness","Madness"]},{"damage_healed":0.0,"max_hp_gain":0.0,"max_hp_loss":0.0,"gold_gain":0.0,"cards_transformed":["Bash"],"event_name":"Transmorgrifier","player_choice":"Transformed","floor":38.0,"gold_loss":0.0,"damage_taken":0.0,"cards_obtained":["Clothesline"]},{"damage_healed":0,"gold_gain":222,"player_choice":"Wore Mask","damage_taken":0,"max_hp_gain":0,"max_hp_loss":0,"event_name":"Tomb of Lord Red Mask","floor":44,"gold_loss":0},{"damage_healed":0,"gold_gain":0,"player_choice":"Fight","damage_taken":0,"max_hp_gain":0,"max_hp_loss":0,"event_name":"MindBloom","floor":45,"gold_loss":0}],"is_beta":false,"boss_relics":[{"not_picked":["Black Blood","Velvet Choker"],"picked":"Runic Dome"},{"not_picked":["Sozu","Pandora\u0027s Box"],"picked":"Philosopher\u0027s Stone"}],"items_purged_floors":[12,19,37],"is_endless":false,"potions_floor_spawned":[4,5,7,16,23,29,31,39,40,46,55],"ascension_level":20,"potion_discard_per_floor":[[],[],[],[],[],[],["SpeedPotion"],[],[],[],[],[],[],[],[],[],[],[],[],[],[],[],[],[],[],[],[],[],[],[],[],[],[],[],[],[],[],[],[],[],[],[],[],[],[],[],[],[],[],[],[],[],[],[],["DistilledChaos"],[],[]]}