{"neow_bonuses_skipped_log":["RANDOM_COLORLESS","THREE_SMALL_POTIONS","BOSS_RELIC"],"neow_costs_skipped_log":["NONE","NONE","NONE"],"potions_obtained_entropic_brew":[[],[],[],[],[],[],[],[],[],["Swift Potion","SteroidPotion"],[],[],[],[],[],[],[],[],[],[],[],[],[],[],[],[],[],[],[],[],[],[],[]],"gold_per_floor":[13,24,37,2,22,22,38,38,108,142,159,192,215,258,258,341,341,370,379,390,429,456,501,545,545,545,142,142,170,170,198,198,198],"floor_reached":33,"playtime":2740,"items_purged":["Decay"],"score":635,"play_id":"3726565f-c441-4898-9a7b-786b82ea564c","local_time":"20230103154749","score_breakdown":["Floors Climbed (33): 165","Enemies Slain (10): 20","Exordium Elites Killed (3): 30","City Elites Killed (2): 40","Bosses Slain (1): 50","Collector (1): 25","Ascension (20): 305"],"is_ascension_mode":true,"potions_obtained_alchemize":[[],[],[],[],[],[],[],[],[],[],[],[],[],[],[],[],[],[],[],[],[],[],[],[],[],[],[],[],[],[],[],[],[]],"campfire_choices":[{"data":"Blood for Blood","floor":6,"key":"SMITH"},{"data":"Combust","floor":8,"key":"SMITH"},{"floor":15,"key":"REST"},{"data":"Pommel Strike","floor":25,"key":"SMITH"},{"data":"Feed","floor":28,"key":"SMITH"},{"data":"Ghostly","floor":30,"key":"SMITH"},{"data":"Ghostly","floor":32,"key":"SMITH"}],"lesson_learned_per_floor":[[],[],[],[],[],[],[],[],[],[],[],[],[],[],[],[],[],[],[],[],[],[],[],[],[],[],[],[],[],[],[],[],[]],"neow_cost":"NO_GOLD","improvable_cards":{},"seed_source_timestamp":-1407960780670138190,"shop_contents":[{"floor":27,"relics":["Unceasing Top","PrismaticShard"],"cards":["Anger","Iron Wave","True Grit","Feel No Pain","Mind Blast","Secret Weapon"],"potions":["ColorlessPotion","GamblersBrew","Strength Potion"]}],"circlet_count":0,"master_deck":["AscendersBane","Defend_R","Defend_R","Defend_R","Defend_R","Bash","Battle Trance","Shockwave","Blood for Blood+1","Combust+1","Shrug It Off","Headbutt","Shockwave","Feel No Pain","Feed+1","Bloodletting","Power Through","Ghostly+1","Ghostly+1","Ghostly","Bite","Bite","Bite","Bite","Bite","Pommel Strike+1","Exhume","Double Tap"],"potion_use_per_floor":[[],[],[],[],[],[],[],[],[],["Regen Potion","EntropicBrew","Swift Potion"],[],[],[],["SteroidPotion"],[],["BlessingOfTheForge"],[],[],[],[],["BlessingOfTheForge"],[],[],[],[],[],[],[],[],[],["SteroidPotion"],[],["AttackPotion"]],"relics":["Burning Blood","Paper Frog","Turnip","CeramicFish","Boot","SlaversCollar","Red Mask","CaptainsWheel","Happy Flower","Centennial Puzzle","Anchor"],"potions_floor_usage":[10,10,10,14,16,21,31,33],"damage_taken":[{"damage":10,"enemies":"2 Louse","floor":1,"turns":3},{"damage":18,"enemies":"Small Slimes","floor":2,"turns":5},{"damage":2,"enemies":"Jaw Worm","floor":3,"turns":5},{"damage":25,"enemies":"Exordium Thugs","floor":5,"turns":4},{"damage":6,"enemies":"Red Slaver","floor":7,"turns":3},{"damage":30,"enemies":"Gremlin Nob","floor":10,"turns":4},{"damage":4,"enemies":"Blue Slaver","floor":11,"turns":2},{"damage":21,"enemies":"3 Sentries","floor":12,"turns":6},{"damage":17,"enemies":"Large Slime","floor":13,"turns":4},{"damage":6,"enemies":"Gremlin Nob","floor":14,"turns":3},{"damage":19,"enemies":"The Guardian","floor":16,"turns":11},{"damage":5,"enemies":"3 Byrds","floor":18,"turns":5},{"damage":42,"enemies":"Chosen","floor":20,"turns":9},{"damage":30,"enemies":"Masked Bandits","floor":21,"turns":4},{"damage":18,"enemies":"Gremlin Leader","floor":24,"turns":7},{"damage":7,"enemies":"Book of Stabbing","floor":29,"turns":6},{"damage":12,"enemies":"3 Cultists","floor":31,"turns":5},{"damage":73,"enemies":"Automaton","floor":33,"turns":10}],"green_key_taken_log":29,"seed_played":"7955844104710204715","neow_bonus_log":{"cardsObtained":[],"cardsUpgraded":[],"cardsRemoved":[],"cardsTransformed":[],"relicsObtained":[],"maxHpGained":14,"goldGained":0,"damageTaken":0,"goldLost":99,"maxHpLost":0},"potions_obtained":[{"floor":2,"key":"EntropicBrew"},{"floor":3,"key":"Regen Potion"},{"floor":10,"key":"BlessingOfTheForge"},{"floor":14,"key":"SteroidPotion"},{"floor":20,"key":"BlessingOfTheForge"},{"floor":29,"key":"AttackPotion"},{"floor":31,"key":"FearPotion"}],"is_trial":false,"path_per_floor":["M","M","M","?","M","R","M","R","T","E","M","E","M","E","R","B",null,"M","?","M","?","?","?","E","R","T","$","R","E","R","M","R","B"],"character_chosen":"IRONCLAD","items_purchased":["Exhume","Centennial Puzzle"],"campfire_rested":1,"item_purchase_floors":[27,27],"current_hp_per_floor":[78,66,70,89,70,70,70,70,70,58,60,45,34,34,60,47,79,83,83,50,30,30,30,34,34,34,34,34,38,38,44,44,0],"gold":198,"neow_bonus":"TWENTY_PERCENT_HP_BONUS","is_prod":false,"is_daily":false,"rewards_skipped":[{"floor":7,"relics":[],"potions":["AttackPotion"]},{"floor":11,"relics":[],"potions":["SmokeBomb"]}],"chose_seed":false,"campfire_upgraded":6,"win_rate":0,"floor_exit_playtime":[127,210,307,334,418,425,526,533,535,660,714,833,870,939,945,1172,1278,1439,1488,1591,1731,1773,1804,1966,1974,1976,2031,2040,2137,2145,2347,2353],"timestamp":1672778869,"path_taken":["M","M","M","?","M","R","M","R","T","E","M","E","M","E","R","BOSS","M","?","M","?","?","?","E","R","T","$","R","E","R","M","R","BOSS"],"build_version":"2022-12-18","purchased_purges":1,"victory":false,"max_hp_per_floor":[89,89,89,89,89,89,89,89,89,89,89,89,89,89,89,89,89,92,92,95,99,49,34,34,34,34,34,34,38,38,46,46,46],"relic_stats":{"Centennial Puzzle":[9],"Happy Flower":[7],"counters":[18,96],"CeramicFish":153,"Turnip":[1],"Boot":[6],"obtain_stats":[{"SlaversCollar":17,"CaptainsWheel":24,"Centennial Puzzle":27,"Anchor":29,"Happy Flower":26,"CeramicFish":12,"Turnip":10,"Red Mask":21,"Boot":14,"Burning Blood":0,"Paper Frog":9},{"SlaversCollar":11,"CaptainsWheel":15,"Centennial Puzzle":15,"Anchor":16,"Happy Flower":15,"CeramicFish":8,"Turnip":6,"Red Mask":14,"Boot":10,"Burning Blood":0,"Paper Frog":5},{"SlaversCollar":50,"CaptainsWheel":75,"Centennial Puzzle":75,"Anchor":81,"Happy Flower":75,"CeramicFish":32,"Turnip":24,"Red Mask":68,"Boot":39,"Burning Blood":0,"Paper Frog":20}],"Burning Blood":95},"card_choices":[{"not_picked":["Headbutt","Thunderclap"],"picked":"Battle Trance","floor":1},{"not_picked":["Thunderclap","Dark Embrace"],"picked":"Shockwave","floor":2},{"not_picked":["Dark Embrace","Flex"],"picked":"Blood for Blood","floor":3},{"not_picked":["Perfected Strike","Twin Strike"],"picked":"Combust","floor":5},{"not_picked":["Infernal Blade","Armaments"],"picked":"Shrug It Off","floor":7},{"not_picked":["Wild Strike","Clash"],"picked":"Headbutt","floor":10},{"not_picked":["Thunderclap","Dual Wield","Sentinel"],"picked":"SKIP","floor":11},{"not_picked":["Dark Embrace","Feel No Pain","Fire Breathing"],"picked":"SKIP","floor":12},{"not_picked":["Cleave","Carnage"],"picked":"Shockwave","floor":13},{"not_picked":["Heavy Blade","Wild Strike"],"picked":"Feel No Pain","floor":14},{"not_picked":["Demon Form","Limit Break"],"picked":"Feed","floor":16},{"not_picked":["Heavy Blade","Headbutt"],"picked":"Bloodletting","floor":18},{"not_picked":["Flex","Fire Breathing","Combust"],"picked":"SKIP","floor":20},{"not_picked":["Sword Boomerang","Cleave"],"picked":"Power Through","floor":21},{"not_picked":["Havoc","Headbutt"],"picked":"Pommel Strike","floor":24},{"not_picked":["Clash","Heavy Blade","Feel No Pain"],"picked":"SKIP","floor":29},{"not_picked":["Clash","Heavy Blade","Feel No Pain"],"picked":"SKIP","floor":29},{"not_picked":["Clothesline","Twin Strike+1"],"picked":"Double Tap","floor":31}],"player_experience":4889067,"relics_obtained":[{"floor":9,"key":"Paper Frog"},{"floor":10,"key":"Turnip"},{"floor":12,"key":"CeramicFish"},{"floor":14,"key":"Boot"},{"floor":21,"key":"Red Mask"},{"floor":24,"key":"CaptainsWheel"},{"floor":26,"key":"Happy Flower"},{"floor":29,"key":"Anchor"}],"event_choices":[{"damage_healed":22,"gold_gain":0,"player_choice":"Healed","damage_taken":0,"max_hp_gain":0,"max_hp_loss":0,"event_name":"The Cleric","floor":4,"gold_loss":35},{"damage_healed":0,"gold_gain":0,"player_choice":"Smashed Altar","damage_taken":0,"max_hp_gain":0,"max_hp_loss":0,"event_name":"Forgotten Altar","floor":19,"gold_loss":0,"cards_obtained":["Decay"]},{"damage_healed":0,"gold_gain":0,"player_choice":"Fought Bandits","damage_taken":0,"max_hp_gain":0,"max_hp_loss":0,"event_name":"Masked Bandits","floor":21,"gold_loss":0},{"damage_healed":0,"gold_gain":0,"player_choice":"Became a Ghost","damage_taken":0,"max_hp_gain":0,"max_hp_loss":50,"event_name":"Ghosts","floor":22,"gold_loss":0,"cards_obtained":["Ghostly","Ghostly","Ghostly"]},{"damage_healed":0,"gold_gain":0,"player_choice":"Became a vampire","damage_taken":0,"max_hp_gain":0,"max_hp_loss":15,"event_name":"Vampires","floor":23,"gold_loss":0,"cards_obtained":["Bite","Bite","Bite","Bite","Bite"]}],"is_beta":false,"boss_relics":[{"not_picked":["Astrolabe","Runic Dome"],"picked":"SlaversCollar"}],"items_purged_floors":[27],"is_endless":false,"potions_floor_spawned":[2,3,7,10,11,14,20,29,31],"killed_by":"Automaton","ascension_level":20,"potion_discard_per_floor":[[],[],[],[],[],[],[],[],[],[],[],[],[],[],[],[],[],[],[],[],[],[],[],[],[],[],[],[],[],[],[],[],[]]}