{"neow_bonuses_skipped_log":["THREE_CARDS","TEN_PERCENT_HP_BONUS","BOSS_RELIC"],"potions_obtained_entropic_brew":[[],[],[],[],[],[],[],[],[],[],[],[],[],[],[],[],[],[],[],[],[],[],[],[],[],[],[],[],[],[],[],[],[],[],[],[],[],[],[],[],[],[],[],[],[],[],[],[],[],[],[],[],[],[],[],[],[]],"neow_costs_skipped_log":["NONE","NONE","NONE"],"gold_per_floor":[20,40,40,54,73,104,104,136,136,149,149,160,194,214,214,292,292,309,309,320,44,55,55,82,82,106,121,151,161,161,195,195,270,270,285,48,48,68,80,109,109,135,159,185,204,239,239,250,250,250,250,250,250,59,88,88],"floor_reached":57,"playtime":6036,"items_purged":["Perfected Strike+1"],"score":3033,"play_id":"8182d980-e0b8-4017-98bf-4d80e15d6505","local_time":"20230102154713","score_breakdown":["Floors Climbed (57): 285","Enemies Slain (17): 34","Exordium Elites Killed (3): 30","City Elites Killed (3): 60","Beyond Elites Killed (4): 120","Bosses Slain (5): 750","Collector (2): 50","Librarian: 25","Stuffed: 50","Champion (1): 25","Overkill: 25","Ascension (20): 1329","Heartbreaker: 250"],"is_ascension_mode":true,"potions_obtained_alchemize":[[],[],[],[],[],[],[],[],[],[],[],[],[],[],[],[],[],[],[],[],[],[],[],[],[],[],[],[],[],[],[],[],[],[],[],[],[],[],[],[],[],[],[],[],[],[],[],[],[],[],[],[],[],[],[],[],[]],"campfire_choices":[{"data":"Perfected Strike","floor":7,"key":"SMITH"},{"data":"Whirlwind","floor":15,"key":"SMITH"},{"data":"Dark Embrace","floor":23,"key":"SMITH"},{"data":"Corruption","floor":25,"key":"SMITH"},{"floor":32,"key":"REST"},{"floor":41,"key":"RECALL"},{"data":"Shockwave","floor":47,"key":"SMITH"},{"data":"Disarm","floor":49,"key":"SMITH"},{"data":"Disarm","floor":53,"key":"SMITH"}],"lesson_learned_per_floor":[[],[],[],[],[],[],[],[],[],[],[],[],[],[],[],[],[],[],[],[],[],[],[],[],[],[],[],[],[],[],[],[],[],[],[],[],[],[],[],[],[],[],[],[],[],[],[],[],[],[],[],[],[],[],[],[],[]],"neow_cost":"NO_GOLD","improvable_cards":{},"seed_source_timestamp":4981617415507357076,"shop_contents":[{"floor":21,"relics":["Toxic Egg 2","DollysMirror"],"cards":["Perfected Strike+1","Body Slam+1","True Grit","Evolve","Flash of Steel+1","Apotheosis"],"potions":["Dexterity Potion","Block Potion"]},{"floor":36,"relics":["Paper Frog","Gambling Chip"],"cards":["Carnage+1","Searing Blow+1","Havoc","Spot Weakness","Combust","Impatience","Transmutation"],"potions":["ColorlessPotion","SkillPotion","SkillPotion"]},{"floor":54,"relics":["Toy Ornithopter","TheAbacus"],"cards":["Reckless Charge+1","Searing Blow+1","Seeing Red","Rupture","Dramatic Entrance+1","Mayhem"],"potions":["GamblersBrew","Fruit Juice","Swift Potion"]}],"circlet_count":0,"master_deck":["AscendersBane","Defend_R","Defend_R","Defend_R","Defend_R","Bash","Cleave+1","Shockwave","Infernal Blade","Whirlwind+1","Shockwave+1","Anger+1","Dark Embrace+1","Second Wind","Corruption+1","Disarm+1","Spot Weakness","Shrug It Off","Entrench+1","Pummel+1","Pommel Strike+1","Spot Weakness","Bite+1","Bite+1","Bite+1","Bite+1","Bite+1","Dual Wield+1","Feed+1","Pommel Strike+1","Sentinel+1","Body Slam+1","Pommel Strike+1","Good Instincts","Violence","Disarm+1","Feel No Pain+1","Seeing Red+1","Entrench+1","Sword Boomerang+1","Pommel Strike+1","Shrug It Off","Exhume"],"potion_use_per_floor":[[],[],[],[],[],[],[],[],[],[],[],[],[],[],[],["Strength Potion","FairyPotion"],[],[],[],["EssenceOfSteel"],[],[],[],[],[],[],[],["Block Potion","Block Potion"],[],[],[],[],[],[],[],[],[],[],[],[],[],[],[],[],[],[],[],[],[],[],[],[],[],[],[],["Ancient Potion","GamblersBrew"],[]],"relics":["Burning Blood","Ornamental Fan","Self Forming Clay","Molten Egg 2","HornCleat","Philosopher\u0027s Stone","Anchor","Art of War","CaptainsWheel","Meat on the Bone","Runic Pyramid","Orrery","Darkstone Periapt","Omamori","Pen Nib","Boot","Mummified Hand","Bag of Marbles","Akabeko"],"potions_floor_usage":[16,20,28,28,56,56],"damage_taken":[{"damage":7,"enemies":"Small Slimes","floor":1,"turns":3},{"damage":12,"enemies":"Cultist","floor":2,"turns":4},{"damage":6,"enemies":"Jaw Worm","floor":4,"turns":4},{"damage":3,"enemies":"2 Fungi Beasts","floor":5,"turns":3},{"damage":38,"enemies":"Lagavulin","floor":6,"turns":7},{"damage":26,"enemies":"3 Sentries","floor":8,"turns":7},{"damage":0,"enemies":"Exordium Wildlife","floor":10,"turns":3},{"damage":4,"enemies":"Blue Slaver","floor":12,"turns":2},{"damage":17,"enemies":"Lagavulin","floor":13,"turns":6},{"damage":9,"enemies":"Exordium Thugs","floor":14,"turns":5},{"damage":22,"enemies":"Hexaghost","floor":16,"turns":8},{"damage":1,"enemies":"3 Byrds","floor":18,"turns":3},{"damage":13,"enemies":"Spheric Guardian","floor":20,"turns":5},{"damage":17,"enemies":"Shelled Parasite and Fungi","floor":22,"turns":4},{"damage":9,"enemies":"Gremlin Leader","floor":24,"turns":4},{"damage":0,"enemies":"Centurion and Healer","floor":27,"turns":3},{"damage":48,"enemies":"Slavers","floor":28,"turns":5},{"damage":0,"enemies":"Sentry and Sphere","floor":29,"turns":4},{"damage":24,"enemies":"Gremlin Leader","floor":31,"turns":7},{"damage":18,"enemies":"Champ","floor":33,"turns":8},{"damage":0,"enemies":"Orb Walker","floor":35,"turns":4},{"damage":7,"enemies":"3 Shapes","floor":38,"turns":4},{"damage":10,"enemies":"Writhing Mass","floor":39,"turns":4},{"damage":1,"enemies":"Reptomancer","floor":40,"turns":6},{"damage":11,"enemies":"Giant Head","floor":42,"turns":5},{"damage":0,"enemies":"Nemesis","floor":44,"turns":7},{"damage":13,"enemies":"Maw","floor":45,"turns":5},{"damage":8,"enemies":"Giant Head","floor":46,"turns":5},{"damage":10,"enemies":"Sphere and 2 Shapes","floor":48,"turns":8},{"damage":18,"enemies":"Donu and Deca","floor":50,"turns":10},{"damage":26,"enemies":"Awakened One","floor":51,"turns":10},{"damage":23,"enemies":"Shield and Spear","floor":55,"turns":7},{"damage":31,"enemies":"The Heart","floor":56,"turns":8}],"green_key_taken_log":28,"seed_played":"8283005578391039350","neow_bonus_log":{"cardsObtained":[],"cardsUpgraded":[],"cardsRemoved":[],"cardsTransformed":[],"relicsObtained":[],"maxHpGained":14,"goldGained":0,"damageTaken":0,"goldLost":99,"maxHpLost":0},"potions_obtained":[{"floor":2,"key":"FairyPotion"},{"floor":8,"key":"AttackPotion"},{"floor":12,"key":"Strength Potion"},{"floor":16,"key":"EssenceOfSteel"},{"floor":24,"key":"Block Potion"},{"floor":31,"key":"GamblersBrew"},{"floor":35,"key":"Regen Potion"},{"floor":38,"key":"Ancient Potion"}],"is_trial":false,"path_per_floor":["M","M","?","M","M","E","R","E","T","M","?","M","E","M","R","B",null,"M","?","M","$","M","R","E","R","T","M","E","M","?","E","R","B",null,"M","$","?","M","M","E","R","E","T","E","M","E","R","M","R","B","B",null,"R","$","E","B",null],"character_chosen":"IRONCLAD","items_purchased":["Anchor","Shrug It Off","Block Potion","Orrery","Shrug It Off","Bag of Marbles"],"campfire_rested":1,"item_purchase_floors":[21,21,21,36,54,54],"current_hp_per_floor":[81,75,75,75,78,46,46,26,26,32,32,34,23,20,20,32,75,80,80,73,73,62,62,59,59,59,65,23,29,29,35,53,53,60,66,66,56,72,78,82,82,86,86,90,94,96,96,110,110,118,130,130,130,130,138,141],"gold":88,"neow_bonus":"TWENTY_PERCENT_HP_BONUS","is_prod":false,"is_daily":false,"rewards_skipped":[{"floor":13,"relics":[],"potions":["Energy Potion"]},{"floor":27,"relics":[],"potions":["LiquidBronze"]},{"floor":44,"relics":[],"potions":["SkillPotion"]},{"floor":45,"relics":[],"potions":["LiquidMemories"]},{"floor":48,"relics":[],"potions":["EssenceOfSteel"]}],"chose_seed":false,"campfire_upgraded":7,"win_rate":0,"floor_exit_playtime":[278,381,392,429,558,703,708,873,876,987,992,1028,1110,1178,1323,1496,1569,1642,1698,1793,2004,2148,2154,2244,2254,2277,2355,2520,2575,2621,2784,2799,2976,3056,3125,3336,3394,3559,3700,3908,3925,4051,4055,4161,4305,4409,4428,4675,4685,4897,5328,5343,5369,5489,5781,6036],"timestamp":1672692433,"blue_key_relic_skipped_log":{"floor":26,"relicID":"Orichalcum"},"path_taken":["M","M","?","M","?","E","R","E","T","M","?","M","E","M","R","BOSS","M","?","M","$","M","R","E","R","T","M","E","M","?","E","R","BOSS","M","$","?","M","M","E","R","E","T","E","M","E","R","M","R","BOSS","BOSS","R","$","E","BOSS"],"build_version":"2022-12-18","purchased_purges":1,"victory":true,"max_hp_per_floor":[89,89,89,89,89,89,89,89,89,89,89,89,89,89,89,89,89,89,89,89,89,89,89,89,89,89,89,89,89,62,62,62,62,62,66,66,66,74,78,82,82,86,86,90,94,98,98,110,110,118,130,130,130,130,138,142],"relic_stats":{"Darkstone Periapt":0,"counters":[33,178],"Ornamental Fan":[276],"Self Forming Clay":[186],"Mummified Hand":[16],"Pen Nib":[15],"Art of War":[13],"Omamori":0,"Boot":[36],"obtain_stats":[{"Darkstone Periapt":40,"Self Forming Clay":8,"Pen Nib":43,"Omamori":42,"Boot":44,"Burning Blood":0,"Akabeko":55,"Anchor":21,"CaptainsWheel":28,"HornCleat":13,"Ornamental Fan":6,"Mummified Hand":46,"Orrery":36,"Molten Egg 2":9,"Philosopher\u0027s Stone":17,"Art of War":24,"Bag of Marbles":54,"Meat on the Bone":31,"Runic Pyramid":34},{"Darkstone Periapt":24,"Self Forming Clay":6,"Pen Nib":25,"Omamori":25,"Boot":26,"Burning Blood":0,"Akabeko":32,"Anchor":13,"CaptainsWheel":17,"HornCleat":9,"Ornamental Fan":5,"Mummified Hand":28,"Orrery":21,"Molten Egg 2":6,"Philosopher\u0027s Stone":11,"Art of War":15,"Bag of Marbles":31,"Meat on the Bone":19,"Runic Pyramid":20},{"Darkstone Periapt":113,"Self Forming Clay":28,"Pen Nib":118,"Omamori":118,"Boot":125,"Burning Blood":0,"Akabeko":170,"Anchor":60,"CaptainsWheel":76,"HornCleat":39,"Ornamental Fan":21,"Mummified Hand":135,"Orrery":99,"Molten Egg 2":28,"Philosopher\u0027s Stone":52,"Art of War":68,"Bag of Marbles":163,"Meat on the Bone":87,"Runic Pyramid":95}],"Burning Blood":152,"Meat on the Bone":0},"card_choices":[{"not_picked":["Warcry","Sword Boomerang"],"picked":"Cleave","floor":1},{"not_picked":["Twin Strike","Pommel Strike"],"picked":"Shockwave","floor":2},{"not_picked":["Wild Strike","Havoc"],"picked":"Infernal Blade","floor":4},{"not_picked":["Cleave","Metallicize"],"picked":"Whirlwind","floor":5},{"not_picked":["Limit Break","Barricade"],"picked":"Perfected Strike","floor":6},{"not_picked":["Flame Barrier","Pommel Strike"],"picked":"Shockwave","floor":8},{"not_picked":["Perfected Strike+1","Whirlwind+1"],"picked":"Anger+1","floor":10},{"not_picked":["Cleave+1","Body Slam+1","Limit Break"],"picked":"SKIP","floor":12},{"not_picked":["Body Slam+1","Clash+1"],"picked":"Dark Embrace","floor":13},{"not_picked":["Iron Wave+1","Wild Strike+1"],"picked":"Second Wind","floor":14},{"not_picked":["Exhume","Double Tap"],"picked":"Corruption","floor":16},{"not_picked":["Warcry","Sentinel","Sword Boomerang+1"],"picked":"SKIP","floor":18},{"not_picked":["Burning Pact","Havoc","Cleave+1","Second Wind","Perfected Strike+1","Evolve","Whirlwind+1","Heavy Blade+1","Searing Blow+1","Dual Wield","Rage","Infernal Blade","Headbutt+1","Pommel Strike+1","Twin Strike+1","Sword Boomerang+1","Dark Embrace","Wild Strike+1","Anger+1"],"picked":"Disarm","floor":19},{"not_picked":["Wild Strike+1","Armaments"],"picked":"Spot Weakness","floor":20},{"not_picked":["Iron Wave+1","Wild Strike+1"],"picked":"Entrench+1","floor":22},{"not_picked":["Perfected Strike+1","Combust"],"picked":"Pummel+1","floor":27},{"not_picked":["Sword Boomerang+1","Spot Weakness"],"picked":"Pommel Strike+1","floor":28},{"not_picked":["Sword Boomerang+1","True Grit"],"picked":"Spot Weakness","floor":29},{"not_picked":["Heavy Blade+1","Uppercut+1"],"picked":"Dual Wield+1","floor":31},{"not_picked":["Impervious","Offering"],"picked":"Feed+1","floor":33},{"not_picked":["Dark Embrace","Cleave+1"],"picked":"Pommel Strike+1","floor":35},{"not_picked":["Iron Wave+1","Perfected Strike+1"],"picked":"Sentinel+1","floor":36},{"not_picked":["Immolate+1","Warcry"],"picked":"Body Slam+1","floor":36},{"not_picked":["Second Wind","Headbutt+1"],"picked":"Pommel Strike+1","floor":36},{"not_picked":["Cleave+1","Dual Wield","Searing Blow+1"],"picked":"SKIP","floor":36},{"not_picked":["Hemokinesis+1","Cleave+1","Flex"],"picked":"SKIP","floor":36},{"not_picked":["Deep Breath","Forethought"],"picked":"Good Instincts","floor":37},{"not_picked":["Blind","Swift Strike+1"],"picked":"Violence","floor":37},{"not_picked":["Panache","HandOfGreed+1","Bandage Up"],"picked":"SKIP","floor":37},{"not_picked":["Sword Boomerang+1","Body Slam+1","Anger+1"],"picked":"SKIP","floor":38},{"not_picked":["Sword Boomerang+1","Warcry","Fire Breathing"],"picked":"SKIP","floor":39},{"not_picked":["Clothesline+1","Havoc"],"picked":"Disarm","floor":40},{"not_picked":["Reckless Charge+1","Bloodletting"],"picked":"Feel No Pain+1","floor":42},{"not_picked":["Spot Weakness","Dark Embrace"],"picked":"Seeing Red+1","floor":44},{"not_picked":["Anger+1","Twin Strike+1"],"picked":"Entrench+1","floor":45},{"not_picked":["Intimidate","Twin Strike+1"],"picked":"Sword Boomerang+1","floor":46},{"not_picked":["Thunderclap+1","Searing Blow+1"],"picked":"Pommel Strike+1","floor":48},{"not_picked":["Clash+1","Rupture+1"],"picked":"Exhume","floor":55}],"player_experience":4875216,"relics_obtained":[{"floor":6,"key":"Ornamental Fan"},{"floor":8,"key":"Self Forming Clay"},{"floor":9,"key":"Molten Egg 2"},{"floor":13,"key":"HornCleat"},{"floor":24,"key":"Art of War"},{"floor":28,"key":"CaptainsWheel"},{"floor":31,"key":"Meat on the Bone"},{"floor":40,"key":"Darkstone Periapt"},{"floor":42,"key":"Omamori"},{"floor":43,"key":"Pen Nib"},{"floor":44,"key":"Boot"},{"floor":46,"key":"Mummified Hand"},{"floor":55,"key":"Akabeko"}],"event_choices":[{"damage_healed":0,"gold_gain":0,"player_choice":"Upgraded","damage_taken":0,"max_hp_gain":0,"max_hp_loss":0,"event_name":"Upgrade Shrine","floor":3,"gold_loss":0,"cards_upgraded":["Cleave"]},{"damage_healed":0,"gold_gain":0,"player_choice":"Ignored","damage_taken":0,"max_hp_gain":0,"max_hp_loss":0,"event_name":"Liars Game","floor":11,"gold_loss":0},{"damage_healed":0,"gold_gain":0,"player_choice":"Read","damage_taken":0,"max_hp_gain":0,"max_hp_loss":0,"event_name":"The Library","floor":19,"gold_loss":0,"cards_obtained":["Disarm"]},{"damage_healed":0,"gold_gain":0,"player_choice":"Became a vampire","damage_taken":0,"max_hp_gain":0,"max_hp_loss":27,"event_name":"Vampires","floor":30,"gold_loss":0,"cards_obtained":["Bite","Bite","Bite","Bite","Bite"]},{"damage_healed":0,"gold_gain":0,"player_choice":"Memory 3","damage_taken":10,"max_hp_gain":0,"max_hp_loss":0,"event_name":"SensoryStone","floor":37,"gold_loss":0}],"is_beta":false,"boss_relics":[{"not_picked":["Astrolabe","Ectoplasm"],"picked":"Philosopher\u0027s Stone"},{"not_picked":["Snecko Eye","Calling Bell"],"picked":"Runic Pyramid"}],"items_purged_floors":[36],"is_endless":false,"potions_floor_spawned":[2,8,12,13,16,24,27,31,35,38,44,45,48],"ascension_level":20,"potion_discard_per_floor":[[],[],[],[],[],[],[],[],[],[],[],["AttackPotion"],[],[],[],[],[],[],[],[],[],[],[],[],[],[],[],[],[],[],[],[],[],[],[],[],[],["Regen Potion"],[],[],[],[],[],[],[],[],[],[],[],[],[],[],[],[],[],[],[]]}