{"neow_bonuses_skipped_log":["ONE_RANDOM_RARE_CARD","HUNDRED_GOLD","BOSS_RELIC"],"potions_obtained_entropic_brew":[[],[],[],[],[],[],[],[],[],[],[],[],[],[],[],[],[],[],[],[],[],[],[],[],[],[],[],[]],"neow_costs_skipped_log":["NONE","NONE","NONE"],"gold_per_floor":[16,16,30,49,65,65,92,109,109,138,138,138,138,151,151,249,249,269,284,199,199,215,215,129,168,192,192,192],"floor_reached":28,"playtime":1974,"items_purged":[],"score":546,"play_id":"0bdf0489-7d02-437f-90e7-4bcf4150a8bc","local_time":"20230104162224","score_breakdown":["Floors Climbed (28): 140","Enemies Slain (9): 18","Exordium Elites Killed (2): 20","City Elites Killed (1): 20","Bosses Slain (1): 50","Champion (1): 25","Ascension (20): 273"],"is_ascension_mode":true,"potions_obtained_alchemize":[[],[],[],[],[],[],[],[],[],[],[],[],[],[],[],[],[],[],[],[],[],[],[],[],[],[],[],[]],"campfire_choices":[{"data":"Bash","floor":6,"key":"SMITH"},{"data":"Perfected Strike","floor":11,"key":"SMITH"},{"data":"Rage","floor":13,"key":"SMITH"},{"data":"Flex","floor":15,"key":"SMITH"},{"data":"RitualDagger","floor":23,"key":"SMITH"}],"lesson_learned_per_floor":[[],[],[],[],[],[],[],[],[],[],[],[],[],[],[],[],[],[],[],[],[],[],[],[],[],[],[],[]],"neow_cost":"NO_GOLD","improvable_cards":{"RitualDagger+1":[18]},"seed_source_timestamp":5275856722233997808,"shop_contents":[{"floor":24,"relics":["WingedGreaves","Bronze Scales","HandDrill"],"cards":["Headbutt","Sentinel","Shrug It Off","Feel No Pain+1","Panacea","HandOfGreed"],"potions":["EntropicBrew","Regen Potion","Ancient Potion"]}],"circlet_count":0,"master_deck":["AscendersBane","Strike_R+1","Strike_R+1","Strike_R+1","Strike_R+1","Defend_R+1","Defend_R+1","Defend_R+1","Defend_R+1","Bash+1","Cleave","Metallicize","Cleave","Rage+1","Perfected Strike+1","Flame Barrier","Flex+1","Offering","Rupture+1","RitualDagger+1","Shrug It Off","Fiend Fire","True Grit+1"],"potion_use_per_floor":[[],[],[],[],[],[],[],["SpeedPotion"],[],[],[],[],[],[],[],["Dexterity Potion"],[],[],["Regen Potion"],[],[],[],[],[],[],[],[],["ColorlessPotion"]],"relics":["Burning Blood","Pantograph","Frozen Egg 2","Centennial Puzzle","Golden Idol","Coffee Dripper","Gambling Chip","Peace Pipe"],"potions_floor_usage":[8,16,19,28],"damage_taken":[{"damage":1,"enemies":"2 Louse","floor":1,"turns":5},{"damage":4,"enemies":"Small Slimes","floor":3,"turns":3},{"damage":6,"enemies":"Cultist","floor":4,"turns":3},{"damage":3,"enemies":"2 Fungi Beasts","floor":5,"turns":4},{"damage":45,"enemies":"Gremlin Nob","floor":7,"turns":5},{"damage":0,"enemies":"Large Slime","floor":8,"turns":6},{"damage":26,"enemies":"3 Sentries","floor":10,"turns":6},{"damage":6,"enemies":"Exordium Wildlife","floor":14,"turns":3},{"damage":49,"enemies":"The Guardian","floor":16,"turns":15},{"damage":7,"enemies":"Spheric Guardian","floor":18,"turns":4},{"damage":25,"enemies":"3 Byrds","floor":19,"turns":5},{"damage":13,"enemies":"Snake Plant","floor":22,"turns":2},{"damage":6,"enemies":"Gremlin Leader","floor":25,"turns":2},{"damage":47,"enemies":"Book of Stabbing","floor":28,"turns":5}],"seed_played":"3579387651714114609","neow_bonus_log":{"cardsObtained":[],"cardsUpgraded":[],"cardsRemoved":[],"cardsTransformed":[],"relicsObtained":[],"maxHpGained":14,"goldGained":0,"damageTaken":0,"goldLost":99,"maxHpLost":0},"potions_obtained":[{"floor":3,"key":"SpeedPotion"},{"floor":4,"key":"SpeedPotion"},{"floor":7,"key":"Dexterity Potion"},{"floor":10,"key":"Regen Potion"},{"floor":16,"key":"Energy Potion"},{"floor":22,"key":"ColorlessPotion"}],"is_trial":false,"path_per_floor":["M","?","M","M","M","R","E","M","T","E","R","?","R","M","R","B",null,"M","M","?","?","M","R","$","E","T","?","E"],"character_chosen":"IRONCLAD","items_purchased":["Fiend Fire"],"campfire_rested":0,"item_purchase_floors":[24],"current_hp_per_floor":[87,87,89,89,89,89,50,56,56,36,36,36,36,36,36,18,65,64,57,57,51,44,44,44,44,44,44,0],"gold":192,"neow_bonus":"TWENTY_PERCENT_HP_BONUS","is_prod":false,"is_daily":false,"rewards_skipped":[{"floor":14,"relics":[],"potions":["SkillPotion"]}],"chose_seed":false,"campfire_upgraded":5,"win_rate":0,"floor_exit_playtime":[192,215,272,340,407,413,587,700,706,789,795,804,822,954,959,1126,1205,1325,1464,1471,1519,1563,1569,1727,1810,1816,1821],"timestamp":1672867344,"blue_key_relic_skipped_log":{"floor":26,"relicID":"Dream Catcher"},"path_taken":["M","?","M","M","M","R","E","M","T","E","R","?","R","M","R","BOSS","M","M","?","?","M","R","$","E","T","?","E"],"build_version":"2022-12-18","purchased_purges":0,"victory":false,"max_hp_per_floor":[89,89,89,89,89,89,89,89,89,89,89,81,81,81,81,81,81,81,81,81,81,81,81,81,81,81,81,81],"relic_stats":{"Peace Pipe":0,"Centennial Puzzle":[21],"counters":[14,68],"Golden Idol":41,"Pantograph":25,"Gambling Chip":[12],"obtain_stats":[{"Peace Pipe":25,"Centennial Puzzle":10,"Golden Idol":12,"Pantograph":7,"Gambling Chip":20,"Coffee Dripper":17,"Frozen Egg 2":9,"Burning Blood":0},{"Peace Pipe":13,"Centennial Puzzle":7,"Golden Idol":7,"Pantograph":5,"Gambling Chip":11,"Coffee Dripper":9,"Frozen Egg 2":6,"Burning Blood":0},{"Peace Pipe":63,"Centennial Puzzle":32,"Golden Idol":32,"Pantograph":20,"Gambling Chip":59,"Coffee Dripper":50,"Frozen Egg 2":26,"Burning Blood":0}],"Burning Blood":75},"card_choices":[{"not_picked":["Thunderclap","Entrench","Fire Breathing"],"picked":"SKIP","floor":1},{"not_picked":["Entrench","Thunderclap"],"picked":"Metallicize","floor":3},{"not_picked":["Sentinel","Seeing Red"],"picked":"Cleave","floor":4},{"not_picked":["Burning Pact","Pummel"],"picked":"Rage","floor":5},{"not_picked":["Burning Pact","Sever Soul"],"picked":"Perfected Strike","floor":7},{"not_picked":["Pummel","Havoc","Thunderclap"],"picked":"SKIP","floor":8},{"not_picked":["Pummel","Havoc","Thunderclap"],"picked":"SKIP","floor":8},{"not_picked":["Pummel","Havoc","Thunderclap"],"picked":"SKIP","floor":8},{"not_picked":["Clash","Sword Boomerang"],"picked":"Flame Barrier","floor":10},{"not_picked":["Rupture+1","Thunderclap"],"picked":"Flex","floor":14},{"not_picked":["Immolate","Juggernaut+1"],"picked":"Offering","floor":16},{"not_picked":["Wild Strike","Armaments","Pummel"],"picked":"SKIP","floor":18},{"not_picked":["Thunderclap","Inflame+1"],"picked":"Rupture+1","floor":19},{"not_picked":["Warcry","Entrench"],"picked":"Shrug It Off","floor":22},{"not_picked":["Shrug It Off","Twin Strike"],"picked":"True Grit+1","floor":25}],"player_experience":4914992,"relics_obtained":[{"floor":7,"key":"Pantograph"},{"floor":9,"key":"Frozen Egg 2"},{"floor":10,"key":"Centennial Puzzle"},{"floor":25,"key":"Peace Pipe"}],"event_choices":[{"damage_healed":0,"gold_gain":0,"cards_transformed":["Strike_R"],"player_choice":"Change","damage_taken":0,"max_hp_gain":0,"max_hp_loss":0,"event_name":"Living Wall","floor":2,"gold_loss":0,"cards_obtained":["Cleave"]},{"damage_healed":0,"gold_gain":0,"player_choice":"Lose Max HP","damage_taken":0,"relics_obtained":["Golden Idol"],"max_hp_gain":0,"max_hp_loss":8,"event_name":"Golden Idol","floor":12,"gold_loss":0},{"damage_healed":0,"gold_gain":0,"player_choice":"Obtained Relic","damage_taken":0,"relics_obtained":["Gambling Chip"],"max_hp_gain":0,"max_hp_loss":0,"event_name":"Addict","floor":20,"gold_loss":85},{"damage_healed":0,"gold_gain":0,"player_choice":"Joined the Cult","damage_taken":6,"max_hp_gain":0,"max_hp_loss":0,"event_name":"Nest","floor":21,"gold_loss":0,"cards_obtained":["RitualDagger"]},{"damage_healed":0,"gold_gain":0,"player_choice":"Simplicity","damage_taken":0,"max_hp_gain":0,"max_hp_loss":0,"event_name":"Back to Basics","floor":27,"gold_loss":0,"cards_upgraded":["Strike_R","Strike_R","Strike_R","Strike_R","Defend_R","Defend_R","Defend_R","Defend_R"]}],"is_beta":false,"boss_relics":[{"not_picked":["Empty Cage","Ectoplasm"],"picked":"Coffee Dripper"}],"items_purged_floors":[],"is_endless":false,"potions_floor_spawned":[3,4,7,10,14,16,22],"killed_by":"Book of Stabbing","ascension_level":20,"potion_discard_per_floor":[[],[],[],[],[],[],["SpeedPotion"],[],[],[],[],[],[],[],[],[],[],[],[],[],[],[],[],[],[],[],[],[]]}