{"neow_bonuses_skipped_log":["TRANSFORM_CARD","THREE_SMALL_POTIONS","BOSS_RELIC"],"potions_obtained_entropic_brew":[[],[],[],[],[],[],[],[],[],[],[],[],[],[],[],[],[],[],[],[],[],[],[],[],[],[],[],[],[],[],[],[],[],[],[],[],[],[],[],[],[],[],[],[],[],[],[],[],[],[],[],[],[],[],[],[],[]],"neow_costs_skipped_log":["NONE","NONE","NONE"],"gold_per_floor":[17,37,52,69,85,85,113,125,164,102,129,143,58,85,85,157,157,167,181,191,191,67,96,106,137,162,179,190,190,220,234,234,308,308,326,326,50,1049,1049,1049,1067,1095,1095,1126,1146,1146,436,464,464,464,464,464,464,114,147,147],"floor_reached":57,"playtime":5127,"items_purged":["Anger","Strike_R"],"score":2844,"play_id":"fee6c54f-f2db-434a-b188-5580e1396174","local_time":"20230104175711","score_breakdown":["Floors Climbed (57): 285","Enemies Slain (16): 32","Exordium Elites Killed (3): 30","City Elites Killed (3): 60","Beyond Elites Killed (3): 90","Bosses Slain (5): 750","Money Money (1766): 25","Librarian: 25","Champion (1): 25","Ascension (20): 1272","Heartbreaker: 250"],"is_ascension_mode":true,"potions_obtained_alchemize":[[],[],[],[],[],[],[],[],[],[],[],[],[],[],[],[],[],[],[],[],[],[],[],[],[],[],[],[],[],[],[],[],[],[],[],[],[],[],[],[],[],[],[],[],[],[],[],[],[],[],[],[],[],[],[],[],[]],"campfire_choices":[{"data":"Perfected Strike","floor":6.0,"key":"SMITH"},{"data":"Perfected Strike","floor":8.0,"key":"SMITH"},{"data":"Fiend Fire","floor":15.0,"key":"SMITH"},{"floor":29,"key":"REST"},{"floor":32,"key":"RECALL"},{"floor":40,"key":"REST"},{"floor":49,"key":"REST"},{"floor":53,"key":"REST"}],"lesson_learned_per_floor":[[],[],[],[],[],[],[],[],[],[],[],[],[],[],[],[],[],[],[],[],[],[],[],[],[],[],[],[],[],[],[],[],[],[],[],[],[],[],[],[],[],[],[],[],[],[],[],[],[],[],[],[],[],[],[],[],[]],"neow_cost":"NO_GOLD","improvable_cards":{},"seed_source_timestamp":5710672715274826882,"shop_contents":[{"floor":10,"relics":["Question Card","Tiny Chest","Brimstone"],"cards":["Clash","Seeing Red","True Grit","Feel No Pain","Good Instincts","Master of Strategy"],"potions":["SpeedPotion","Fire Potion","Energy Potion"]},{"floor":13,"relics":["Juzu Bracelet","Sundial","Orrery"],"cards":["Carnage","Double Tap","Exhume","Berserk","Mind Blast","Magnetism"],"potions":["Weak Potion","PowerPotion","BloodPotion"]},{"floor":22,"relics":["Pear","Letter Opener","OrangePellets"],"cards":["Heavy Blade","Thunderclap","Rupture","Finesse","Secret Weapon"],"potions":["FairyPotion","BlessingOfTheForge","Dexterity Potion"]},{"floor":37,"relics":["Darkstone Periapt","Ancient Tea Set"],"cards":["Hemokinesis","Dropkick","Rage","Armaments","Combust","Chrysalis"],"potions":["SneckoOil","SneckoOil","SneckoOil"]},{"floor":47,"relics":[],"cards":["Iron Wave","Bloodletting","Shrug It Off","Metallicize","Forethought","Master of Strategy"],"potions":["ElixirPotion","AttackPotion"]},{"floor":54,"relics":["Strawberry","Cauldron"],"cards":["Cleave","Searing Blow","Havoc","Warcry","Rupture","Jack Of All Trades","Secret Weapon"],"potions":["SteroidPotion","ColorlessPotion"]}],"circlet_count":0,"master_deck":["AscendersBane","Strike_R","Strike_R","Strike_R","Strike_R","Defend_R","Defend_R","Defend_R","Defend_R","Bash","Perfected Strike+1","Battle Trance+1","Perfected Strike+1","Ghostly Armor","Rage","Fiend Fire+1","Second Wind+1","Reaper","Demon Form","Immolate","Burning Pact","Burning Pact","Power Through","Power Through","Dual Wield","Entrench+1","Shrug It Off","Sword Boomerang+1","Bloodletting","Barricade","Entrench+1","PanicButton","Clothesline+1","Exhume","Battle Trance+1","Uppercut","Power Through+1"],"special_seed":0,"potion_use_per_floor":[[],[],[],["SpeedPotion"],[],[],["Energy Potion"],[],[],[],[],[],[],[],[],[],[],[],[],[],[],[],["BloodPotion"],[],["ElixirPotion","GamblersBrew"],[],[],[],[],[],[],[],[],[],[],[],[],[],[],[],[],[],[],[],[],[],[],[],[],[],[],[],[],[],[],["Ancient Potion","BlessingOfTheForge","FearPotion","SteroidPotion"],[]],"relics":["Burning Blood","MawBank","Anchor","Lantern","Bag of Preparation","Fusion Hammer","Enchiridion","Blue Candle","Dream Catcher","War Paint","Omamori","Snecko Eye","DollysMirror","HornCleat","Happy Flower","InkBottle","TheAbacus","Bronze Scales","Potion Belt","Ornamental Fan","Oddly Smooth Stone","Art of War"],"potions_floor_usage":[25,25,56,56,56,56],"damage_taken":[{"damage":7.0,"enemies":"Cultist","floor":1.0,"turns":4.0},{"damage":1.0,"enemies":"2 Louse","floor":2.0,"turns":3.0},{"damage":2.0,"enemies":"Jaw Worm","floor":3.0,"turns":4.0},{"damage":11.0,"enemies":"Lots of Slimes","floor":4.0,"turns":7.0},{"damage":8.0,"enemies":"Blue Slaver","floor":5.0,"turns":2.0},{"damage":4.0,"enemies":"Gremlin Nob","floor":7.0,"turns":3.0},{"damage":21.0,"enemies":"Lagavulin","floor":11.0,"turns":7.0},{"damage":0.0,"enemies":"Exordium Thugs","floor":12.0,"turns":3.0},{"damage":24.0,"enemies":"3 Sentries","floor":14.0,"turns":10.0},{"damage":60.0,"enemies":"Hexaghost","floor":16.0,"turns":9.0},{"damage":11.0,"enemies":"Spheric Guardian","floor":18.0,"turns":3.0},{"damage":3.0,"enemies":"Chosen","floor":19.0,"turns":3.0},{"damage":20.0,"enemies":"Snake Plant","floor":20.0,"turns":4.0},{"damage":16.0,"enemies":"Slavers","floor":23.0,"turns":7.0},{"damage":0.0,"enemies":"Snecko","floor":24.0,"turns":1.0},{"damage":38,"enemies":"Gremlin Leader","floor":25,"turns":9},{"damage":14,"enemies":"Shelled Parasite and Fungi","floor":27,"turns":7},{"damage":0,"enemies":"Snake Plant","floor":28,"turns":2},{"damage":20,"enemies":"Slavers","floor":30,"turns":5},{"damage":0,"enemies":"Cultist and Chosen","floor":31,"turns":4},{"damage":57,"enemies":"Champ","floor":33,"turns":14},{"damage":0,"enemies":"Orb Walker","floor":35,"turns":3},{"damage":3,"enemies":"3 Darklings","floor":41,"turns":4},{"damage":13,"enemies":"Nemesis","floor":42,"turns":7},{"damage":27,"enemies":"Reptomancer","floor":44,"turns":8},{"damage":0,"enemies":"4 Shapes","floor":45,"turns":11},{"damage":12,"enemies":"Nemesis","floor":48,"turns":15},{"damage":14,"enemies":"Awakened One","floor":50,"turns":33},{"damage":18,"enemies":"Donu and Deca","floor":51,"turns":18},{"damage":3,"enemies":"Shield and Spear","floor":55,"turns":11},{"damage":78,"enemies":"The Heart","floor":56,"turns":12}],"green_key_taken_log":14,"seed_played":"-1317347166073350043","neow_bonus_log":{"cardsObtained":[],"cardsUpgraded":[],"cardsRemoved":[],"cardsTransformed":[],"relicsObtained":[],"maxHpGained":14,"goldGained":0,"damageTaken":0,"goldLost":99,"maxHpLost":0},"potions_obtained":[{"floor":2.0,"key":"SpeedPotion"},{"floor":3.0,"key":"Energy Potion"},{"floor":4.0,"key":"SkillPotion"},{"floor":5.0,"key":"BloodPotion"},{"floor":11.0,"key":"GamblersBrew"},{"floor":23.0,"key":"ElixirPotion"},{"floor":27,"key":"Explosive Potion"},{"floor":33,"key":"FearPotion"},{"floor":35,"key":"SteroidPotion"}],"is_trial":false,"path_per_floor":["M","M","M","M","M","R","E","R","T","$","E","M","$","E","R","B",null,"M","M","M","?","$","E","M","E","T","M","M","R","E","M","R","B",null,"M","?","$","?","?","R","M","E","T","E","M","T","$","E","R","B","B",null,"R","$","E","B",null],"character_chosen":"IRONCLAD","items_purchased":["Fiend Fire","Reaper","Power Through","Dual Wield","DollysMirror","PanicButton","TheAbacus","Bronze Scales","Potion Belt","Uppercut","BlessingOfTheForge","Ancient Potion","Oddly Smooth Stone"],"campfire_rested":4,"item_purchase_floors":[10,13,22,22,37,37,47,47,47,47,47,54,54],"current_hp_per_floor":[81,86,89,84,82,82,84,84,84,84,69,75,75,69,69,21,72,67,76,62,41,41,56,62,36,36,36,42,68,64,85,85,65,83,89,89,89,89,89,89,89,82,82,89,89,89,89,89,89,89,89,89,89,89,89,50],"gold":147,"neow_bonus":"TWENTY_PERCENT_HP_BONUS","is_prod":false,"is_daily":false,"rewards_skipped":[{"floor":14,"relics":[],"potions":["Energy Potion"]},{"floor":24,"relics":[],"potions":["ElixirPotion"]},{"floor":42,"relics":[],"potions":["BlessingOfTheForge"]},{"floor":45,"relics":[],"potions":["AttackPotion"]}],"chose_seed":false,"campfire_upgraded":3,"win_rate":0,"floor_exit_playtime":[100,142,173,300,345,351,382,388,393,460,516,542,600,765,772,968,1029,1086,1133,1184,1194,1278,1402,1453,1696,1721,1858,1918,1923,2011,2060,2079,2283,2312,2367,2387,2472,2480,2497,2503,2576,2726,2728,2888,3040,3042,3098,3338,3385,3895,4162,4174,4181,4396,4618,5127],"timestamp":1672873031,"blue_key_relic_skipped_log":{"floor":43,"relicID":"Shuriken"},"path_taken":["M","?","?","M","M","R","E","R","T","$","E","M","$","E","R","BOSS","M","?","M","?","?","E","M","E","T","?","M","R","E","M","R","BOSS","M","?","$","?","?","R","?","E","T","E","M","?","$","E","R","BOSS","BOSS","R","$","E","BOSS"],"build_version":"2022-12-18","purchased_purges":2,"victory":true,"max_hp_per_floor":[89,89,89,89,89,89,89,89,89,89,89,89,89,89,89,89,89,89,89,89,89,89,89,89,89,89,89,89,89,89,89,89,89,89,89,89,89,89,89,89,89,89,89,89,89,89,89,89,89,89,89,89,89,89,89,89],"relic_stats":{"Happy Flower":[33],"counters":[31,233],"Blue Candle":[0],"Bag of Preparation":[44],"Omamori":2,"War Paint":["Battle Trance","Second Wind"],"MawBank":36,"Burning Blood":149,"Dream Catcher":4,"TheAbacus":[276],"Ornamental Fan":[36],"Bronze Scales":[513],"Snecko Eye":[230,249,252,243,-352],"Art of War":[6],"obtain_stats":[{"Potion Belt":47,"Lantern":11,"Happy Flower":44,"Blue Candle":23,"Enchiridion":21,"Oddly Smooth Stone":54,"Bag of Preparation":14,"Omamori":30,"War Paint":26,"MawBank":7,"Burning Blood":0,"Anchor":9,"Dream Catcher":25,"HornCleat":42,"TheAbacus":47,"DollysMirror":37,"Ornamental Fan":48,"Bronze Scales":47,"Snecko Eye":34,"Fusion Hammer":17,"Art of War":55,"InkBottle":46},{"Potion Belt":26,"Lantern":7,"Happy Flower":25,"Blue Candle":14,"Enchiridion":13,"Oddly Smooth Stone":29,"Bag of Preparation":9,"Omamori":19,"War Paint":16,"MawBank":6,"Burning Blood":0,"Anchor":6,"Dream Catcher":16,"HornCleat":24,"TheAbacus":26,"DollysMirror":22,"Ornamental Fan":27,"Bronze Scales":26,"Snecko Eye":21,"Fusion Hammer":10,"Art of War":30,"InkBottle":26},{"Potion Belt":144,"Lantern":30,"Happy Flower":133,"Blue Candle":69,"Enchiridion":62,"Oddly Smooth Stone":210,"Bag of Preparation":43,"Omamori":93,"War Paint":79,"MawBank":23,"Burning Blood":0,"Anchor":23,"Dream Catcher":79,"HornCleat":125,"TheAbacus":144,"DollysMirror":114,"Ornamental Fan":159,"Bronze Scales":144,"Snecko Eye":111,"Fusion Hammer":52,"Art of War":221,"InkBottle":144}],"InkBottle":[22]},"card_choices":[{"not_picked":["Entrench","Sever Soul"],"picked":"Anger","floor":1.0},{"not_picked":["Infernal Blade","Iron Wave"],"picked":"Perfected Strike","floor":2.0},{"not_picked":["Clash","Evolve"],"picked":"Battle Trance","floor":3.0},{"not_picked":["Cleave","Armaments"],"picked":"Perfected Strike","floor":4.0},{"not_picked":["Entrench","Anger"],"picked":"Ghostly Armor","floor":5.0},{"not_picked":["Armaments","Evolve"],"picked":"Rage","floor":7.0},{"not_picked":["Cleave","Combust"],"picked":"Second Wind","floor":11.0},{"not_picked":["Clash","Clothesline","Cleave"],"picked":"SKIP","floor":12.0},{"not_picked":["Iron Wave","Cleave"],"picked":"Demon Form","floor":14.0},{"not_picked":["Berserk","Barricade"],"picked":"Immolate","floor":16.0},{"not_picked":["Shrug It Off","Evolve"],"picked":"Burning Pact","floor":18.0},{"not_picked":["Perfected Strike","Twin Strike"],"picked":"Burning Pact","floor":19.0},{"not_picked":["Warcry","Anger"],"picked":"Power Through","floor":20.0},{"not_picked":["Rampage","Inflame","Iron Wave"],"picked":"SKIP","floor":23.0},{"not_picked":["Wild Strike","Heavy Blade"],"picked":"Entrench+1","floor":24.0},{"not_picked":["Juggernaut","Thunderclap"],"picked":"Shrug It Off","floor":25},{"not_picked":["Havoc","Limit Break","Flex"],"picked":"SKIP","floor":27},{"not_picked":["Power Through","Carnage"],"picked":"Sword Boomerang+1","floor":28},{"not_picked":["Carnage+1","Wild Strike","Thunderclap"],"picked":"SKIP","floor":30},{"not_picked":["Carnage+1","Wild Strike","Thunderclap"],"picked":"SKIP","floor":30},{"not_picked":["Burning Pact","Headbutt+1"],"picked":"Bloodletting","floor":31},{"not_picked":["Double Tap","Corruption"],"picked":"Barricade","floor":33},{"not_picked":["Armaments","Sword Boomerang","Thunderclap"],"picked":"SKIP","floor":35},{"not_picked":["Iron Wave","Bloodletting"],"picked":"Clothesline+1","floor":40},{"not_picked":["Thunderclap","Cleave","Perfected Strike"],"picked":"SKIP","floor":41},{"not_picked":["Metallicize","Spot Weakness"],"picked":"Exhume","floor":42},{"not_picked":["Thunderclap","Clash"],"picked":"Battle Trance+1","floor":44},{"not_picked":["Heavy Blade","Bloodletting","Warcry+1"],"picked":"SKIP","floor":45},{"not_picked":["Fire Breathing","Searing Blow","Clash"],"picked":"SKIP","floor":48},{"not_picked":["Entrench","Sword Boomerang"],"picked":"Power Through+1","floor":49},{"not_picked":["Havoc","Ghostly Armor+1","Rupture+1"],"picked":"SKIP","floor":55}],"player_experience":4916966,"relics_obtained":[{"floor":7.0,"key":"MawBank"},{"floor":9.0,"key":"Anchor"},{"floor":11.0,"key":"Lantern"},{"floor":14.0,"key":"Bag of Preparation"},{"floor":21.0,"key":"Enchiridion"},{"floor":23.0,"key":"Blue Candle"},{"floor":25,"key":"Dream Catcher"},{"floor":26,"key":"War Paint"},{"floor":30,"key":"Omamori"},{"floor":42,"key":"HornCleat"},{"floor":44,"key":"Happy Flower"},{"floor":46,"key":"InkBottle"},{"floor":48,"key":"Ornamental Fan"},{"floor":55,"key":"Art of War"}],"event_choices":[{"damage_healed":0.0,"max_hp_gain":0.0,"max_hp_loss":0.0,"gold_gain":0.0,"event_name":"Cursed Tome","player_choice":"Obtained Book","floor":21.0,"gold_loss":0.0,"damage_taken":21.0},{"damage_healed":18,"gold_gain":0,"player_choice":"Writhe","damage_taken":0,"max_hp_gain":0,"max_hp_loss":0,"event_name":"Winding Halls","floor":36,"gold_loss":0,"cards_obtained":["Writhe"]},{"damage_healed":0,"gold_gain":999,"player_choice":"Gold","damage_taken":0,"max_hp_gain":0,"max_hp_loss":0,"event_name":"MindBloom","floor":38,"gold_loss":0,"cards_obtained":["Normality","Normality"]},{"cards_removed":["Normality"],"damage_healed":0,"gold_gain":0,"player_choice":"Purged","damage_taken":0,"max_hp_gain":0,"max_hp_loss":0,"event_name":"Purifier","floor":39,"gold_loss":0}],"is_beta":false,"boss_relics":[{"not_picked":["SlaversCollar","Astrolabe"],"picked":"Fusion Hammer"},{"not_picked":["Velvet Choker","Tiny House"],"picked":"Snecko Eye"}],"items_purged_floors":[47,54],"is_endless":false,"potions_floor_spawned":[2,3,4,5,11,14,23,24,27,33,35,42,45],"ascension_level":20,"potion_discard_per_floor":[[],[],[],[],["SkillPotion"],[],[],[],[],[],[],[],[],[],[],[],[],[],[],[],[],[],[],[],[],[],[],[],[],[],[],[],[],[],["Explosive Potion"],[],[],[],[],[],[],[],[],[],[],[],[],[],[],[],[],[],[],[],[],[],[]]}