{"neow_bonuses_skipped_log":["ONE_RANDOM_RARE_CARD","RANDOM_COMMON_RELIC","BOSS_RELIC"],"potions_obtained_entropic_brew":[[],[],[],[],[],[],[],[],[],[],[],[],[],[],[],[],[],[],[],[],[],[],[],[],[],[],[],[],[],[],[],[],[],[],[],[],[],[],[],[],[],[],[],[],[],[],[],[],[],[],[],[],[],[],[],[]],"neow_costs_skipped_log":["NONE","NONE","NONE"],"gold_per_floor":[17,17,41,116,136,136,180,180,180,223,242,294,47,80,80,179,206,231,263,286,320,23,23,71,71,125,125,173,194,238,262,262,364,364,382,95,428,455,481,509,509,545,554,554,598,618,290,290,290,290,290,290,290,24,61,61],"floor_reached":56,"playtime":6045,"items_purged":["Clash+1","Strike_R","Strike_R"],"score":2280,"play_id":"89151fa9-67e9-452a-88e8-64014988513a","local_time":"20230104194356","falling_options_log":["Bash","Brutality"],"score_breakdown":["Floors Climbed (56): 280","Enemies Slain (15): 30","Exordium Elites Killed (3): 30","City Elites Killed (3): 60","Beyond Elites Killed (3): 90","Bosses Slain (4): 500","Money Money (1658): 25","Librarian: 25","Stuffed: 50","Champion (3): 75","Overkill: 25","Ascension (20): 1090"],"is_ascension_mode":true,"potions_obtained_alchemize":[[],[],[],[],[],[],[],[],[],[],[],[],[],[],[],[],[],[],[],[],[],[],[],[],[],[],[],[],[],[],[],[],[],[],[],[],[],[],[],[],[],[],[],[],[],[],[],[],[],[],[],[],[],[],[],[]],"campfire_choices":[{"data":"Hemokinesis","floor":6,"key":"SMITH"},{"data":"Uppercut","floor":8,"key":"SMITH"},{"data":"Pommel Strike","floor":15,"key":"SMITH"},{"data":"Feed","floor":23,"key":"SMITH"},{"data":"Burning Pact","floor":25,"key":"SMITH"},{"floor":32,"key":"REST"},{"floor":44,"key":"RECALL"},{"data":"Blood for Blood","floor":49,"key":"SMITH"},{"data":"Brutality","floor":53,"key":"SMITH"}],"lesson_learned_per_floor":[[],[],[],[],[],[],[],[],[],[],[],[],[],[],[],[],[],[],[],[],[],[],[],[],[],[],[],[],[],[],[],[],[],[],[],[],[],[],[],[],[],[],[],[],[],[],[],[],[],[],[],[],[],[],[],[]],"neow_cost":"NO_GOLD","improvable_cards":{},"seed_source_timestamp":4380083348715871035,"shop_contents":[{"floor":13,"relics":["Shuriken","Juzu Bracelet"],"cards":["Heavy Blade","Carnage","Flame Barrier","Flex","Trip","Metamorphosis"],"potions":["SneckoOil","Weak Potion","PowerPotion"]},{"floor":22,"relics":["Charon\u0027s Ashes","Lee\u0027s Waffle"],"cards":["Reckless Charge","Headbutt","Infernal Blade","Rupture","Swift Strike","Sadistic Nature"],"potions":["BloodPotion","LiquidMemories","Fire Potion"]},{"floor":36,"relics":["CaptainsWheel","Toxic Egg 2"],"cards":["Anger","Carnage","Flex","Armaments","Panacea","Metamorphosis"],"potions":["Strength Potion","EntropicBrew","Weak Potion"]},{"floor":47,"relics":["Mummified Hand","Eternal Feather"],"cards":["Clothesline","Shrug It Off","Metallicize","Deep Breath","Violence"],"potions":["LiquidBronze","ElixirPotion","SneckoOil"]},{"floor":54,"relics":["Bottled Flame","Nunchaku","Sling"],"cards":["Uppercut","Hemokinesis","Evolve","Discovery","Chrysalis"],"potions":["DistilledChaos","SneckoOil","Energy Potion"]}],"circlet_count":0,"master_deck":["AscendersBane","Defend_R","Defend_R","Defend_R","Bash","Power Through","Hemokinesis+1","Battle Trance","Uppercut+1","Burning Pact+1","Bloodletting","Feel No Pain","Pommel Strike+1","Feed+1","Impervious+1","Armaments+1","Havoc+1","Pommel Strike+1","Seeing Red","Second Wind+1","Shrug It Off","Sentinel","Disarm","Immolate","Brutality+1","Inflame","Impervious+1","Corruption","Feel No Pain","True Grit+1","Clumsy","Pummel","Blood for Blood+1","Disarm","Offering","Disarm","Dual Wield"],"potion_use_per_floor":[[],[],[],[],[],[],["Explosive Potion"],[],[],["LiquidBronze"],[],[],[],[],[],["Weak Potion"],[],[],[],[],[],[],[],[],[],[],[],[],[],["DistilledChaos"],[],[],["PowerPotion"],[],[],[],[],[],[],[],[],[],[],[],["BloodPotion"],["Fire Potion"],[],[],[],[],[],[],[],[],["Swift Potion"],["GamblersBrew"]],"relics":["Burning Blood","Paper Frog","Oddly Smooth Stone","Bronze Scales","CeramicFish","Medical Kit","Astrolabe","Meat on the Bone","InkBottle","Regal Pillow","Smiling Mask","Red Skull","Cursed Key","DollysMirror","Blood Vial","Boot","Akabeko","Cauldron","Bottled Lightning"],"potions_floor_usage":[7,10,16,30,33,45,46,55,56],"damage_taken":[{"damage":0,"enemies":"Small Slimes","floor":1,"turns":3},{"damage":9,"enemies":"Jaw Worm","floor":3,"turns":6},{"damage":2,"enemies":"2 Louse","floor":5,"turns":3},{"damage":19,"enemies":"3 Sentries","floor":7,"turns":7},{"damage":2,"enemies":"Gremlin Nob","floor":10,"turns":3},{"damage":13,"enemies":"Gremlin Gang","floor":11,"turns":5},{"damage":2,"enemies":"Lagavulin","floor":12,"turns":7},{"damage":9,"enemies":"2 Fungi Beasts","floor":14,"turns":4},{"damage":27,"enemies":"Hexaghost","floor":16,"turns":9},{"damage":5,"enemies":"3 Byrds","floor":18,"turns":3},{"damage":11,"enemies":"2 Thieves","floor":19,"turns":5},{"damage":22,"enemies":"Sentry and Sphere","floor":20,"turns":8},{"damage":9,"enemies":"Snake Plant","floor":21,"turns":4},{"damage":28,"enemies":"Book of Stabbing","floor":24,"turns":6},{"damage":22,"enemies":"Gremlin Leader","floor":28,"turns":8},{"damage":2,"enemies":"Centurion and Healer","floor":29,"turns":10},{"damage":16,"enemies":"Book of Stabbing","floor":30,"turns":6},{"damage":11,"enemies":"Snecko","floor":31,"turns":4},{"damage":80,"enemies":"Automaton","floor":33,"turns":12},{"damage":30,"enemies":"3 Darklings","floor":35,"turns":6},{"damage":6,"enemies":"Orb Walker","floor":38,"turns":6},{"damage":10,"enemies":"Maw","floor":39,"turns":8},{"damage":12,"enemies":"Giant Head","floor":40,"turns":7},{"damage":21,"enemies":"Reptomancer","floor":42,"turns":7},{"damage":10,"enemies":"Nemesis","floor":45,"turns":10},{"damage":47,"enemies":"Jaw Worm Horde","floor":46,"turns":6},{"damage":30,"enemies":"Awakened One","floor":50,"turns":16},{"damage":43,"enemies":"Time Eater","floor":51,"turns":15},{"damage":44,"enemies":"Shield and Spear","floor":55,"turns":10},{"damage":91,"enemies":"The Heart","floor":56,"turns":6}],"green_key_taken_log":28,"seed_played":"-3358578878993549400","neow_bonus_log":{"cardsObtained":[],"cardsUpgraded":[],"cardsRemoved":[],"cardsTransformed":[],"relicsObtained":[],"maxHpGained":14,"goldGained":0,"damageTaken":0,"goldLost":99,"maxHpLost":0},"potions_obtained":[{"floor":1,"key":"Explosive Potion"},{"floor":5,"key":"LiquidBronze"},{"floor":11,"key":"SpeedPotion"},{"floor":14,"key":"Weak Potion"},{"floor":21,"key":"GamblersBrew"},{"floor":28,"key":"PowerPotion"},{"floor":29,"key":"DistilledChaos"},{"floor":31,"key":"Swift Potion"},{"floor":35,"key":"BlessingOfTheForge"},{"floor":38,"key":"BloodPotion"},{"floor":45,"key":"Fire Potion"},{"floor":47,"key":"GamblersBrew"}],"is_trial":false,"path_per_floor":["M","?","M","?","M","R","E","R","T","E","M","E","$","M","R","B",null,"M","M","M","M","$","R","E","R","T","?","E","M","E","M","R","B",null,"M","$","?","M","M","E","?","E","T","R","E","M","$","?","R","B","B",null,"R","$","E","B"],"character_chosen":"IRONCLAD","items_purchased":["Medical Kit","Feel No Pain","Meat on the Bone","Shrug It Off","Inflame","DollysMirror","Blood for Blood","Disarm","Cauldron","Offering","Disarm"],"campfire_rested":1,"item_purchase_floors":[13,13,22,22,36,36,47,47,47,54,54],"current_hp_per_floor":[88,81,78,67,71,71,58,58,58,62,55,59,59,56,56,35,70,74,73,60,60,60,60,50,50,50,44,40,60,66,65,106,44,91,71,71,71,75,75,73,73,76,76,76,104,81,81,81,81,75,56,121,121,121,89,0],"gold":61,"neow_bonus":"TWENTY_PERCENT_HP_BONUS","is_prod":false,"is_daily":false,"rewards_skipped":[{"floor":47,"relics":[],"potions":["EssenceOfSteel","Block Potion","EssenceOfSteel","Block Potion"]}],"chose_seed":false,"campfire_upgraded":7,"win_rate":0,"floor_exit_playtime":[86,90,135,138,156,161,245,251,254,344,422,519,538,597,602,744,893,968,1133,1280,1376,1430,1437,1613,1623,1630,1646,1892,2058,2166,2236,2260,2649,2678,2832,2917,2922,3038,3151,3395,3415,3664,3667,3677,3919,4074,4307,4319,4363,4745,5088,5098,5138,5257,5677],"timestamp":1672879436,"blue_key_relic_skipped_log":{"floor":43,"relicID":"Frozen Egg 2"},"path_taken":["M","?","M","?","M","R","E","R","T","E","M","E","$","M","R","BOSS","M","M","M","M","$","R","E","R","T","?","E","M","E","?","R","BOSS","M","$","?","M","M","E","?","E","T","R","E","?","$","?","R","BOSS","BOSS","R","$","E","BOSS"],"build_version":"2022-12-18","purchased_purges":3,"victory":false,"max_hp_per_floor":[89,81,81,81,81,81,81,81,81,81,81,81,81,81,81,81,81,84,88,91,94,94,94,94,94,94,94,94,98,102,106,106,106,106,110,110,110,114,118,122,122,126,126,126,130,134,134,134,134,138,142,142,142,142,146,146],"relic_stats":{"Regal Pillow":10,"counters":[30,210],"CeramicFish":252,"Astrolabe":["Impervious","Armaments","Clash"],"Medical Kit":[113],"Smiling Mask":150,"Cursed Key":1,"Boot":[29],"Burning Blood":174,"Blood Vial":14,"Cauldron":1,"Bronze Scales":[776],"Bottled Lightning":"Offering","obtain_stats":[{"Regal Pillow":26,"Golden Idol":2,"CeramicFish":12,"Astrolabe":17,"Oddly Smooth Stone":9,"Medical Kit":13,"Smiling Mask":28,"Cursed Key":34,"Boot":42,"Burning Blood":0,"Akabeko":45,"Blood Vial":40,"Cauldron":47,"DollysMirror":36,"Bronze Scales":10,"Bottled Lightning":55,"InkBottle":24,"Red Skull":30,"Paper Frog":7,"Meat on the Bone":22},{"Regal Pillow":14,"Golden Idol":1,"CeramicFish":7,"Astrolabe":9,"Oddly Smooth Stone":4,"Medical Kit":7,"Smiling Mask":15,"Cursed Key":19,"Boot":24,"Burning Blood":0,"Akabeko":25,"Blood Vial":23,"Cauldron":26,"DollysMirror":20,"Bronze Scales":5,"Bottled Lightning":29,"InkBottle":14,"Red Skull":17,"Paper Frog":4,"Meat on the Bone":13},{"Regal Pillow":73,"Golden Idol":3,"CeramicFish":34,"Astrolabe":47,"Oddly Smooth Stone":19,"Medical Kit":34,"Smiling Mask":81,"Cursed Key":113,"Boot":147,"Burning Blood":0,"Akabeko":157,"Blood Vial":140,"Cauldron":163,"DollysMirror":119,"Bronze Scales":22,"Bottled Lightning":204,"InkBottle":73,"Red Skull":97,"Paper Frog":19,"Meat on the Bone":67}],"InkBottle":[59],"Meat on the Bone":108},"card_choices":[{"not_picked":["Rupture","Burning Pact"],"picked":"Power Through","floor":1},{"not_picked":["Sever Soul","Perfected Strike"],"picked":"Hemokinesis","floor":3},{"not_picked":["Warcry","Twin Strike"],"picked":"Battle Trance","floor":5},{"not_picked":["Clothesline","Intimidate"],"picked":"Uppercut","floor":7},{"not_picked":["Havoc","Intimidate"],"picked":"Burning Pact","floor":10},{"not_picked":["Dual Wield","Intimidate","Warcry"],"picked":"SKIP","floor":11},{"not_picked":["Body Slam","Twin Strike"],"picked":"Bloodletting","floor":12},{"not_picked":["Dual Wield","Fire Breathing"],"picked":"Pommel Strike","floor":14},{"not_picked":["Reaper","Immolate"],"picked":"Feed","floor":16},{"not_picked":["Armaments+1","Feel No Pain"],"picked":"Havoc+1","floor":18},{"not_picked":["Sword Boomerang","Dual Wield"],"picked":"Pommel Strike+1","floor":19},{"not_picked":["Rampage","Sword Boomerang"],"picked":"Seeing Red","floor":20},{"not_picked":["Shrug It Off","Dropkick"],"picked":"Second Wind+1","floor":21},{"not_picked":["Juggernaut","Clothesline+1"],"picked":"Sentinel","floor":24},{"not_picked":["Heavy Blade","Inflame"],"picked":"Disarm","floor":28},{"not_picked":["Flex","Clash+1","Perfected Strike"],"picked":"SKIP","floor":29},{"not_picked":["Flex","Clash+1","Perfected Strike"],"picked":"SKIP","floor":29},{"not_picked":["Entrench","True Grit"],"picked":"Immolate","floor":30},{"not_picked":["Armaments","Wild Strike","Bloodletting"],"picked":"SKIP","floor":31},{"not_picked":["Corruption","Juggernaut"],"picked":"Brutality","floor":33},{"not_picked":["True Grit","Twin Strike+1","Perfected Strike"],"picked":"SKIP","floor":35},{"not_picked":["Wild Strike","Seeing Red"],"picked":"Corruption","floor":38},{"not_picked":["Perfected Strike","Body Slam"],"picked":"Feel No Pain","floor":39},{"not_picked":["Heavy Blade","Carnage","Pommel Strike"],"picked":"SKIP","floor":40},{"not_picked":["Dropkick","Second Wind"],"picked":"True Grit+1","floor":42},{"not_picked":["Feed","Feel No Pain"],"picked":"Pummel","floor":45},{"not_picked":["Sword Boomerang","Entrench+1","Sentinel"],"picked":"SKIP","floor":46},{"not_picked":["Anger","Rampage"],"picked":"Dual Wield","floor":55}],"player_experience":4922093,"relics_obtained":[{"floor":7,"key":"Paper Frog"},{"floor":9,"key":"Oddly Smooth Stone"},{"floor":10,"key":"Bronze Scales"},{"floor":12,"key":"CeramicFish"},{"floor":24,"key":"InkBottle"},{"floor":26,"key":"Regal Pillow"},{"floor":28,"key":"Smiling Mask"},{"floor":30,"key":"Red Skull"},{"floor":40,"key":"Blood Vial"},{"floor":42,"key":"Boot"},{"floor":45,"key":"Akabeko"},{"floor":55,"key":"Bottled Lightning"}],"event_choices":[{"damage_healed":0,"gold_gain":0,"player_choice":"Lose Max HP","damage_taken":0,"relics_obtained":["Golden Idol"],"max_hp_gain":0,"max_hp_loss":8,"event_name":"Golden Idol","floor":2,"gold_loss":0},{"damage_healed":0,"gold_gain":75,"player_choice":"Gather Gold","damage_taken":11,"max_hp_gain":0,"max_hp_loss":0,"event_name":"World of Goop","floor":4,"gold_loss":0},{"damage_healed":0,"gold_gain":0,"player_choice":"","damage_taken":6,"max_hp_gain":0,"max_hp_loss":0,"event_name":"Knowing Skull","floor":27,"potions_obtained":[],"gold_loss":0,"cards_obtained":[]},{"damage_healed":0,"gold_gain":333,"player_choice":"Gave Idol","damage_taken":0,"max_hp_gain":0,"max_hp_loss":0,"event_name":"The Moai Head","floor":37,"relics_lost":["Golden Idol"],"gold_loss":0},{"damage_healed":0,"gold_gain":0,"player_choice":"Ignored","damage_taken":0,"max_hp_gain":0,"max_hp_loss":0,"event_name":"SecretPortal","floor":41,"gold_loss":0},{"cards_removed":["Defend_R"],"damage_healed":0,"gold_gain":0,"player_choice":"Removed Skill","damage_taken":0,"max_hp_gain":0,"max_hp_loss":0,"event_name":"Falling","floor":48,"gold_loss":0}],"is_beta":false,"boss_relics":[{"not_picked":["Runic Dome","Sozu"],"picked":"Astrolabe"},{"not_picked":["Pandora\u0027s Box","Black Blood"],"picked":"Cursed Key"}],"items_purged_floors":[36,47,54],"is_endless":false,"potions_floor_spawned":[1,5,11,14,21,28,29,31,35,38,45],"killed_by":"The Heart","ascension_level":20,"potion_discard_per_floor":[[],[],[],[],[],[],[],[],[],[],[],[],[],[],[],[],[],[],[],[],[],[],[],[],[],[],[],["SpeedPotion"],["GamblersBrew"],[],[],[],[],[],[],[],[],["BlessingOfTheForge"],[],[],[],[],[],[],[],[],[],[],[],[],[],[],[],[],[],[]]}