{"neow_bonuses_skipped_log":["RANDOM_COLORLESS","THREE_SMALL_POTIONS","BOSS_RELIC"],"neow_costs_skipped_log":["NONE","NONE","NONE"],"potions_obtained_entropic_brew":[[],[],[],[],[],[],[],[],[],[],[],[],[],[],[],[],[],[],[],[],[],[],[],[],[],[],[],[],[],[],[],[],[],[],[],[],[],[],[],[],[],[],[],[],[],[],[],[],[],[],[],[],[],[],[],[]],"gold_per_floor":[18,32,46,121,121,149,163,179,179,9,37,49,49,60,60,131,131,149,168,183,16,16,16,45,45,45,79,91,121,134,164,164,238,238,251,264,264,283,338,365,375,404,430,355,366,114,143,153,153,153,153,153,153,70,97,97],"floor_reached":56,"playtime":7690,"items_purged":["Anger"],"score":2212,"play_id":"265aaaa1-422f-4427-9438-5b00b08547e5","local_time":"20230103175956","score_breakdown":["Floors Climbed (56): 280","Enemies Slain (18): 36","Exordium Elites Killed (2): 20","City Elites Killed (4): 80","Beyond Elites Killed (3): 90","Bosses Slain (4): 500","Stuffed: 50","Champion (2): 50","Overkill: 25","Ascension (20): 1081"],"is_ascension_mode":true,"potions_obtained_alchemize":[[],[],[],[],[],[],[],[],[],[],[],[],[],[],[],[],[],[],[],[],[],[],[],[],[],[],[],[],[],[],[],[],[],[],[],[],[],[],[],[],[],[],[],[],[],[],[],[],[],[],[],[],[],[],[],[]],"campfire_choices":[{"data":"Blood for Blood","floor":13,"key":"SMITH"},{"data":"Uppercut","floor":15,"key":"SMITH"},{"data":"Inflame","floor":23,"key":"SMITH"},{"data":"Hemokinesis","floor":25,"key":"SMITH"},{"data":"Burning Pact","floor":32,"key":"SMITH"},{"floor":49,"key":"RECALL"},{"data":"Feel No Pain","floor":53,"key":"SMITH"}],"lesson_learned_per_floor":[[],[],[],[],[],[],[],[],[],[],[],[],[],[],[],[],[],[],[],[],[],[],[],[],[],[],[],[],[],[],[],[],[],[],[],[],[],[],[],[],[],[],[],[],[],[],[],[],[],[],[],[],[],[],[],[]],"neow_cost":"NO_GOLD","improvable_cards":{},"seed_source_timestamp":2117168208364305549,"shop_contents":[{"floor":10,"relics":["Blood Vial","Mercury Hourglass","OrangePellets"],"cards":["Sever Soul","Blood for Blood","Burning Pact","Blind","HandOfGreed"],"potions":["Energy Potion","DuplicationPotion"]},{"floor":21,"relics":["Regal Pillow","Molten Egg 2"],"cards":["Iron Wave","Carnage","Shrug It Off","Flex","Feel No Pain","Finesse","Violence"],"potions":["SmokeBomb","EssenceOfSteel","Energy Potion"]},{"floor":44,"relics":["Toy Ornithopter","Bottled Flame","Sling"],"cards":["Uppercut","Bludgeon","Armaments","Bloodletting","Metallicize","Panacea","Master of Strategy"],"potions":["GamblersBrew","Weak Potion","LiquidMemories"]},{"floor":46,"relics":["Oddly Smooth Stone","Torii"],"cards":["Carnage","Iron Wave","Shrug It Off","Rupture","Swift Strike","HandOfGreed"],"potions":["ColorlessPotion","HeartOfIron","BlessingOfTheForge"]},{"floor":54,"relics":["Boot","White Beast Statue","Cauldron"],"cards":["Wild Strike","Clothesline","Dual Wield","Armaments","Rupture","Impatience","Metamorphosis"],"potions":["Block Potion","GamblersBrew"]}],"circlet_count":0,"master_deck":["AscendersBane","Bash","Uppercut+1","Blood for Blood+1","Headbutt","Shrug It Off","Shockwave","Inflame+1","Feed","Feel No Pain+1","Reaper","Shrug It Off+1","Havoc+1","Hemokinesis+1","Seeing Red+1","Bloodletting+1","Shrug It Off","Burning Pact+1","Brutality","Feed","Carnage","Body Slam","Uppercut","Battle Trance","Armaments","Infernal Blade","Berserk","Dropkick","Evolve","Immolate","Dropkick+1","Armaments+1","Second Wind","Power Through"],"potion_use_per_floor":[[],[],[],[],[],["LiquidMemories"],[],[],[],[],["ColorlessPotion"],[],[],[],[],[],[],[],[],["Energy Potion"],[],[],[],["FairyPotion"],[],[],[],[],["SkillPotion"],[],["ColorlessPotion"],[],[],[],[],[],[],["Energy Potion"],["Energy Potion"],[],[],[],[],[],[],[],[],["Explosive Potion"],[],[],[],[],[],[],["LiquidMemories","GamblersBrew"],["LiquidBronze"]],"relics":["Burning Blood","War Paint","Art of War","Ancient Tea Set","Coffee Dripper","TheAbacus","Shuriken","Strawberry","Bag of Preparation","Bottled Tornado","Pandora\u0027s Box","FossilizedHelix","Darkstone Periapt","Akabeko","Happy Flower","ClockworkSouvenir","Bronze Scales","Paper Frog"],"potions_floor_usage":[6,11,20,29,31,38,39,48,55,55,56],"damage_taken":[{"damage":8,"enemies":"Small Slimes","floor":1,"turns":4},{"damage":4,"enemies":"Jaw Worm","floor":2,"turns":4},{"damage":1,"enemies":"Cultist","floor":3,"turns":3},{"damage":29,"enemies":"Gremlin Nob","floor":6,"turns":4},{"damage":16,"enemies":"2 Fungi Beasts","floor":7,"turns":4},{"damage":11,"enemies":"Large Slime","floor":8,"turns":4},{"damage":10,"enemies":"3 Sentries","floor":11,"turns":5},{"damage":0,"enemies":"Exordium Thugs","floor":12,"turns":4},{"damage":5,"enemies":"Gremlin Gang","floor":14,"turns":5},{"damage":21,"enemies":"Hexaghost","floor":16,"turns":8},{"damage":18,"enemies":"Spheric Guardian","floor":18,"turns":5},{"damage":17,"enemies":"2 Thieves","floor":19,"turns":5},{"damage":18,"enemies":"Chosen and Byrds","floor":20,"turns":6},{"damage":44,"enemies":"Book of Stabbing","floor":24,"turns":6},{"damage":6,"enemies":"Gremlin Leader","floor":27,"turns":6},{"damage":29,"enemies":"Shelled Parasite and Fungi","floor":28,"turns":7},{"damage":40,"enemies":"Book of Stabbing","floor":29,"turns":7},{"damage":12,"enemies":"Centurion and Healer","floor":30,"turns":6},{"damage":26,"enemies":"Slavers","floor":31,"turns":7},{"damage":32,"enemies":"Champ","floor":33,"turns":21},{"damage":18,"enemies":"3 Darklings","floor":35,"turns":7},{"damage":11,"enemies":"3 Shapes","floor":36,"turns":7},{"damage":10,"enemies":"Jaw Worm Horde","floor":38,"turns":4},{"damage":24,"enemies":"2 Orb Walkers","floor":39,"turns":4},{"damage":6,"enemies":"Reptomancer","floor":40,"turns":5},{"damage":24,"enemies":"Maw","floor":41,"turns":8},{"damage":7,"enemies":"Nemesis","floor":42,"turns":5},{"damage":30,"enemies":"4 Shapes","floor":45,"turns":12},{"damage":23,"enemies":"Giant Head","floor":47,"turns":7},{"damage":10,"enemies":"Sphere and 2 Shapes","floor":48,"turns":7},{"damage":29,"enemies":"Donu and Deca","floor":50,"turns":17},{"damage":75,"enemies":"Time Eater","floor":51,"turns":11},{"damage":126,"enemies":"Shield and Spear","floor":55,"turns":12},{"damage":61,"enemies":"The Heart","floor":56,"turns":5}],"green_key_taken_log":6,"seed_played":"3206428191699682237","neow_bonus_log":{"cardsObtained":[],"cardsUpgraded":[],"cardsRemoved":[],"cardsTransformed":[],"relicsObtained":[],"maxHpGained":14,"goldGained":0,"damageTaken":0,"goldLost":99,"maxHpLost":0},"potions_obtained":[{"floor":1,"key":"LiquidMemories"},{"floor":3,"key":"Energy Potion"},{"floor":11,"key":"ColorlessPotion"},{"floor":19,"key":"FairyPotion"},{"floor":27,"key":"SkillPotion"},{"floor":29,"key":"Energy Potion"},{"floor":30,"key":"ColorlessPotion"},{"floor":31,"key":"Energy Potion"},{"floor":39,"key":"Strength Potion"},{"floor":41,"key":"LiquidMemories"},{"floor":42,"key":"Explosive Potion"},{"floor":55,"key":"LiquidBronze"}],"is_trial":false,"path_per_floor":["M","M","M","?","?","E","M","M","T","$","E","M","R","M","R","B",null,"M","M","M","$","?","R","E","R","T","E","M","E","M","E","R","B",null,"M","M","?","M","?","E","M","E","T","$","M","$","E","M","R","B","B",null,"R","$","E","B"],"character_chosen":"IRONCLAD","items_purchased":["Shockwave","Inflame","ColorlessPotion","TheAbacus","Second Wind","ClockworkSouvenir","GamblersBrew"],"campfire_rested":0,"item_purchase_floors":[10,10,10,21,46,46,54],"current_hp_per_floor":[80,82,87,76,69,46,36,31,31,31,27,33,33,37,37,25,78,75,76,73,73,43,43,40,40,40,89,81,57,64,67,67,47,108,118,137,137,140,146,149,149,151,151,151,144,144,145,156,156,157,98,165,165,165,58,0],"gold":97,"neow_bonus":"TWENTY_PERCENT_HP_BONUS","is_prod":false,"is_daily":false,"rewards_skipped":[{"floor":14,"relics":[],"potions":["SkillPotion"]},{"floor":35,"relics":[],"potions":["EssenceOfSteel"]}],"chose_seed":false,"campfire_upgraded":6,"win_rate":0,"floor_exit_playtime":[150,193,248,251,272,329,444,488,493,520,622,697,714,964,970,1116,1179,1294,1409,1558,1640,1664,1678,1864,1871,1877,2035,2282,2463,2576,2755,2766,3331,3433,3827,4098,4125,4279,4422,4583,4787,4961,5054,5096,5443,5484,5714,5859,5862,6374,6669,6681,6687,6712,7414],"timestamp":1672786796,"blue_key_relic_skipped_log":{"floor":26,"relicID":"Tiny Chest"},"path_taken":["M","M","M","?","?","E","M","M","T","$","E","M","R","M","R","BOSS","M","M","M","$","?","R","E","R","T","E","M","E","M","E","R","BOSS","M","M","?","?","?","E","M","E","T","$","M","$","E","M","R","BOSS","BOSS","R","$","E","BOSS"],"build_version":"2022-12-18","purchased_purges":1,"victory":false,"max_hp_per_floor":[89,89,89,89,89,89,89,89,89,89,89,89,89,92,92,95,95,95,98,101,101,106,106,109,109,109,119,122,122,125,128,128,128,128,132,139,139,146,149,152,156,159,159,159,167,167,171,179,179,187,187,187,187,187,190,190],"relic_stats":{"Darkstone Periapt":0,"Happy Flower":[23],"counters":[34,232],"Bag of Preparation":[34],"War Paint":["Defend_R","Defend_R"],"Bottled Tornado":"Feel No Pain","Ancient Tea Set":[14],"Burning Blood":198,"TheAbacus":[366],"Shuriken":[45],"Bronze Scales":[225],"Pandora\u0027s Box":["Feed","Carnage","Body Slam","Uppercut","Battle Trance","Armaments","Infernal Blade","Berserk"],"Art of War":[31],"obtain_stats":[{"Darkstone Periapt":40,"Happy Flower":43,"Bag of Preparation":29,"War Paint":6,"Bottled Tornado":31,"Ancient Tea Set":11,"Burning Blood":0,"Akabeko":42,"ClockworkSouvenir":46,"TheAbacus":21,"Shuriken":24,"Strawberry":27,"Bronze Scales":47,"Pandora\u0027s Box":34,"Art of War":9,"Coffee Dripper":17,"FossilizedHelix":39,"Paper Frog":55},{"Darkstone Periapt":25,"Happy Flower":27,"Bag of Preparation":17,"War Paint":4,"Bottled Tornado":19,"Ancient Tea Set":7,"Burning Blood":0,"Akabeko":27,"ClockworkSouvenir":28,"TheAbacus":13,"Shuriken":14,"Strawberry":15,"Bronze Scales":29,"Pandora\u0027s Box":20,"Art of War":6,"Coffee Dripper":10,"FossilizedHelix":24,"Paper Frog":33},{"Darkstone Periapt":148,"Happy Flower":161,"Bag of Preparation":87,"War Paint":15,"Bottled Tornado":100,"Ancient Tea Set":28,"Burning Blood":0,"Akabeko":161,"ClockworkSouvenir":173,"TheAbacus":61,"Shuriken":67,"Strawberry":73,"Bronze Scales":180,"Pandora\u0027s Box":121,"Art of War":23,"Coffee Dripper":45,"FossilizedHelix":143,"Paper Frog":227}],"FossilizedHelix":[163]},"card_choices":[{"not_picked":["Reckless Charge","Entrench"],"picked":"Anger","floor":1},{"not_picked":["Sword Boomerang","Flame Barrier"],"picked":"Uppercut","floor":2},{"not_picked":["Clash","Sword Boomerang"],"picked":"Blood for Blood","floor":3},{"not_picked":["Exhume","Body Slam"],"picked":"Headbutt","floor":6},{"not_picked":["Searing Blow","Cleave","True Grit"],"picked":"SKIP","floor":7},{"not_picked":["Searing Blow","Cleave","True Grit"],"picked":"SKIP","floor":7},{"not_picked":["Headbutt","Body Slam"],"picked":"Shrug It Off","floor":8},{"not_picked":["Combust","Evolve"],"picked":"Feed","floor":11},{"not_picked":["Perfected Strike","Armaments","Sword Boomerang"],"picked":"SKIP","floor":12},{"not_picked":["Perfected Strike","Evolve"],"picked":"Feel No Pain","floor":14},{"not_picked":["Limit Break","Bludgeon"],"picked":"Reaper","floor":16},{"not_picked":["Wild Strike","Iron Wave"],"picked":"Shrug It Off+1","floor":18},{"not_picked":["Flex","Rampage"],"picked":"Havoc+1","floor":19},{"not_picked":["Carnage","Clothesline","Headbutt"],"picked":"SKIP","floor":20},{"not_picked":["Reckless Charge","Carnage"],"picked":"Hemokinesis","floor":24},{"not_picked":["Shrug It Off","Infernal Blade"],"picked":"Seeing Red+1","floor":27},{"not_picked":["Armaments","Iron Wave"],"picked":"Bloodletting+1","floor":28},{"not_picked":["Rupture","Cleave"],"picked":"Shrug It Off","floor":29},{"not_picked":["Havoc","Iron Wave"],"picked":"Burning Pact","floor":30},{"not_picked":["Bludgeon","Warcry","Flex"],"picked":"SKIP","floor":31},{"not_picked":["Juggernaut","Bludgeon"],"picked":"Brutality","floor":33},{"not_picked":["Headbutt","Warcry"],"picked":"Dropkick","floor":35},{"not_picked":["Havoc+1","Pummel"],"picked":"Evolve","floor":36},{"not_picked":["Feel No Pain","True Grit","Perfected Strike"],"picked":"SKIP","floor":38},{"not_picked":["Feel No Pain","True Grit","Perfected Strike"],"picked":"SKIP","floor":38},{"not_picked":["Sever Soul","Sword Boomerang","Flex"],"picked":"SKIP","floor":39},{"not_picked":["Body Slam","Clash"],"picked":"Dropkick+1","floor":40},{"not_picked":["Twin Strike","Perfected Strike","Anger"],"picked":"SKIP","floor":41},{"not_picked":["Twin Strike","Perfected Strike","Anger"],"picked":"SKIP","floor":41},{"not_picked":["Wild Strike+1","Rampage","Sword Boomerang+1"],"picked":"SKIP","floor":42},{"not_picked":["Wild Strike+1","Rampage","Sword Boomerang+1"],"picked":"SKIP","floor":42},{"not_picked":["Headbutt","Clash+1"],"picked":"Armaments+1","floor":45},{"not_picked":["Double Tap","Heavy Blade"],"picked":"Power Through","floor":47},{"not_picked":["Thunderclap","Wild Strike+1","Body Slam"],"picked":"SKIP","floor":48},{"not_picked":["Pommel Strike","Shrug It Off","Havoc"],"picked":"SKIP","floor":55}],"player_experience":4891807,"relics_obtained":[{"floor":6,"key":"War Paint"},{"floor":9,"key":"Art of War"},{"floor":11,"key":"Ancient Tea Set"},{"floor":24,"key":"Shuriken"},{"floor":27,"key":"Strawberry"},{"floor":29,"key":"Bag of Preparation"},{"floor":31,"key":"Bottled Tornado"},{"floor":39,"key":"FossilizedHelix"},{"floor":40,"key":"Darkstone Periapt"},{"floor":42,"key":"Akabeko"},{"floor":43,"key":"Happy Flower"},{"floor":47,"key":"Bronze Scales"},{"floor":55,"key":"Paper Frog"}],"event_choices":[{"damage_healed":0,"gold_gain":75,"player_choice":"Gather Gold","damage_taken":11,"max_hp_gain":0,"max_hp_loss":0,"event_name":"World of Goop","floor":4,"gold_loss":0},{"cards_removed":["Strike_R"],"damage_healed":0,"gold_gain":0,"player_choice":"Card Removal","damage_taken":7,"max_hp_gain":0,"max_hp_loss":0,"event_name":"Golden Wing","floor":5,"gold_loss":0},{"damage_healed":0,"gold_gain":0,"player_choice":"Shed Blood","damage_taken":35,"max_hp_gain":5,"max_hp_loss":0,"event_name":"Forgotten Altar","floor":22,"gold_loss":0},{"damage_healed":0,"gold_gain":0,"player_choice":"1 cards matched","damage_taken":0,"max_hp_gain":0,"max_hp_loss":0,"event_name":"Match and Keep!","floor":37,"gold_loss":0,"cards_obtained":["Immolate"]},{"damage_healed":0,"gold_gain":0,"player_choice":"1 cards matched","damage_taken":0,"max_hp_gain":0,"max_hp_loss":0,"event_name":"Match and Keep!","floor":37,"gold_loss":0,"cards_obtained":["Immolate"]},{"damage_healed":0,"gold_gain":0,"player_choice":"1 cards matched","damage_taken":0,"max_hp_gain":0,"max_hp_loss":0,"event_name":"Match and Keep!","floor":37,"gold_loss":0,"cards_obtained":["Immolate"]},{"damage_healed":0,"gold_gain":0,"player_choice":"Fight","damage_taken":0,"max_hp_gain":0,"max_hp_loss":0,"event_name":"Mysterious Sphere","floor":39,"gold_loss":0}],"is_beta":false,"boss_relics":[{"not_picked":["Tiny House","Sozu"],"picked":"Coffee Dripper"},{"not_picked":["Runic Dome","Mark of Pain"],"picked":"Pandora\u0027s Box"}],"items_purged_floors":[44],"is_endless":false,"potions_floor_spawned":[1,3,11,14,19,27,29,30,31,35,39,41,42,55],"killed_by":"The Heart","ascension_level":20,"potion_discard_per_floor":[[],[],[],[],[],[],[],[],[],[],[],[],[],[],[],[],[],[],["ColorlessPotion"],[],[],[],[],[],[],[],[],[],[],[],[],[],[],[],[],[],[],[],[],[],[],["Strength Potion"],[],[],[],[],[],[],[],[],[],[],[],[],[],[]]}