{"neow_bonuses_skipped_log":["ONE_RANDOM_RARE_CARD","THREE_SMALL_POTIONS","BOSS_RELIC"],"neow_costs_skipped_log":["NONE","NONE","NONE"],"potions_obtained_entropic_brew":[[],[],[],[],[],[],[],[],[],[],[],[],[],[],[],[],[],[],[],[],[],[],[],[],[],[],[],[],[],[],[],[],[],[],[],[],[],[],[],[],[],[],[],[],[],[],[],[],[],[],[]],"gold_per_floor":[14,27,46,98,58,58,69,100,100,113,123,48,76,93,93,170,170,190,206,223,237,255,280,280,291,318,318,351,361,281,22,22,95,95,112,124,149,149,198,198,198,198,198,232,232,249,249,282,282,282,282],"floor_reached":51,"playtime":10381,"items_purged":["Strike_R","Perfected Strike"],"score":1593,"play_id":"f178cc91-68ec-422b-86cc-535956ea20ef","local_time":"20230101191714","falling_options_log":["Uppercut+1","Defend_R"],"score_breakdown":["Floors Climbed (51): 255","Enemies Slain (17): 34","Exordium Elites Killed (2): 20","City Elites Killed (2): 40","Beyond Elites Killed (2): 60","Bosses Slain (3): 300","Well Fed: 25","Champion (1): 25","Perfect (1): 50","Ascension (20): 784"],"is_ascension_mode":true,"potions_obtained_alchemize":[[],[],[],[],[],[],[],[],[],[],[],[],[],[],[],[],[],[],[],[],[],[],[],[],[],[],[],[],[],[],[],[],[],[],[],[],[],[],[],[],[],[],[],[],[],[],[],[],[],[],[]],"campfire_choices":[{"data":"Whirlwind","floor":6,"key":"SMITH"},{"data":"Pommel Strike","floor":15,"key":"SMITH"},{"data":"Fiend Fire","floor":24,"key":"SMITH"},{"data":"Pommel Strike","floor":27,"key":"SMITH"},{"data":"Disarm","floor":32,"key":"SMITH"},{"data":"Uppercut","floor":40,"key":"SMITH"},{"floor":42,"key":"RECALL"},{"data":"Burning Pact","floor":45,"key":"SMITH"},{"floor":49,"key":"REST"}],"lesson_learned_per_floor":[[],[],[],[],[],[],[],[],[],[],[],[],[],[],[],[],[],[],[],[],[],[],[],[],[],[],[],[],[],[],[],[],[],[],[],[],[],[],[],[],[],[],[],[],[],[],[],[],[],[],[]],"neow_cost":"NO_GOLD","improvable_cards":{},"seed_source_timestamp":-5310412599996320807,"shop_contents":[{"floor":12,"relics":["MealTicket","Potion Belt","Cauldron"],"cards":["Sever Soul","Wild Strike","Havoc","Infernal Blade","Barricade","Enlightenment","Secret Technique"],"potions":["Regen Potion","Fruit Juice","HeartOfIron"]},{"floor":30,"relics":["Prayer Wheel","Strawberry","Sling"],"cards":["Sever Soul","Rampage","Armaments","Dual Wield","Rupture","Madness","Secret Technique"],"potions":["Energy Potion","SpeedPotion","AttackPotion"]},{"floor":31,"relics":["Magic Flower","Molten Egg 2","Akabeko"],"cards":["Heavy Blade","Pummel","Armaments","Second Wind","Inflame","Enlightenment","HandOfGreed"],"potions":["EssenceOfSteel","DistilledChaos","Energy Potion"]}],"circlet_count":0,"master_deck":["AscendersBane","Strike_R","Strike_R","Defend_R","Defend_R","Defend_R","Defend_R","Bash","Headbutt","Whirlwind+1","Second Wind","Bloodletting","Pommel Strike+1","Fiend Fire+1","Disarm+1","Pommel Strike+1","Anger","Burning Pact+1","Shrug It Off","Offering","Flame Barrier+1","Demon Form+1","Hemokinesis+1","Warcry+1","Uppercut+1","Seeing Red","Seeing Red+1","Power Through"],"potion_use_per_floor":[[],[],[],[],[],[],[],["SteroidPotion"],[],[],[],[],["Weak Potion"],[],[],[],[],[],[],["Regen Potion"],[],[],["DistilledChaos"],[],[],[],[],["Energy Potion"],[],[],[],[],["HeartOfIron"],[],[],[],[],[],[],[],[],[],[],[],[],[],[],[],[],["GamblersBrew","DuplicationPotion"],[]],"relics":["Burning Blood","Bag of Preparation","Orichalcum","Vajra","Nunchaku","Runic Cube","The Courier","Dream Catcher","Regal Pillow","PreservedInsect","Toolbox","Astrolabe","CaptainsWheel","Calipers","Pear","Bottled Tornado","Boot"],"potions_floor_usage":[8,13,20,23,28,33,50,50],"damage_taken":[{"damage":1,"enemies":"Cultist","floor":1,"turns":3},{"damage":8,"enemies":"2 Louse","floor":2,"turns":3},{"damage":9,"enemies":"Small Slimes","floor":3,"turns":5},{"damage":0,"enemies":"3 Louse","floor":7,"turns":1},{"damage":10,"enemies":"3 Sentries","floor":8,"turns":3},{"damage":6,"enemies":"Lots of Slimes","floor":10,"turns":2},{"damage":8,"enemies":"Exordium Thugs","floor":11,"turns":2},{"damage":14,"enemies":"Lagavulin","floor":13,"turns":6},{"damage":10,"enemies":"Blue Slaver","floor":14,"turns":3},{"damage":6,"enemies":"Slime Boss","floor":16,"turns":7},{"damage":16,"enemies":"2 Thieves","floor":18,"turns":3},{"damage":0,"enemies":"Chosen","floor":19,"turns":3},{"damage":22,"enemies":"Centurion and Healer","floor":20,"turns":8},{"damage":21,"enemies":"Shelled Parasite and Fungi","floor":21,"turns":5},{"damage":9,"enemies":"Snake Plant","floor":22,"turns":3},{"damage":9,"enemies":"Book of Stabbing","floor":23,"turns":3},{"damage":8,"enemies":"Chosen and Byrds","floor":25,"turns":5},{"damage":3,"enemies":"Slavers","floor":28,"turns":4},{"damage":25,"enemies":"Snecko","floor":29,"turns":4},{"damage":38,"enemies":"Champ","floor":33,"turns":13},{"damage":3,"enemies":"3 Shapes","floor":35,"turns":25},{"damage":24,"enemies":"3 Darklings","floor":36,"turns":5},{"damage":0,"enemies":"Mind Bloom Boss Battle","floor":37,"turns":9},{"damage":20,"enemies":"2 Orb Walkers","floor":39,"turns":4},{"damage":6,"enemies":"Giant Head","floor":44,"turns":3},{"damage":17,"enemies":"4 Shapes","floor":46,"turns":21},{"damage":19,"enemies":"Reptomancer","floor":48,"turns":4},{"damage":57,"enemies":"Time Eater","floor":50,"turns":10},{"damage":27,"enemies":"Donu and Deca","floor":51,"turns":4}],"green_key_taken_log":8,"seed_played":"2168720235307158719","neow_bonus_log":{"cardsObtained":[],"cardsUpgraded":[],"cardsRemoved":[],"cardsTransformed":[],"relicsObtained":[],"maxHpGained":14,"goldGained":0,"damageTaken":0,"goldLost":99,"maxHpLost":0},"potions_obtained":[{"floor":5,"key":"DistilledChaos"},{"floor":5,"key":"EssenceOfSteel"},{"floor":7,"key":"SteroidPotion"},{"floor":8,"key":"Weak Potion"},{"floor":14,"key":"Regen Potion"},{"floor":22,"key":"Energy Potion"},{"floor":28,"key":"HeartOfIron"},{"floor":29,"key":"GamblersBrew"},{"floor":33,"key":"DuplicationPotion"}],"is_trial":false,"path_per_floor":["M","M","M","T","?","R","M","E","T","M","M","$","E","M","R","B",null,"M","M","M","M","M","E","R","M","T","R","E","M","$","$","R","B",null,"M","M","?","?","?","R","?","R","T","E","R","M","T","E","R","B","B"],"character_chosen":"IRONCLAD","items_purchased":["PreservedInsect","Toolbox"],"campfire_rested":1,"item_purchase_floors":[31,31],"current_hp_per_floor":[87,85,82,82,82,82,88,84,84,84,82,82,74,70,70,70,84,74,80,79,64,61,58,58,56,56,56,59,40,40,40,40,8,69,72,54,60,60,46,46,46,46,46,56,56,45,45,32,76,25,0],"gold":282,"neow_bonus":"TWENTY_PERCENT_HP_BONUS","is_prod":false,"is_daily":false,"rewards_skipped":[{"floor":5,"relics":[],"potions":["Ancient Potion"]},{"floor":16,"relics":[],"potions":["SmokeBomb"]},{"floor":18,"relics":[],"potions":["Dexterity Potion"]},{"floor":35,"relics":[],"potions":["CultistPotion"]},{"floor":44,"relics":[],"potions":["Block Potion"]},{"floor":46,"relics":[],"potions":["Block Potion"]},{"floor":48,"relics":[],"potions":["Swift Potion"]}],"chose_seed":false,"campfire_upgraded":7,"win_rate":0,"floor_exit_playtime":[352,534,694,733,824,832,900,1150,1186,1290,1428,1520,1802,1935,1944,2390,2617,2964,3021,3268,3467,3564,3890,3901,4173,4225,4369,4497,4576,4656,4703,4792,6181,6372,6634,6884,7240,7248,7454,7464,7550,7555,7563,7787,7905,8341,8356,8609,8617,9609],"timestamp":1672618634,"blue_key_relic_skipped_log":{"floor":43,"relicID":"Meat on the Bone"},"path_taken":["M","M","M","?","?","R","M","E","T","M","M","$","E","M","R","BOSS","M","M","M","?","M","E","R","M","T","R","E","M","?","$","R","BOSS","M","?","?","?","?","R","?","R","T","E","R","M","?","E","R","BOSS","BOSS"],"build_version":"2022-12-18","purchased_purges":2,"victory":false,"max_hp_per_floor":[89,89,89,89,89,89,89,89,89,89,89,89,89,89,89,89,89,89,89,89,89,89,89,89,89,89,89,89,89,89,89,89,89,89,89,89,89,89,89,89,89,89,89,99,99,99,99,99,99,99,99],"relic_stats":{"Regal Pillow":15,"Calipers":[57],"counters":[29,171],"Astrolabe":["Flame Barrier","Demon Form","Hemokinesis"],"The Courier":84,"PreservedInsect":190,"Bag of Preparation":[52],"Orichalcum":[426],"Bottled Tornado":"Demon Form","Boot":[0],"Burning Blood":168,"Nunchaku":[23],"Dream Catcher":1,"obtain_stats":[{"Regal Pillow":28,"Calipers":39,"Pear":44,"Astrolabe":34,"Vajra":9,"The Courier":23,"PreservedInsect":31,"Bag of Preparation":4,"Orichalcum":8,"Bottled Tornado":47,"Boot":48,"Burning Blood":0,"Nunchaku":13,"Dream Catcher":26,"CaptainsWheel":37,"Toolbox":31,"Runic Cube":17},{"Regal Pillow":18,"Calipers":24,"Pear":25,"Astrolabe":20,"Vajra":5,"The Courier":16,"PreservedInsect":19,"Bag of Preparation":3,"Orichalcum":5,"Bottled Tornado":26,"Boot":27,"Burning Blood":0,"Nunchaku":8,"Dream Catcher":17,"CaptainsWheel":23,"Toolbox":19,"Runic Cube":10},{"Regal Pillow":69,"Calipers":129,"Pear":132,"Astrolabe":86,"Vajra":15,"The Courier":60,"PreservedInsect":73,"Bag of Preparation":11,"Orichalcum":15,"Bottled Tornado":153,"Boot":157,"Burning Blood":0,"Nunchaku":25,"Dream Catcher":65,"CaptainsWheel":125,"Toolbox":73,"Runic Cube":35}],"Runic Cube":[60]},"card_choices":[{"not_picked":["Flex","Rampage"],"picked":"Headbutt","floor":1},{"not_picked":["Shrug It Off","Headbutt"],"picked":"Perfected Strike","floor":2},{"not_picked":["Evolve","Blood for Blood"],"picked":"Whirlwind","floor":3},{"not_picked":["Flame Barrier","Thunderclap"],"picked":"Demon Form","floor":7},{"not_picked":["Rage","Sword Boomerang"],"picked":"Second Wind","floor":8},{"not_picked":["Intimidate","Sword Boomerang","Armaments"],"picked":"SKIP","floor":10},{"not_picked":["Intimidate","Sword Boomerang","Armaments"],"picked":"SKIP","floor":10},{"not_picked":["Iron Wave","Corruption"],"picked":"Bloodletting","floor":11},{"not_picked":["Wild Strike","Feel No Pain"],"picked":"Pommel Strike","floor":14},{"not_picked":["Juggernaut","Corruption"],"picked":"Fiend Fire","floor":16},{"not_picked":["Armaments","Clothesline"],"picked":"Wild Strike+1","floor":18},{"not_picked":["Dropkick","Bloodletting"],"picked":"Disarm","floor":19},{"not_picked":["Heavy Blade","Havoc"],"picked":"Pommel Strike","floor":20},{"not_picked":["Armaments","Combust","Headbutt"],"picked":"SKIP","floor":21},{"not_picked":["Thunderclap","Headbutt","Clothesline"],"picked":"SKIP","floor":22},{"not_picked":["Limit Break","Armaments","True Grit"],"picked":"SKIP","floor":23},{"not_picked":["Entrench","Evolve"],"picked":"Anger","floor":25},{"not_picked":["Metallicize","Spot Weakness"],"picked":"Burning Pact","floor":28},{"not_picked":["Rupture","Sever Soul"],"picked":"Shrug It Off","floor":29},{"not_picked":["Bludgeon","Feed"],"picked":"Offering","floor":33},{"not_picked":["Hemokinesis+1","Sword Boomerang"],"picked":"Warcry+1","floor":35},{"not_picked":["Rupture","Ghostly Armor","Anger"],"picked":"SKIP","floor":36},{"not_picked":["Sword Boomerang","Flex+1"],"picked":"Uppercut","floor":37},{"not_picked":["Pommel Strike+1","Hemokinesis"],"picked":"Seeing Red","floor":39},{"not_picked":["Twin Strike","Clash","Anger+1"],"picked":"SKIP","floor":44},{"not_picked":["Twin Strike","Clash","Anger+1"],"picked":"SKIP","floor":44},{"not_picked":["Warcry","Body Slam+1","Second Wind"],"picked":"SKIP","floor":46},{"not_picked":["Warcry","Body Slam+1","Second Wind"],"picked":"SKIP","floor":46},{"not_picked":["Clothesline","Second Wind+1"],"picked":"Seeing Red+1","floor":48},{"not_picked":["Body Slam","Bloodletting"],"picked":"Power Through","floor":49}],"player_experience":4864835,"relics_obtained":[{"floor":4,"key":"Bag of Preparation"},{"floor":8,"key":"Orichalcum"},{"floor":9,"key":"Vajra"},{"floor":13,"key":"Nunchaku"},{"floor":23,"key":"The Courier"},{"floor":26,"key":"Dream Catcher"},{"floor":28,"key":"Regal Pillow"},{"floor":37,"key":"CaptainsWheel"},{"floor":39,"key":"Calipers"},{"floor":44,"key":"Pear"},{"floor":47,"key":"Bottled Tornado"},{"floor":48,"key":"Boot"}],"event_choices":[{"damage_healed":0,"gold_gain":0,"player_choice":"Bought 3 Potions","damage_taken":0,"max_hp_gain":0,"max_hp_loss":0,"event_name":"The Woman in Blue","floor":5,"gold_loss":0},{"damage_healed":0,"gold_gain":0,"player_choice":"Fight","damage_taken":0,"max_hp_gain":0,"max_hp_loss":0,"event_name":"MindBloom","floor":37,"gold_loss":0},{"damage_healed":0,"gold_gain":0,"player_choice":"Ignored","damage_taken":0,"max_hp_gain":0,"max_hp_loss":0,"event_name":"Tomb of Lord Red Mask","floor":38,"gold_loss":0},{"damage_healed":0,"gold_gain":0,"player_choice":"Fight","damage_taken":0,"max_hp_gain":0,"max_hp_loss":0,"event_name":"Mysterious Sphere","floor":39,"gold_loss":0},{"cards_removed":["Demon Form"],"damage_healed":0,"gold_gain":0,"player_choice":"Removed Power","damage_taken":0,"max_hp_gain":0,"max_hp_loss":0,"event_name":"Falling","floor":41,"gold_loss":0}],"is_beta":false,"boss_relics":[{"not_picked":["Fusion Hammer","Tiny House"],"picked":"Runic Cube"},{"not_picked":["Black Star","Velvet Choker"],"picked":"Astrolabe"}],"items_purged_floors":[12,30],"is_endless":false,"potions_floor_spawned":[7,8,14,16,18,22,28,29,33,35,44,46,48],"killed_by":"Donu and Deca","ascension_level":20,"potion_discard_per_floor":[[],[],[],[],[],[],["EssenceOfSteel"],[],[],[],[],[],[],[],[],[],[],[],[],[],[],[],[],[],[],[],[],[],[],[],[],[],[],[],[],[],[],[],[],[],[],[],[],[],[],[],[],[],[],[],[]]}