{"neow_bonuses_skipped_log":["RANDOM_COLORLESS","THREE_SMALL_POTIONS","BOSS_RELIC"],"neow_costs_skipped_log":["NONE","NONE","NONE"],"potions_obtained_entropic_brew":[[],[],[],[],[],[],[],[],[],[],[],[],[],[],[],[],[],[],[],[],[],[],[],[],[],[],[],[],[],[],[],[],[],[],[],[],[],[],[],[],[],[],[],[],[],[],[],[],[],[],[],[],[],[],[],[],[]],"gold_per_floor":[369,369,167,177,252,252,284,284,284,313,313,327,360,379,379,453,453,472,485,500,111,111,111,125,156,156,181,181,199,219,248,248,327,327,341,205,205,74,92,92,110,110,110,110,121,121,140,90,90,90,90,90,90,12,42,42],"floor_reached":57,"playtime":2574,"items_purged":["Defend_P","Defend_P","Decay","Strike_P","Defend_P","Defend_P"],"score":3010,"play_id":"fa675482-e908-43c1-a293-cc262134d661","local_time":"20240212195153","score_breakdown":["Floors Climbed (57): 285","Enemies Slain (15): 30","Exordium Elites Killed (3): 30","City Elites Killed (3): 60","Beyond Elites Killed (0): 0","Bosses Slain (5): 750","Light Speed: 50","Highlander: 100","Champion (3): 75","Perfect (1): 50","C-c-c-combo: 25","Ascension (20): 1305","Heartbreaker: 250"],"is_ascension_mode":true,"potions_obtained_alchemize":[[],[],[],[],[],[],[],[],[],[],[],[],[],[],[],[],[],[],[],[],[],[],[],[],[],[],[],[],[],[],[],[],[],[],[],[],[],[],[],[],[],[],[],[],[],[],[],[],[],[],[],[],[],[],[],[],[]],"campfire_choices":[{"data":"Eruption","floor":6,"key":"SMITH"},{"floor":11,"key":"REST"},{"data":"Adaptation","floor":15,"key":"SMITH"},{"data":"Scrawl","floor":23,"key":"SMITH"},{"data":"TalkToTheHand","floor":32,"key":"SMITH"},{"floor":40,"key":"RECALL"},{"data":"Vault","floor":42,"key":"SMITH"},{"data":"InnerPeace","floor":46,"key":"SMITH"},{"data":"Vigilance","floor":49,"key":"SMITH"},{"data":"Tantrum","floor":53,"key":"SMITH"}],"lesson_learned_per_floor":[[],[],[],[],[],[],[],[],[],[],[],[],[],[],[],[],[],[],[],[],[],[],[],[],[],[],[],[],[],[],[],[],[],[],[],[],[],[],[],[],[],[],[],[],[],[],[],[],[],[],[],[],[],[],[],[],[]],"neow_cost":"PERCENT_DAMAGE","improvable_cards":{},"seed_source_timestamp":22386575328905,"shop_contents":[{"floor":3,"relics":["Toy Ornithopter","Pocketwatch","Sling"],"cards":["SandsOfTime","Pray","LikeWater","Trip","Apotheosis"],"potions":["BottledMiracle","Weak Potion","DuplicationPotion"]},{"floor":21,"relics":["TungstenRod"],"cards":["CarveReality","JustLucky","Perseverance","Worship","Study","Purity","Transmutation"],"potions":["Dexterity Potion","Weak Potion"]},{"floor":36,"relics":["Vajra","Damaru"],"cards":["EmptyFist","TalkToTheHand","Perseverance","Crescendo","Study","Discovery","The Bomb"],"potions":["Dexterity Potion","Energy Potion","Weak Potion"]},{"floor":38,"relics":["Potion Belt","Shuriken"],"cards":["FlyingSleeves","CutThroughFate","Worship","Pray","Fasting2","Dark Shackles","Secret Weapon"],"potions":["SpeedPotion","BottledMiracle","AttackPotion"]},{"floor":48,"relics":["Lizard Tail","Bronze Scales","Chemical X"],"cards":["Weave","ReachHeaven","EmptyBody","Omniscience","BattleHymn","Purity","Sadistic Nature"],"potions":["FearPotion","CultistPotion","BlessingOfTheForge"]},{"floor":54,"relics":["Nunchaku","Blood Vial","Strange Spoon"],"cards":["CutThroughFate","BowlingBash","Protect","DeusExMachina","Adaptation","Dark Shackles","Mayhem"],"potions":["PowerPotion","SpeedPotion"]}],"circlet_count":0,"master_deck":["AscendersBane","Strike_P","Strike_P","Strike_P","Eruption+1","Vigilance+1","FearNoEvil+1","InnerPeace+1","FlurryOfBlows","CutThroughFate+1","Adaptation+1","TalkToTheHand+1","Scrawl+1","Vault+1","Tantrum+1","MentalFortress+1"],"potion_use_per_floor":[[],[],[],[],[],[],[],[],[],[],[],[],[],[],[],[],[],[],[],[],[],[],[],[],[],[],[],[],[],[],[],[],["SteroidPotion"],[],[],[],[],[],[],[],[],[],[],[],[],[],[],[],[],[],["GamblersBrew","GamblersBrew"],[],[],[],[],["BottledMiracle"],[]],"relics":["HolyWater","Ancient Tea Set","Whetstone","Anchor","Question Card","Membership Card","HornCleat","Smiling Mask","Pantograph","Shovel","CloakClasp","VioletLotus","Medical Kit","ClockworkSouvenir","Oddly Smooth Stone"],"potions_floor_usage":[33,51,51,56],"damage_taken":[{"damage":6,"enemies":"2 Louse","floor":1,"turns":4},{"damage":3,"enemies":"Small Slimes","floor":4,"turns":2},{"damage":17,"enemies":"Lagavulin","floor":7,"turns":7},{"damage":9,"enemies":"Gremlin Nob","floor":10,"turns":3},{"damage":0,"enemies":"Jaw Worm","floor":12,"turns":1},{"damage":17,"enemies":"Lagavulin","floor":13,"turns":5},{"damage":0,"enemies":"Large Slime","floor":14,"turns":3},{"damage":13,"enemies":"Slime Boss","floor":16,"turns":7},{"damage":0,"enemies":"Chosen","floor":18,"turns":2},{"damage":0,"enemies":"Spheric Guardian","floor":19,"turns":2},{"damage":0,"enemies":"Centurion and Healer","floor":20,"turns":4},{"damage":0,"enemies":"Cultist and Chosen","floor":24,"turns":3},{"damage":0,"enemies":"Slavers","floor":25,"turns":2},{"damage":0,"enemies":"Gremlin Leader","floor":27,"turns":3},{"damage":0,"enemies":"3 Cultists","floor":29,"turns":4},{"damage":0,"enemies":"Centurion and Healer","floor":30,"turns":2},{"damage":8,"enemies":"Slavers","floor":31,"turns":3},{"damage":55,"enemies":"Champ","floor":33,"turns":8},{"damage":0,"enemies":"Orb Walker","floor":35,"turns":1},{"damage":13,"enemies":"3 Darklings","floor":39,"turns":4},{"damage":0,"enemies":"Transient","floor":41,"turns":6},{"damage":0,"enemies":"Jaw Worm Horde","floor":45,"turns":2},{"damage":0,"enemies":"Writhing Mass","floor":47,"turns":3},{"damage":0,"enemies":"Awakened One","floor":50,"turns":4},{"damage":64,"enemies":"Time Eater","floor":51,"turns":15},{"damage":0,"enemies":"Shield and Spear","floor":55,"turns":2},{"damage":24,"enemies":"The Heart","floor":56,"turns":7}],"green_key_taken_log":27,"seed_played":"-577292649734450627","neow_bonus_log":{"cardsObtained":[],"cardsUpgraded":[],"cardsRemoved":[],"cardsTransformed":[],"relicsObtained":[],"maxHpGained":0,"goldGained":250,"damageTaken":18,"goldLost":0,"maxHpLost":0},"potions_obtained":[{"floor":1,"key":"SneckoOil"},{"floor":4,"key":"Fire Potion"},{"floor":12,"key":"SteroidPotion"},{"floor":39,"key":"GamblersBrew"}],"is_trial":false,"path_per_floor":["M","?","$","M","?","R","E","?","T","E","R","M","E","M","R","B",null,"M","M","M","$","?","R","M","E","T","E","?","M","M","E","R","B",null,"M","$","?","$","M","R","M","R","T","?","M","R","M","$","R","B","B",null,"R","$","E","B",null],"character_chosen":"WATCHER","basemod:card_modifiers":[null,null,null,null,null,null,null,null,null,null,null,null,null,null,null,null],"items_purchased":["InnerPeace","FlurryOfBlows","Membership Card","GamblersBrew","HornCleat","Medical Kit","ClockworkSouvenir","BottledMiracle"],"campfire_rested":1,"item_purchase_floors":[3,3,21,21,21,36,38,54],"current_hp_per_floor":[37,59,59,56,45,45,28,28,28,19,39,39,22,22,22,9,53,53,53,53,53,53,53,53,53,53,53,53,53,53,45,45,13,54,54,54,54,54,41,41,41,41,41,41,41,41,41,41,41,65,1,49,49,49,49,41],"gold":42,"neow_bonus":"TWO_FIFTY_GOLD","is_prod":false,"is_daily":false,"rewards_skipped":[{"floor":16,"relics":[],"potions":["Strength Potion"]},{"floor":19,"relics":[],"potions":["FairyPotion"]},{"floor":20,"relics":[],"potions":["DuplicationPotion"]},{"floor":29,"relics":[],"potions":["Weak Potion"]},{"floor":30,"relics":[],"potions":["SkillPotion"]},{"floor":31,"relics":[],"potions":["Weak Potion"]},{"floor":45,"relics":[],"potions":["LiquidBronze"]}],"chose_seed":false,"campfire_upgraded":8,"win_rate":0,"floor_exit_playtime":[38,42,56,74,77,100,161,164,169,201,207,222,287,316,322,406,426,466,518,578,604,607,615,690,743,749,821,834,896,937,993,1002,1156,1171,1201,1211,1218,1235,1311,1318,1419,1429,1432,1436,1485,1492,1592,1600,1608,1743,2184,2195,2207,2228,2315,2574],"timestamp":1707785513,"blue_key_relic_skipped_log":{"floor":43,"relicID":"Gremlin Horn"},"path_taken":["M","?","$","M","?","R","E","?","T","E","R","M","E","M","R","BOSS","M","M","M","$","?","R","M","E","T","E","?","M","M","E","R","BOSS","M","$","?","$","M","R","M","R","T","?","M","R","M","$","R","BOSS","BOSS","R","$","E","BOSS"],"build_version":"2022-12-18","purchased_purges":6,"victory":true,"max_hp_per_floor":[68,68,68,68,68,68,68,68,68,68,68,68,68,68,68,68,68,68,68,68,68,68,68,68,68,68,68,68,68,68,68,68,68,68,68,68,68,68,68,68,68,68,68,65,65,65,65,65,65,65,65,65,65,65,65,65],"relic_stats":{"counters":[27,109],"CloakClasp":[228],"Whetstone":["FearNoEvil","CutThroughFate"],"Ancient Tea Set":[18],"Question Card":19,"Smiling Mask":126,"Medical Kit":[5],"Shovel":0,"Pantograph":63,"HolyWater":[57],"VioletLotus":[129],"Membership Card":744,"obtain_stats":[{"Oddly Smooth Stone":55,"CloakClasp":31,"Whetstone":9,"Ancient Tea Set":7,"Question Card":13,"Smiling Mask":25,"Medical Kit":36,"ClockworkSouvenir":38,"Anchor":10,"HornCleat":21,"Shovel":27,"Pantograph":26,"HolyWater":17,"VioletLotus":34,"Membership Card":21,"PureWater":0},{"Oddly Smooth Stone":26,"CloakClasp":17,"Whetstone":3,"Ancient Tea Set":3,"Question Card":6,"Smiling Mask":13,"Medical Kit":19,"ClockworkSouvenir":19,"Anchor":4,"HornCleat":11,"Shovel":14,"Pantograph":13,"HolyWater":8,"VioletLotus":18,"Membership Card":11,"PureWater":0},{"Oddly Smooth Stone":102,"CloakClasp":57,"Whetstone":13,"Ancient Tea Set":13,"Question Card":22,"Smiling Mask":45,"Medical Kit":66,"ClockworkSouvenir":66,"Anchor":16,"HornCleat":40,"Shovel":48,"Pantograph":45,"HolyWater":32,"VioletLotus":65,"Membership Card":40,"PureWater":0}]},"card_choices":[{"not_picked":["WindmillStrike","FlurryOfBlows"],"picked":"FearNoEvil","floor":1},{"not_picked":["Vengeance","WindmillStrike","ClearTheMind"],"picked":"SKIP","floor":4},{"not_picked":["Ragnarok","BowlingBash"],"picked":"CutThroughFate","floor":7},{"not_picked":["Wireheading","CutThroughFate"],"picked":"Adaptation","floor":12},{"not_picked":["PathToVictory","Consecrate","FlurryOfBlows"],"picked":"SKIP","floor":13},{"not_picked":["CutThroughFate","ThirdEye","Indignation"],"picked":"TalkToTheHand","floor":14},{"not_picked":["Judgement","Blasphemy","Alpha"],"picked":"Scrawl","floor":16},{"not_picked":["JustLucky","Study","Fasting2","ThirdEye"],"picked":"SKIP","floor":18},{"not_picked":["ClearTheMind","CutThroughFate+1","Study"],"picked":"Vault","floor":20},{"not_picked":["Vengeance","Evaluate","ClearTheMind"],"picked":"Tantrum","floor":24},{"not_picked":["Swivel","SashWhip","Pray","Halt"],"picked":"SKIP","floor":25},{"not_picked":["Swivel","FlurryOfBlows","Consecrate","FollowUp"],"picked":"SKIP","floor":27},{"not_picked":["WreathOfFlame","BattleHymn","EmptyBody","Tantrum"],"picked":"SKIP","floor":29},{"not_picked":["Protect","Evaluate","Collect","Perseverance"],"picked":"SKIP","floor":30},{"not_picked":["JustLucky","Brilliance","WreathOfFlame","Alpha"],"picked":"SKIP","floor":31},{"not_picked":["DeusExMachina","Wish","Judgement","Ragnarok"],"picked":"SKIP","floor":33},{"not_picked":["EmptyBody","EmptyFist","PathToVictory+1"],"picked":"MentalFortress+1","floor":35},{"not_picked":["The Bomb","Thinking Ahead","Blind","Swift Strike"],"picked":"SKIP","floor":37},{"not_picked":["Nirvana","TalkToTheHand","DeceiveReality","BowlingBash"],"picked":"SKIP","floor":39},{"not_picked":["EmptyFist","Consecrate","BowlingBash","TalkToTheHand"],"picked":"SKIP","floor":41},{"not_picked":["SashWhip","EmptyBody","ThirdEye","WheelKick+1"],"picked":"SKIP","floor":45},{"not_picked":["Worship+1","Halt","EmptyBody","Weave"],"picked":"SKIP","floor":47},{"not_picked":["Ragnarok","JustLucky","FlurryOfBlows","Study"],"picked":"SKIP","floor":55}],"player_experience":6052090,"relics_obtained":[{"floor":7,"key":"Ancient Tea Set"},{"floor":9,"key":"Whetstone"},{"floor":10,"key":"Anchor"},{"floor":13,"key":"Question Card"},{"floor":25,"key":"Smiling Mask"},{"floor":26,"key":"Pantograph"},{"floor":27,"key":"Shovel"},{"floor":31,"key":"CloakClasp"},{"floor":55,"key":"Oddly Smooth Stone"}],"event_choices":[{"damage_healed":22,"gold_gain":0,"player_choice":"Banana","damage_taken":0,"max_hp_gain":0,"max_hp_loss":0,"event_name":"Big Fish","floor":2,"gold_loss":0},{"damage_healed":0,"gold_gain":75,"player_choice":"Gather Gold","damage_taken":11,"max_hp_gain":0,"max_hp_loss":0,"event_name":"World of Goop","floor":5,"gold_loss":0},{"damage_healed":0,"gold_gain":0,"player_choice":"Ignored","damage_taken":0,"max_hp_gain":0,"max_hp_loss":0,"event_name":"Liars Game","floor":8,"gold_loss":0},{"damage_healed":0,"gold_gain":0,"player_choice":"Ignored","damage_taken":0,"max_hp_gain":0,"max_hp_loss":0,"event_name":"Vampires","floor":22,"gold_loss":0},{"damage_healed":0,"gold_gain":0,"player_choice":"Cursed","damage_taken":0,"max_hp_gain":0,"max_hp_loss":0,"event_name":"Wheel of Change","floor":28,"gold_loss":0,"cards_obtained":["Decay"]},{"damage_healed":0,"gold_gain":0,"player_choice":"Memory 1","damage_taken":0,"max_hp_gain":0,"max_hp_loss":0,"event_name":"SensoryStone","floor":37,"gold_loss":0},{"damage_healed":0,"gold_gain":0,"player_choice":"Max HP","damage_taken":0,"max_hp_gain":0,"max_hp_loss":3,"event_name":"Winding Halls","floor":44,"gold_loss":0}],"is_beta":false,"boss_relics":[{"not_picked":["Ectoplasm","Fusion Hammer"],"picked":"HolyWater"},{"not_picked":["Coffee Dripper","Cursed Key"],"picked":"VioletLotus"}],"items_purged_floors":[3,21,36,38,48,54],"is_endless":false,"potions_floor_spawned":[1,4,12,16,19,20,29,30,31,39,45],"ascension_level":20,"potion_discard_per_floor":[[],[],[],[],[],[],[],[],[],[],[],["SneckoOil"],[],[],[],[],[],[],[],[],["Fire Potion"],[],[],[],[],[],[],[],[],[],[],[],[],[],[],[],[],[],[],[],[],[],[],[],[],[],[],[],[],[],[],[],[],[],[],[],[]]}