{"neow_bonuses_skipped_log":["ONE_RANDOM_RARE_CARD","HUNDRED_GOLD","BOSS_RELIC"],"neow_costs_skipped_log":["NONE","NONE","NONE"],"potions_obtained_entropic_brew":[[],[],[],[],[],[],[],[],[],[],[]],"gold_per_floor":[361,372,372,68,93,124,147,147,147,147,147],"floor_reached":11,"playtime":376,"items_purged":["Defend_P"],"score":146,"play_id":"33430435-5662-46b4-8f4c-c61513d754da","local_time":"20240205231209","score_breakdown":["Floors Climbed (11): 55","Enemies Slain (4): 8","Exordium Elites Killed (1): 10","Bosses Slain (0): 0","Ascension (20): 73"],"is_ascension_mode":true,"potions_obtained_alchemize":[[],[],[],[],[],[],[],[],[],[],[]],"campfire_choices":[{"data":"Eruption","floor":8,"key":"SMITH"},{"floor":10,"key":"REST"}],"lesson_learned_per_floor":[[],[],[],[],[],[],[],[],[],[],[]],"neow_cost":"PERCENT_DAMAGE","improvable_cards":{},"seed_source_timestamp":31696621582282,"shop_contents":[{"floor":4,"relics":["InkBottle","Boot","Chemical X"],"cards":["FlyingSleeves","ThirdEye","PathToVictory","Mind Blast","Mayhem"],"potions":["FearPotion"]}],"circlet_count":0,"master_deck":["AscendersBane","Strike_P","Strike_P","Strike_P","Strike_P","Defend_P","Defend_P","Defend_P","Eruption+1","Vigilance","CutThroughFate","FlurryOfBlows","MentalFortress","ClearTheMind","Wireheading","InnerPeace"],"potion_use_per_floor":[[],[],[],[],["Block Potion"],["SteroidPotion"],[],[],[],[],[]],"relics":["PureWater","Golden Idol","Shovel","Letter Opener"],"potions_floor_usage":[5,6],"damage_taken":[{"damage":0,"enemies":"2 Louse","floor":1,"turns":2},{"damage":8,"enemies":"Small Slimes","floor":2,"turns":4},{"damage":7,"enemies":"Jaw Worm","floor":5,"turns":4},{"damage":14,"enemies":"3 Sentries","floor":6,"turns":10},{"damage":7,"enemies":"2 Fungi Beasts","floor":7,"turns":4},{"damage":36,"enemies":"Gremlin Nob","floor":11,"turns":3}],"seed_played":"6583598806897273575","neow_bonus_log":{"cardsObtained":[],"cardsUpgraded":[],"cardsRemoved":[],"cardsTransformed":[],"relicsObtained":[],"maxHpGained":0,"goldGained":250,"damageTaken":18,"goldLost":0,"maxHpLost":0},"potions_obtained":[{"floor":5,"key":"Dexterity Potion"},{"floor":7,"key":"LiquidBronze"}],"is_trial":false,"path_per_floor":["M","M","?","$","M","E","M","R","T","R","E"],"character_chosen":"WATCHER","basemod:card_modifiers":[null,null,null,null,null,null,null,null,null,null,null,null,null,null,null,null],"items_purchased":["FlurryOfBlows","MentalFortress","SteroidPotion","Block Potion"],"campfire_rested":1,"item_purchase_floors":[4,4,4,4],"current_hp_per_floor":[43,35,35,35,28,14,7,7,7,25,0],"gold":147,"neow_bonus":"TWO_FIFTY_GOLD","is_prod":false,"is_daily":false,"rewards_skipped":[],"chose_seed":false,"campfire_upgraded":1,"win_rate":0,"floor_exit_playtime":[32,68,72,91,160,278,324,332,334,338],"timestamp":1707192729,"path_taken":["M","M","?","$","M","E","M","R","T","R","E"],"build_version":"2022-12-18","purchased_purges":1,"victory":false,"max_hp_per_floor":[68,68,62,62,62,62,62,62,62,62,62],"relic_stats":{"Shovel":0,"counters":[6,27],"Golden Idol":16,"Letter Opener":[0],"PureWater":[4],"obtain_stats":[{"Shovel":6,"Golden Idol":3,"Letter Opener":9,"PureWater":0},{"Shovel":4,"Golden Idol":2,"Letter Opener":5,"PureWater":0},{"Shovel":20,"Golden Idol":6,"Letter Opener":24,"PureWater":0}]},"card_choices":[{"not_picked":["MentalFortress","CrushJoints"],"picked":"CutThroughFate","floor":1},{"not_picked":["FollowUp","PathToVictory","Worship"],"picked":"SKIP","floor":2},{"not_picked":["EmptyBody","Sanctity"],"picked":"ClearTheMind","floor":5},{"not_picked":["TalkToTheHand","Crescendo"],"picked":"Wireheading","floor":6},{"not_picked":["PathToVictory","ClearTheMind"],"picked":"InnerPeace","floor":7}],"player_experience":5883955,"relics_obtained":[{"floor":6,"key":"Shovel"},{"floor":9,"key":"Letter Opener"}],"event_choices":[{"damage_healed":0,"gold_gain":0,"player_choice":"Lose Max HP","damage_taken":0,"relics_obtained":["Golden Idol"],"max_hp_gain":0,"max_hp_loss":6,"event_name":"Golden Idol","floor":3,"gold_loss":0}],"is_beta":false,"boss_relics":[],"items_purged_floors":[4],"is_endless":false,"potions_floor_spawned":[5,7],"killed_by":"Gremlin Nob","ascension_level":20,"potion_discard_per_floor":[[],[],[],[],[],[],[],[],[],[],[]]}