{"neow_bonuses_skipped_log":["RANDOM_COLORLESS","TEN_PERCENT_HP_BONUS","TWENTY_PERCENT_HP_BONUS"],"potions_obtained_entropic_brew":[[],[],[],[],[],[],[],[],[],[],[],[],[],[],[],[],[],[],[],[],[],[],[],[],[],[],[],[],[],[],[],[],[],[],[],[],[],[],[],[],[],[],[],[],[],[],[],[],[],[],[],[],[],[],[],[]],"neow_costs_skipped_log":["NONE","NONE","CURSE"],"gold_per_floor":[99,99,99,99,99,99,99,99,99,99,99,99,99,99,99,99,99,99,99,99,99,99,99,99,99,99,22,22,22,22,22,22,22,22,22,22,22,22,22,22,22,22,22,22,22,22,22,22,22,22,22,22,22,22,22,22],"floor_reached":56,"playtime":3969,"items_purged":[],"score":2309,"play_id":"3644d27b-93c5-419b-a277-0887bb10b841","local_time":"20240209232204","falling_options_log":["Worship","Study+1"],"score_breakdown":["Floors Climbed (56): 280","Enemies Slain (16): 32","Exordium Elites Killed (3): 30","City Elites Killed (3): 60","Beyond Elites Killed (3): 90","Bosses Slain (4): 500","Well Fed: 25","Champion (4): 100","Overkill: 25","C-c-c-combo: 25","Ascension (20): 1142"],"is_ascension_mode":true,"potions_obtained_alchemize":[[],[],[],[],[],[],[],[],[],[],[],[],[],[],[],[],[],[],[],[],[],[],[],[],[],[],[],[],[],[],[],[],[],[],[],[],[],[],[],[],[],[],[],[],[],[],[],[],[],[],[],[],[],[],[],[]],"campfire_choices":[{"data":"ForeignInfluence","floor":6,"key":"SMITH"},{"data":"Eruption","floor":8,"key":"SMITH"},{"data":"EmptyFist","floor":15,"key":"SMITH"},{"data":"Omniscience","floor":24,"key":"SMITH"},{"floor":28,"key":"REST"},{"data":"Study","floor":32,"key":"SMITH"},{"data":"Omniscience","floor":40,"key":"SMITH"},{"floor":49,"key":"RECALL"},{"floor":53,"key":"REST"}],"lesson_learned_per_floor":[[],[],[],[],[],[],[],[],[],[],[],[],[],[],[],[],[],[],[],[],[],[],[],[],[],[],[],[],[],[],[],[],[],[],[],[],[],[],[],[],[],[],[],[],[],[],[],[],[],[],[],[],[],[],[],[]],"neow_cost":"NONE","improvable_cards":{},"seed_source_timestamp":22646437844866,"shop_contents":[{"floor":27,"relics":["Molten Egg 2","Shuriken","Strange Spoon"],"cards":["ReachHeaven","TalkToTheHand","EmptyMind","Perseverance","Panacea","Violence"],"potions":["StancePotion","ColorlessPotion","LiquidBronze"]},{"floor":54,"relics":["TeardropLocket","CloakClasp","Frozen Eye"],"cards":["FlurryOfBlows","CrushJoints","Evaluate","Protect","MasterReality+1","Dark Shackles","Secret Technique"],"potions":["Ambrosia","AttackPotion","AttackPotion"]}],"circlet_count":0,"master_deck":["AscendersBane","Eruption+1","Vigilance","ForeignInfluence+1","ReachHeaven","Study+1","Sanctity","Omniscience+1","FearNoEvil","Worship","Sanctity+1","Worship","MentalFortress+1","Wireheading+1","Omniscience+1","ThirdEye","FlyingSleeves","ThirdEye","CarveReality","Collect","EmptyFist","Adaptation+1","EmptyMind","CutThroughFate+1","DevaForm+1","Enlightenment","Finesse","Alpha","Scrawl"],"potion_use_per_floor":[[],[],[],[],[],[],[],[],[],[],[],[],["Swift Potion"],[],[],[],[],[],[],[],[],[],["Block Potion"],[],[],[],[],[],[],["Block Potion"],[],[],[],[],[],[],["Explosive Potion"],[],[],[],[],[],[],[],[],[],[],["AttackPotion","AttackPotion"],[],["AttackPotion"],["SkillPotion","FairyPotion"],[],[],[],[],["PowerPotion"]],"relics":["Ectoplasm","Singing Bowl","Mercury Hourglass","Orichalcum","Tiny Chest","Runic Pyramid","Blood Vial","GoldenEye","Frozen Egg 2","Ornamental Fan","Pandora\u0027s Box","Potion Belt","Art of War","Oddly Smooth Stone","Vajra","Gremlin Horn"],"potions_floor_usage":[13,23,30,37,48,48,50,51,56],"damage_taken":[{"damage":4,"enemies":"Jaw Worm","floor":1,"turns":4},{"damage":0,"enemies":"Small Slimes","floor":2,"turns":2},{"damage":0,"enemies":"Cultist","floor":4,"turns":2},{"damage":0,"enemies":"Gremlin Nob","floor":7,"turns":2},{"damage":12,"enemies":"Lagavulin","floor":10,"turns":6},{"damage":0,"enemies":"3 Louse","floor":11,"turns":2},{"damage":4,"enemies":"3 Sentries","floor":13,"turns":6},{"damage":0,"enemies":"Exordium Wildlife","floor":14,"turns":2},{"damage":16,"enemies":"Hexaghost","floor":16,"turns":7},{"damage":15,"enemies":"Shell Parasite","floor":18,"turns":3},{"damage":6,"enemies":"Chosen","floor":19,"turns":4},{"damage":7,"enemies":"Centurion and Healer","floor":21,"turns":3},{"damage":9,"enemies":"Book of Stabbing","floor":23,"turns":3},{"damage":14,"enemies":"Slavers","floor":25,"turns":2},{"damage":3,"enemies":"Sentry and Sphere","floor":29,"turns":3},{"damage":15,"enemies":"Shelled Parasite and Fungi","floor":30,"turns":3},{"damage":0,"enemies":"Book of Stabbing","floor":31,"turns":3},{"damage":12,"enemies":"Automaton","floor":33,"turns":6},{"damage":0,"enemies":"3 Darklings","floor":35,"turns":2},{"damage":4,"enemies":"3 Shapes","floor":37,"turns":2},{"damage":0,"enemies":"Maw","floor":38,"turns":6},{"damage":5,"enemies":"Sphere and 2 Shapes","floor":39,"turns":4},{"damage":0,"enemies":"Reptomancer","floor":41,"turns":7},{"damage":0,"enemies":"Giant Head","floor":44,"turns":4},{"damage":8,"enemies":"Writhing Mass","floor":46,"turns":4},{"damage":14,"enemies":"Spire Growth","floor":47,"turns":4},{"damage":9,"enemies":"Reptomancer","floor":48,"turns":4},{"damage":27,"enemies":"Awakened One","floor":50,"turns":10},{"damage":47,"enemies":"Time Eater","floor":51,"turns":9},{"damage":25,"enemies":"Shield and Spear","floor":55,"turns":8},{"damage":67,"enemies":"The Heart","floor":56,"turns":6}],"green_key_taken_log":31,"seed_played":"6129399788748494515","neow_bonus_log":{"cardsObtained":[],"cardsUpgraded":[],"cardsRemoved":[],"cardsTransformed":[],"relicsObtained":["Ectoplasm"],"maxHpGained":0,"goldGained":0,"damageTaken":0,"goldLost":0,"maxHpLost":0},"potions_obtained":[{"floor":2,"key":"FairyPotion"},{"floor":10,"key":"Swift Potion"},{"floor":21,"key":"Block Potion"},{"floor":23,"key":"Block Potion"},{"floor":31,"key":"Explosive Potion"},{"floor":38,"key":"SkillPotion"},{"floor":41,"key":"AttackPotion"},{"floor":46,"key":"AttackPotion"},{"floor":48,"key":"AttackPotion"},{"floor":55,"key":"PowerPotion"}],"is_trial":false,"path_per_floor":["M","M","?","M","?","R","E","R","T","E","M","?","E","M","R","B",null,"M","M","?","M","?","E","R","E","T","$","R","M","M","E","R","B",null,"M","T","M","M","M","R","E","?","T","E","?","M","M","E","R","B","B",null,"R","$","E","B"],"character_chosen":"WATCHER","basemod:card_modifiers":[null,null,null,null,null,null,null,null,null,null,null,null,null,null,null,null,null,null,null,null,null,null,null,null,null,null,null,null,null],"items_purchased":["MentalFortress+1"],"campfire_rested":2,"item_purchase_floors":[27],"current_hp_per_floor":[57,57,57,57,50,50,50,50,50,38,38,38,34,36,36,20,58,45,41,41,34,34,25,25,13,13,13,35,36,25,27,27,17,63,67,67,65,67,64,64,66,66,66,70,62,58,48,41,41,16,6,68,88,88,63,0],"gold":22,"neow_bonus":"BOSS_RELIC","is_prod":false,"is_daily":false,"rewards_skipped":[{"floor":11,"relics":[],"potions":["Weak Potion"]},{"floor":33,"relics":[],"potions":["PowerPotion"]}],"chose_seed":false,"campfire_upgraded":6,"win_rate":0,"floor_exit_playtime":[147,172,174,193,199,205,249,254,256,307,326,337,435,459,465,544,565,607,671,677,711,755,811,818,858,861,871,878,919,970,1006,1013,1150,1191,1237,1244,1295,1409,1483,1494,1684,1697,1700,1804,1834,2053,2160,2299,2302,2700,3002,3012,3019,3023,3405],"timestamp":1707538924,"blue_key_relic_skipped_log":{"floor":36,"relicID":"Shovel"},"path_taken":["M","M","?","M","?","R","E","R","T","E","M","?","E","M","R","BOSS","M","M","?","?","?","E","R","E","T","$","R","M","M","E","R","BOSS","M","?","M","M","M","R","E","?","T","E","?","M","M","E","R","BOSS","BOSS","R","$","E","BOSS"],"build_version":"2022-12-18","purchased_purges":0,"victory":false,"max_hp_per_floor":[68,68,68,68,68,68,68,68,68,68,68,68,68,70,70,70,70,72,74,74,74,74,74,74,74,74,74,74,76,78,78,78,78,78,80,80,80,80,80,80,80,80,80,82,84,86,88,88,88,88,88,88,88,88,88,88],"relic_stats":{"Singing Bowl":20,"Gremlin Horn":[0,0],"counters":[31,132],"Orichalcum":[84],"GoldenEye":[127],"Mercury Hourglass":[456],"Blood Vial":34,"Ornamental Fan":[196],"Tiny Chest":1,"Pandora\u0027s Box":["ThirdEye","FlyingSleeves","ThirdEye","CarveReality","Collect","EmptyFist"],"Ectoplasm":729,"Art of War":[12],"obtain_stats":[{"Potion Belt":41,"Singing Bowl":7,"Gremlin Horn":55,"Oddly Smooth Stone":44,"Vajra":48,"Orichalcum":10,"Frozen Egg 2":26,"GoldenEye":25,"Mercury Hourglass":9,"Blood Vial":23,"Ornamental Fan":31,"Tiny Chest":13,"Pandora\u0027s Box":34,"Ectoplasm":0,"Art of War":43,"PureWater":0,"Runic Pyramid":17},{"Potion Belt":23,"Singing Bowl":4,"Gremlin Horn":30,"Oddly Smooth Stone":24,"Vajra":27,"Orichalcum":5,"Frozen Egg 2":14,"GoldenEye":14,"Mercury Hourglass":4,"Blood Vial":13,"Ornamental Fan":17,"Tiny Chest":7,"Pandora\u0027s Box":18,"Ectoplasm":0,"Art of War":23,"PureWater":0,"Runic Pyramid":9},{"Potion Belt":83,"Singing Bowl":10,"Gremlin Horn":126,"Oddly Smooth Stone":87,"Vajra":99,"Orichalcum":15,"Frozen Egg 2":47,"GoldenEye":47,"Mercury Hourglass":10,"Blood Vial":45,"Ornamental Fan":56,"Tiny Chest":23,"Pandora\u0027s Box":62,"Ectoplasm":0,"Art of War":83,"PureWater":0,"Runic Pyramid":32}]},"card_choices":[{"not_picked":["Consecrate","ThirdEye","BattleHymn"],"picked":"SKIP","floor":1},{"not_picked":["ThirdEye","Vengeance"],"picked":"ForeignInfluence","floor":2},{"not_picked":["Halt","JustLucky","ThirdEye"],"picked":"SKIP","floor":4},{"not_picked":["CarveReality","BowlingBash"],"picked":"ReachHeaven","floor":7},{"not_picked":["PathToVictory","Wish"],"picked":"Study","floor":10},{"not_picked":["FlurryOfBlows","PathToVictory"],"picked":"Sanctity","floor":11},{"not_picked":["ClearTheMind","Crescendo"],"picked":"EmptyFist","floor":13},{"not_picked":["FlyingSleeves","BowlingBash","Crescendo"],"picked":"Singing Bowl","floor":14},{"not_picked":["MasterReality","DeusExMachina"],"picked":"Omniscience","floor":16},{"not_picked":["EmptyBody","EmptyFist","SashWhip"],"picked":"Singing Bowl","floor":18},{"not_picked":["LikeWater","Consecrate","PathToVictory"],"picked":"Singing Bowl","floor":19},{"not_picked":["Evaluate","EmptyBody"],"picked":"FearNoEvil","floor":21},{"not_picked":["Halt","FearNoEvil","BattleHymn","Weave","Evaluate","ClearTheMind","Crescendo","PathToVictory","Study","Sanctity","JustLucky","Prostrate","BowlingBash","CutThroughFate","Conclude","CrushJoints","Consecrate","Indignation","EmptyBody"],"picked":"Worship","floor":22},{"not_picked":["ThirdEye","Pray"],"picked":"Sanctity+1","floor":23},{"not_picked":["CrushJoints","WreathOfFlame"],"picked":"Worship","floor":25},{"not_picked":["Indignation","Fasting2+1","PathToVictory"],"picked":"Singing Bowl","floor":29},{"not_picked":["FlyingSleeves","Swivel","Perseverance"],"picked":"Singing Bowl","floor":30},{"not_picked":["EmptyBody","Establishment+1"],"picked":"Wireheading+1","floor":31},{"not_picked":["SpiritShield","Alpha"],"picked":"Omniscience","floor":33},{"not_picked":["Consecrate","FearNoEvil","ThirdEye"],"picked":"Singing Bowl","floor":35},{"not_picked":["CrushJoints","Study+1"],"picked":"Adaptation+1","floor":37},{"not_picked":["BowlingBash","Study+1"],"picked":"EmptyMind","floor":38},{"not_picked":["FollowUp","ThirdEye"],"picked":"CutThroughFate+1","floor":39},{"not_picked":["Indignation","SashWhip+1"],"picked":"DevaForm+1","floor":41},{"not_picked":["CarveReality","FollowUp","JustLucky"],"picked":"Singing Bowl","floor":44},{"not_picked":["Impatience","Finesse"],"picked":"Enlightenment","floor":45},{"not_picked":["Blind","Forethought"],"picked":"Finesse","floor":45},{"not_picked":["Bandage Up","Jack Of All Trades","Enlightenment"],"picked":"Singing Bowl","floor":45},{"not_picked":["CrushJoints+1","Evaluate","Crescendo"],"picked":"Singing Bowl","floor":46},{"not_picked":["WindmillStrike","Consecrate+1","JustLucky+1"],"picked":"Singing Bowl","floor":47},{"not_picked":["EmptyFist","Evaluate"],"picked":"Alpha","floor":48},{"not_picked":["Adaptation+1","Nirvana+1"],"picked":"Scrawl","floor":55}],"player_experience":5956440,"relics_obtained":[{"floor":7,"key":"Singing Bowl"},{"floor":9,"key":"Mercury Hourglass"},{"floor":10,"key":"Orichalcum"},{"floor":13,"key":"Tiny Chest"},{"floor":23,"key":"Blood Vial"},{"floor":25,"key":"GoldenEye"},{"floor":26,"key":"Frozen Egg 2"},{"floor":31,"key":"Ornamental Fan"},{"floor":41,"key":"Potion Belt"},{"floor":43,"key":"Art of War"},{"floor":44,"key":"Oddly Smooth Stone"},{"floor":48,"key":"Vajra"},{"floor":55,"key":"Gremlin Horn"}],"event_choices":[{"damage_healed":0,"gold_gain":0,"player_choice":"Ignored","damage_taken":0,"max_hp_gain":0,"max_hp_loss":0,"event_name":"Liars Game","floor":3,"gold_loss":0},{"cards_removed":["Defend_P"],"damage_healed":0,"gold_gain":0,"player_choice":"Card Removal","damage_taken":7,"max_hp_gain":0,"max_hp_loss":0,"event_name":"Golden Wing","floor":5,"gold_loss":0},{"damage_healed":0,"gold_gain":0,"player_choice":"Leave","damage_taken":0,"max_hp_gain":0,"max_hp_loss":0,"event_name":"The Cleric","floor":12,"gold_loss":0},{"cards_removed":["Defend_P"],"damage_healed":0,"gold_gain":0,"player_choice":"Purged","damage_taken":0,"max_hp_gain":0,"max_hp_loss":0,"event_name":"Purifier","floor":20,"gold_loss":0},{"damage_healed":0,"gold_gain":0,"player_choice":"Read","damage_taken":0,"max_hp_gain":0,"max_hp_loss":0,"event_name":"The Library","floor":22,"gold_loss":0,"cards_obtained":["Worship"]},{"cards_removed":["EmptyFist"],"damage_healed":0,"gold_gain":0,"player_choice":"Removed Attack","damage_taken":0,"max_hp_gain":0,"max_hp_loss":0,"event_name":"Falling","floor":42,"gold_loss":0},{"damage_healed":0,"gold_gain":0,"player_choice":"Memory 3","damage_taken":10,"max_hp_gain":0,"max_hp_loss":0,"event_name":"SensoryStone","floor":45,"gold_loss":0}],"is_beta":false,"boss_relics":[{"not_picked":["VioletLotus","Cursed Key"],"picked":"Runic Pyramid"},{"not_picked":["Philosopher\u0027s Stone","Busted Crown"],"picked":"Pandora\u0027s Box"}],"items_purged_floors":[],"is_endless":false,"potions_floor_spawned":[2,10,11,21,23,31,33,38,41,46,48,55],"killed_by":"The Heart","ascension_level":20,"potion_discard_per_floor":[[],[],[],[],[],[],[],[],[],[],[],[],[],[],[],[],[],[],[],[],[],[],[],[],[],[],[],[],[],[],[],[],[],[],[],[],[],[],[],[],[],[],[],[],[],[],[],[],[],[],[],[],[],[],[],[]]}