{"neow_bonuses_skipped_log":["THREE_CARDS","ONE_RARE_RELIC","BOSS_RELIC"],"potions_obtained_entropic_brew":[[],[],[],[],[],[],[],[],[],[],[],[],[],[],[],[],[],[],[],[],[],[],[]],"neow_costs_skipped_log":["NONE","NO_GOLD","NONE"],"gold_per_floor":[111,121,46,56,68,68,101,101,101,136,148,160,190,220,232,321,333,357,380,154,54,54,54],"floor_reached":23,"playtime":905,"items_purged":["Alpha","Protect"],"score":402,"play_id":"9ad8a9ab-9e39-490d-a580-b106278e8dee","local_time":"20240211015231","score_breakdown":["Floors Climbed (23): 115","Enemies Slain (8): 16","Exordium Elites Killed (2): 20","City Elites Killed (0): 0","Bosses Slain (1): 50","Ascension (20): 201"],"is_ascension_mode":true,"potions_obtained_alchemize":[[],[],[],[],[],[],[],[],[],[],[],[],[],[],[],[],[],[],[],[],[],[],[]],"campfire_choices":[{"data":"Eruption","floor":6,"key":"SMITH"},{"data":"EmptyFist","floor":12,"key":"SMITH"},{"data":"Meditate","floor":15,"key":"SMITH"}],"lesson_learned_per_floor":[[],[],[],[],[],[],[],[],[],[],[],[],[],[],[],[],[],[],[],[],[],[],[]],"neow_cost":"NONE","improvable_cards":{},"seed_source_timestamp":19105248128349,"shop_contents":[{"floor":20,"relics":["Anchor","Strawberry"],"cards":["Ragnarok","SashWhip","Evaluate","WaveOfTheHand","Wireheading","Panacea","Sadistic Nature"],"potions":["Fire Potion","Swift Potion","EssenceOfSteel"]},{"floor":21,"relics":["Art of War","Bag of Marbles","Membership Card"],"cards":["JustLucky","CrushJoints","ClearTheMind","EmptyBody","Adaptation","Dramatic Entrance","The Bomb"],"potions":["AttackPotion","Weak Potion","StancePotion"]}],"circlet_count":0,"master_deck":["AscendersBane","Eruption+1","Vigilance","Adaptation","EmptyFist+1","Meditate+1","DeusExMachina","Study","Wallop","Fasting2","JustLucky","Protect","DeceiveReality","LessonLearned","Tantrum"],"potion_use_per_floor":[[],[],[],[],[],[],["Strength Potion"],[],[],["Strength Potion"],[],[],[],[],[],[],[],[],["Regen Potion"],[],[],[],["SpeedPotion"]],"relics":["PureWater","Happy Flower","Pear","Pantograph","MawBank","Pandora\u0027s Box","Orrery"],"potions_floor_usage":[7,10,19,23],"damage_taken":[{"damage":1,"enemies":"Small Slimes","floor":1,"turns":4},{"damage":0,"enemies":"2 Louse","floor":2,"turns":2},{"damage":0,"enemies":"Cultist","floor":4,"turns":4},{"damage":12,"enemies":"Lots of Slimes","floor":5,"turns":4},{"damage":2,"enemies":"Lagavulin","floor":7,"turns":5},{"damage":15,"enemies":"3 Sentries","floor":10,"turns":6},{"damage":7,"enemies":"2 Fungi Beasts","floor":13,"turns":3},{"damage":6,"enemies":"Blue Slaver","floor":14,"turns":4},{"damage":2,"enemies":"The Guardian","floor":16,"turns":12},{"damage":35,"enemies":"Chosen","floor":18,"turns":4},{"damage":11,"enemies":"3 Byrds","floor":19,"turns":7},{"damage":47,"enemies":"Slavers","floor":23,"turns":2}],"green_key_taken_log":10,"seed_played":"3001025178238789667","neow_bonus_log":{"cardsObtained":[],"cardsUpgraded":[],"cardsRemoved":[],"cardsTransformed":[],"relicsObtained":["Happy Flower"],"maxHpGained":0,"goldGained":0,"damageTaken":0,"goldLost":0,"maxHpLost":0},"potions_obtained":[{"floor":1,"key":"Strength Potion"},{"floor":5,"key":"Strength Potion"},{"floor":14,"key":"SpeedPotion"},{"floor":16,"key":"Regen Potion"}],"is_trial":false,"path_per_floor":["M","M","?","M","M","R","E","?","T","E","?","R","M","M","R","B",null,"M","M","$","$","?","E"],"character_chosen":"WATCHER","basemod:card_modifiers":[null,null,null,null,null,null,null,null,null,null,null,null,null,null,null],"items_purchased":["Orrery"],"campfire_rested":0,"item_purchase_floors":[20],"current_hp_per_floor":[60,60,60,60,48,48,56,38,38,23,23,23,16,10,10,33,67,32,36,36,36,36,0],"gold":54,"neow_bonus":"RANDOM_COMMON_RELIC","is_prod":false,"is_daily":false,"rewards_skipped":[{"floor":18,"relics":[],"potions":["SmokeBomb"]}],"chose_seed":false,"campfire_upgraded":3,"win_rate":0,"floor_exit_playtime":[58,78,82,116,169,175,221,226,229,317,325,331,361,400,406,576,621,678,790,828,844,848],"timestamp":1707634351,"blue_key_relic_skipped_log":{"floor":9,"relicID":"Matryoshka"},"path_taken":["M","M","?","M","M","R","E","?","T","E","?","R","M","M","R","BOSS","M","?","?","$","?","E"],"build_version":"2022-12-18","purchased_purges":2,"victory":false,"max_hp_per_floor":[68,68,68,68,68,68,78,78,78,78,78,78,78,78,78,78,78,78,78,78,78,78,78],"relic_stats":{"Happy Flower":[19],"counters":[12,57],"Pantograph":25,"Pandora\u0027s Box":["Wallop","Protect","Fasting2","JustLucky","Alpha","Protect"],"PureWater":[7],"MawBank":120,"obtain_stats":[{"Pear":7,"Happy Flower":0,"Pantograph":8,"Orrery":20,"Pandora\u0027s Box":17,"PureWater":0,"MawBank":10},{"Pear":5,"Happy Flower":0,"Pantograph":5,"Orrery":11,"Pandora\u0027s Box":9,"PureWater":0,"MawBank":6},{"Pear":19,"Happy Flower":0,"Pantograph":19,"Orrery":55,"Pandora\u0027s Box":44,"PureWater":0,"MawBank":25}]},"card_choices":[{"not_picked":["CrushJoints","FlurryOfBlows"],"picked":"Adaptation","floor":1},{"not_picked":["ClearTheMind","EmptyBody"],"picked":"EmptyFist","floor":2},{"not_picked":["PathToVictory","Vengeance"],"picked":"Meditate","floor":4},{"not_picked":["Evaluate","SashWhip","PathToVictory"],"picked":"SKIP","floor":5},{"not_picked":["Prostrate","Nirvana"],"picked":"DeusExMachina","floor":7},{"not_picked":["Swivel","Prostrate","FollowUp"],"picked":"SKIP","floor":13},{"not_picked":["DevaForm","Omniscience","ConjureBlade"],"picked":"SKIP","floor":16},{"not_picked":["Crescendo","Weave","ThirdEye"],"picked":"SKIP","floor":18},{"not_picked":["FollowUp","FlyingSleeves","Collect"],"picked":"SKIP","floor":19},{"not_picked":["Fasting2","SpiritShield"],"picked":"DeceiveReality","floor":20},{"not_picked":["EmptyBody","ThirdEye"],"picked":"LessonLearned","floor":20},{"not_picked":["WheelKick","WindmillStrike"],"picked":"Tantrum","floor":20},{"not_picked":["Collect","Study","CrushJoints"],"picked":"SKIP","floor":20},{"not_picked":["Evaluate","Consecrate","CarveReality"],"picked":"SKIP","floor":20}],"player_experience":6000000,"relics_obtained":[{"floor":7,"key":"Pear"},{"floor":10,"key":"MawBank"}],"event_choices":[{"cards_removed":["Defend_P"],"damage_healed":0,"gold_gain":0,"player_choice":"Card Removal","damage_taken":0,"max_hp_gain":0,"max_hp_loss":0,"event_name":"The Cleric","floor":3,"gold_loss":75},{"damage_healed":0,"gold_gain":0,"player_choice":"Success","damage_taken":18,"relics_obtained":["Pantograph"],"max_hp_gain":0,"max_hp_loss":0,"event_name":"Scrap Ooze","floor":8,"gold_loss":0},{"damage_healed":0,"gold_gain":0,"cards_transformed":["Strike_P"],"player_choice":"Transformed","damage_taken":0,"max_hp_gain":0,"max_hp_loss":0,"event_name":"Transmorgrifier","floor":11,"gold_loss":0,"cards_obtained":["Study"]},{"damage_healed":0,"gold_gain":0,"player_choice":"Ignored","damage_taken":0,"max_hp_gain":0,"max_hp_loss":0,"event_name":"Vampires","floor":22,"gold_loss":0}],"is_beta":false,"boss_relics":[{"not_picked":["Empty Cage","Runic Dome"],"picked":"Pandora\u0027s Box"}],"items_purged_floors":[20,21],"is_endless":false,"potions_floor_spawned":[1,5,14,16,18],"killed_by":"Slavers","ascension_level":20,"potion_discard_per_floor":[[],[],[],[],[],[],[],[],[],[],[],[],[],[],[],[],[],[],[],[],[],[],[]]}