{"neow_bonuses_skipped_log":["ONE_RANDOM_RARE_CARD","THREE_SMALL_POTIONS","THREE_RARE_CARDS"],"potions_obtained_entropic_brew":[[],[],[],[],[],[],[],[],[],[],[],[],[],[],[],[],[],[],[],[],[],[],[],["Regen Potion","AttackPotion"],[],[],[],[],[],[],[],[],[],[],[],[],[],[],[],[],[],[],[],[],[],[],[],[],[],[],[],[],[],[],[],[],[]],"neow_costs_skipped_log":["NONE","NONE","CURSE"],"gold_per_floor":[118,118,118,35,53,84,84,117,186,186,220,220,245,271,271,349,349,367,396,157,177,227,227,258,273,296,326,251,268,268,168,168,240,240,259,134,134,150,166,196,196,229,279,296,296,327,341,361,361,361,361,361,361,43,68,68],"floor_reached":57,"playtime":2813,"items_purged":["Defend_P","Defend_P","Strike_P","FlyingSleeves"],"score":2808,"play_id":"cf2213f9-da60-47bf-a7ce-713ef00fda5d","local_time":"20240210031319","score_breakdown":["Floors Climbed (57): 285","Enemies Slain (12): 24","Exordium Elites Killed (4): 40","City Elites Killed (2): 40","Beyond Elites Killed (3): 90","Bosses Slain (5): 750","Speedster: 25","Well Fed: 25","Champion (1): 25","Ascension (20): 1254","Heartbreaker: 250"],"is_ascension_mode":true,"potions_obtained_alchemize":[[],[],[],[],[],[],[],[],[],[],[],[],[],[],[],[],[],[],[],[],[],[],[],[],[],[],[],[],[],[],[],[],[],[],[],[],[],[],[],[],[],[],[],[],[],[],[],[],[],[],[],[],[],[],[],[],[]],"campfire_choices":[{"floor":7,"key":"REST"},{"floor":10,"key":"REST"},{"data":"Eruption","floor":15,"key":"SMITH"},{"data":"1","floor":23,"key":"LIFT"},{"data":"2","floor":30,"key":"LIFT"},{"data":"3","floor":32,"key":"LIFT"},{"data":"EmptyMind","floor":41,"key":"SMITH"},{"floor":45,"key":"RECALL"},{"data":"MentalFortress","floor":49,"key":"SMITH"},{"data":"MentalFortress","floor":53,"key":"SMITH"}],"lesson_learned_per_floor":[[],[],[],[],[],[],[],[],[],[],[],[],[],[],[],[],[],[],[],[],[],[],[],[],[],[],[],[],[],[],[],[],[],[],[],[],[],[],[],[],[],[],[],[],[],[],[],[],[],[],[],[],[],[],[],[],[]],"neow_cost":"NONE","improvable_cards":{},"seed_source_timestamp":37669772846814,"shop_contents":[{"floor":4,"relics":["Thread and Needle","Frozen Egg 2","Orrery"],"cards":["CutThroughFate","Conclude","Sanctity","EmptyBody","Enlightenment","The Bomb"],"potions":["GamblersBrew","BottledMiracle","LiquidBronze"]},{"floor":20,"relics":["GoldenEye","HandDrill"],"cards":["SashWhip","Consecrate","PathToVictory","Collect","LikeWater","Jack Of All Trades","Violence"],"potions":["BottledMiracle","Weak Potion","BottledMiracle"]},{"floor":31,"relics":["Pen Nib","White Beast Statue","Frozen Eye"],"cards":["FlyingSleeves","BowlingBash","Perseverance","DeusExMachina","Fasting2","Discovery","Chrysalis"],"potions":["Dexterity Potion","Ancient Potion","SpeedPotion"]},{"floor":36,"relics":["Eternal Feather","Boot","DollysMirror"],"cards":["FollowUp","SandsOfTime","Perseverance","Alpha","LikeWater","PanicButton","Transmutation"],"potions":["Explosive Potion","ColorlessPotion","EssenceOfSteel"]},{"floor":54,"relics":["Bronze Scales","Mercury Hourglass"],"cards":["LessonLearned","FlurryOfBlows","ThirdEye+1","Collect+1","Nirvana","Mind Blast","Violence+1"],"potions":["Energy Potion","Dexterity Potion","EntropicBrew"]}],"circlet_count":0,"master_deck":["AscendersBane","Strike_P","Strike_P","Strike_P","Eruption+1","Vigilance","Adaptation","EmptyFist","SandsOfTime","DeceiveReality","Crescendo","Tantrum","Halt","ClearTheMind","CutThroughFate","EmptyMind+1","Wireheading","Scrawl+1","Sanctity+1","Parasite","MentalFortress+1","MentalFortress+1"],"potion_use_per_floor":[[],[],[],[],[],[],[],["Explosive Potion"],[],[],[],[],[],["Ancient Potion"],[],[],[],[],["Block Potion","SpeedPotion"],[],[],[],[],["Explosive Potion","EntropicBrew","AttackPotion"],[],[],[],[],["Regen Potion"],[],[],[],[],[],[],[],[],[],[],[],[],[],[],[],[],[],[],[],[],[],[],[],[],[],["Swift Potion"],["Weak Potion","Energy Potion"],[]],"relics":["Runic Dome","Lantern","Regal Pillow","StrikeDummy","Pear","Girya","Odd Mushroom","Runic Pyramid","Red Mask","Akabeko","Meat on the Bone","Ancient Tea Set","Ornamental Fan","Coffee Dripper","Anchor","Toxic Egg 2","Blood Vial","Lee\u0027s Waffle","Strawberry"],"potions_floor_usage":[8,14,19,19,24,24,24,29,55,56,56],"damage_taken":[{"damage":4,"enemies":"Small Slimes","floor":1,"turns":4},{"damage":0,"enemies":"2 Louse","floor":5,"turns":3},{"damage":40,"enemies":"Lagavulin","floor":6,"turns":7},{"damage":32,"enemies":"3 Sentries","floor":8,"turns":6},{"damage":2,"enemies":"Lagavulin","floor":11,"turns":5},{"damage":12,"enemies":"3 Sentries","floor":13,"turns":6},{"damage":17,"enemies":"The Mushroom Lair","floor":14,"turns":3},{"damage":3,"enemies":"The Guardian","floor":16,"turns":11},{"damage":0,"enemies":"Chosen","floor":18,"turns":3},{"damage":23,"enemies":"Masked Bandits","floor":19,"turns":5},{"damage":8,"enemies":"3 Byrds","floor":21,"turns":4},{"damage":0,"enemies":"Gremlin Leader","floor":24,"turns":3},{"damage":0,"enemies":"3 Cultists","floor":25,"turns":3},{"damage":22,"enemies":"Book of Stabbing","floor":27,"turns":4},{"damage":20,"enemies":"Centurion and Healer","floor":29,"turns":6},{"damage":13,"enemies":"Automaton","floor":33,"turns":6},{"damage":0,"enemies":"Orb Walker","floor":35,"turns":1},{"damage":4,"enemies":"3 Darklings","floor":38,"turns":2},{"damage":18,"enemies":"Spire Growth","floor":39,"turns":3},{"damage":18,"enemies":"Reptomancer","floor":40,"turns":4},{"damage":11,"enemies":"Nemesis","floor":42,"turns":3},{"damage":0,"enemies":"Jaw Worm Horde","floor":44,"turns":2},{"damage":22,"enemies":"Reptomancer","floor":46,"turns":4},{"damage":0,"enemies":"Writhing Mass","floor":47,"turns":3},{"damage":0,"enemies":"4 Shapes","floor":48,"turns":6},{"damage":15,"enemies":"Donu and Deca","floor":50,"turns":7},{"damage":29,"enemies":"Awakened One","floor":51,"turns":9},{"damage":19,"enemies":"Shield and Spear","floor":55,"turns":8},{"damage":75,"enemies":"The Heart","floor":56,"turns":10}],"green_key_taken_log":24,"seed_played":"-4462598456442908975","neow_bonus_log":{"cardsObtained":[],"cardsUpgraded":[],"cardsRemoved":[],"cardsTransformed":[],"relicsObtained":["Runic Dome"],"maxHpGained":0,"goldGained":0,"damageTaken":0,"goldLost":0,"maxHpLost":0},"potions_obtained":[{"floor":1,"key":"Explosive Potion"},{"floor":8,"key":"SpeedPotion"},{"floor":11,"key":"Ancient Potion"},{"floor":14,"key":"Block Potion"},{"floor":19,"key":"EntropicBrew"},{"floor":21,"key":"Explosive Potion"},{"floor":24,"key":"Weak Potion"},{"floor":39,"key":"Weak Potion"},{"floor":47,"key":"Swift Potion"},{"floor":55,"key":"Energy Potion"}],"is_trial":false,"path_per_floor":["M","?","?","$","M","E","R","E","T","R","E","?","E","?","R","B",null,"M","?","$","M","?","R","E","M","T","E","?","M","R","$","R","B",null,"M","$","?","M","M","E","R","E","T","M","R","E","M","M","R","B","B",null,"R","$","E","B",null],"character_chosen":"WATCHER","basemod:card_modifiers":[null,null,null,null,null,null,null,null,null,null,null,null,null,null,null,null,null,null,null,null,null,null],"items_purchased":["Adaptation","Akabeko","Lee\u0027s Waffle"],"campfire_rested":2,"item_purchase_floors":[4,20,54],"current_hp_per_floor":[57,57,62,62,62,22,43,11,11,47,55,55,43,26,26,23,68,68,45,45,37,29,29,29,41,41,31,31,38,38,38,38,37,72,72,72,72,68,50,44,44,45,45,45,45,35,49,51,51,50,35,71,71,90,78,17],"gold":68,"neow_bonus":"BOSS_RELIC","is_prod":false,"is_daily":false,"rewards_skipped":[{"floor":48,"relics":[],"potions":["Block Potion"]}],"chose_seed":false,"campfire_upgraded":4,"win_rate":0,"floor_exit_playtime":[48,60,64,71,98,177,180,305,307,311,378,388,453,505,511,606,626,664,741,784,869,873,880,940,983,987,1055,1060,1125,1130,1150,1157,1267,1288,1300,1311,1314,1403,1443,1518,1525,1609,1613,1672,1676,1766,1822,1981,1988,2146,2316,2328,2337,2389,2550,2813],"timestamp":1707552799,"blue_key_relic_skipped_log":{"floor":43,"relicID":"Smiling Mask"},"path_taken":["M","?","?","$","M","E","R","E","T","R","E","?","E","?","R","BOSS","M","?","$","M","?","R","E","?","T","E","?","M","R","$","R","BOSS","M","$","?","M","?","E","R","E","T","M","R","E","M","M","R","BOSS","BOSS","R","$","E","BOSS"],"build_version":"2022-12-18","purchased_purges":4,"victory":true,"max_hp_per_floor":[68,68,73,73,73,73,73,73,73,73,83,83,83,83,83,83,83,83,83,83,83,83,83,83,83,83,83,83,83,83,83,83,83,83,83,83,83,83,83,83,83,83,83,83,83,83,83,83,83,83,83,83,83,90,97,97],"relic_stats":{"Blood Vial":10,"Girya":3,"Regal Pillow":15,"Lee\u0027s Waffle":19,"counters":[29,141],"Ornamental Fan":[216],"Ancient Tea Set":[10],"obtain_stats":[{"Girya":13,"Lantern":6,"Regal Pillow":8,"Lee\u0027s Waffle":54,"Pear":11,"Odd Mushroom":14,"Ancient Tea Set":26,"Akabeko":20,"Blood Vial":46,"Runic Dome":0,"Anchor":40,"Ornamental Fan":27,"Strawberry":55,"Red Mask":19,"Coffee Dripper":34,"PureWater":0,"Toxic Egg 2":42,"StrikeDummy":9,"Runic Pyramid":17,"Meat on the Bone":24},{"Girya":6,"Lantern":3,"Regal Pillow":4,"Lee\u0027s Waffle":27,"Pear":5,"Odd Mushroom":7,"Ancient Tea Set":13,"Akabeko":10,"Blood Vial":23,"Runic Dome":0,"Anchor":20,"Ornamental Fan":14,"Strawberry":28,"Red Mask":10,"Coffee Dripper":16,"PureWater":0,"Toxic Egg 2":21,"StrikeDummy":4,"Runic Pyramid":8,"Meat on the Bone":12},{"Girya":31,"Lantern":14,"Regal Pillow":20,"Lee\u0027s Waffle":123,"Pear":25,"Odd Mushroom":34,"Ancient Tea Set":63,"Akabeko":53,"Blood Vial":98,"Runic Dome":0,"Anchor":89,"Ornamental Fan":67,"Strawberry":131,"Red Mask":53,"Coffee Dripper":79,"PureWater":0,"Toxic Egg 2":92,"StrikeDummy":20,"Runic Pyramid":45,"Meat on the Bone":60}],"Meat on the Bone":132},"card_choices":[{"not_picked":["Perseverance","SashWhip","Halt"],"picked":"SKIP","floor":1},{"not_picked":["ForeignInfluence","Protect"],"picked":"EmptyFist","floor":5},{"not_picked":["DeusExMachina","LikeWater","Collect"],"picked":"SKIP","floor":6},{"not_picked":["ThirdEye","ClearTheMind"],"picked":"SandsOfTime","floor":8},{"not_picked":["Evaluate","Collect","FlyingSleeves"],"picked":"SKIP","floor":11},{"not_picked":["Consecrate","Ragnarok","Evaluate"],"picked":"SKIP","floor":13},{"not_picked":["Evaluate","Crescendo"],"picked":"DeceiveReality","floor":14},{"not_picked":["MasterReality","Omniscience","SpiritShield"],"picked":"SKIP","floor":16},{"not_picked":["Fasting2","Vengeance","Perseverance"],"picked":"SKIP","floor":18},{"not_picked":["Protect","Adaptation"],"picked":"Crescendo","floor":19},{"not_picked":["CrushJoints","ClearTheMind"],"picked":"Tantrum","floor":21},{"not_picked":["Crescendo+1","ThirdEye","SandsOfTime+1"],"picked":"SKIP","floor":24},{"not_picked":["Wallop","LikeWater"],"picked":"Halt","floor":25},{"not_picked":["EmptyFist+1","Conclude"],"picked":"ClearTheMind","floor":27},{"not_picked":["JustLucky","Indignation+1"],"picked":"CutThroughFate","floor":29},{"not_picked":["Establishment","Judgement","Devotion"],"picked":"SKIP","floor":33},{"not_picked":["Protect+1","SashWhip","Crescendo+1"],"picked":"SKIP","floor":35},{"not_picked":["Protect","SpiritShield","Perseverance"],"picked":"SKIP","floor":38},{"not_picked":["ForeignInfluence","EmptyFist+1"],"picked":"EmptyMind","floor":39},{"not_picked":["Consecrate","ClearTheMind+1"],"picked":"Wireheading","floor":42},{"not_picked":["FearNoEvil","Swivel+1"],"picked":"Scrawl+1","floor":44},{"not_picked":["Swivel+1","Judgement+1"],"picked":"Sanctity+1","floor":46},{"not_picked":["Indignation+1","Wallop"],"picked":"MentalFortress","floor":47},{"not_picked":["Halt+1","JustLucky"],"picked":"MentalFortress","floor":48}],"player_experience":5975494,"relics_obtained":[{"floor":6,"key":"Lantern"},{"floor":8,"key":"Regal Pillow"},{"floor":9,"key":"StrikeDummy"},{"floor":11,"key":"Pear"},{"floor":13,"key":"Girya"},{"floor":14,"key":"Odd Mushroom"},{"floor":19,"key":"Red Mask"},{"floor":24,"key":"Meat on the Bone"},{"floor":26,"key":"Ancient Tea Set"},{"floor":27,"key":"Ornamental Fan"},{"floor":40,"key":"Anchor"},{"floor":42,"key":"Toxic Egg 2"},{"floor":46,"key":"Blood Vial"},{"floor":55,"key":"Strawberry"}],"event_choices":[{"damage_healed":0,"gold_gain":0,"cards_transformed":["Defend_P"],"player_choice":"Change","damage_taken":0,"max_hp_gain":0,"max_hp_loss":0,"event_name":"Living Wall","floor":2,"gold_loss":0,"cards_obtained":["FlyingSleeves"]},{"damage_healed":0,"gold_gain":0,"player_choice":"Donut","damage_taken":0,"max_hp_gain":5,"max_hp_loss":0,"event_name":"Big Fish","floor":3,"gold_loss":0},{"damage_healed":0,"gold_gain":0,"player_choice":"Searched \u00270\u0027 times","damage_taken":0,"max_hp_gain":0,"max_hp_loss":0,"event_name":"Dead Adventurer","floor":12,"gold_loss":0},{"damage_healed":0,"gold_gain":0,"player_choice":"Fought Mushrooms","damage_taken":0,"max_hp_gain":0,"max_hp_loss":0,"event_name":"Mushrooms","floor":14,"gold_loss":0},{"damage_healed":0,"gold_gain":0,"player_choice":"Fought Bandits","damage_taken":0,"max_hp_gain":0,"max_hp_loss":0,"event_name":"Masked Bandits","floor":19,"gold_loss":0},{"damage_healed":0,"gold_gain":50,"player_choice":"Touch","damage_taken":8,"max_hp_gain":0,"max_hp_loss":0,"event_name":"FaceTrader","floor":22,"gold_loss":0},{"cards_removed":["Defend_P"],"damage_healed":0,"gold_gain":0,"player_choice":"Gave Gold","damage_taken":0,"max_hp_gain":0,"max_hp_loss":0,"event_name":"Beggar","floor":28,"gold_loss":75},{"damage_healed":0,"gold_gain":0,"player_choice":"Ignored","damage_taken":0,"max_hp_gain":0,"max_hp_loss":0,"event_name":"SecretPortal","floor":37,"gold_loss":0}],"is_beta":false,"boss_relics":[{"not_picked":["SacredBark","Sozu"],"picked":"Runic Pyramid"},{"not_picked":["Busted Crown","Calling Bell"],"picked":"Coffee Dripper"}],"items_purged_floors":[20,31,36,54],"is_endless":false,"potions_floor_spawned":[1,8,11,14,19,21,24,39,47,48,55],"ascension_level":20,"potion_discard_per_floor":[[],[],[],[],[],[],[],[],[],[],[],[],[],[],[],[],[],[],[],[],[],[],[],[],[],[],[],[],[],[],[],[],[],[],[],[],[],[],[],[],[],[],[],[],[],[],["Weak Potion"],[],[],[],[],[],[],[],[],[],[]]}