{"neow_bonuses_skipped_log":["HUNDRED_GOLD","THREE_RARE_CARDS","BOSS_RELIC"],"potions_obtained_entropic_brew":[[],[],[],[],[],[],[],[],[],[],[],[],[],[],[],[],[],[],[],[],[],[],[],[],[],[],[],[],[],[],[],[],[],[],[],[],[],[],[],[],[],[],[],[],[],[],[],[],[],[],[],[],[],[],[],[],[]],"neow_costs_skipped_log":["NONE","TEN_PERCENT_HP_LOSS","NONE"],"gold_per_floor":[113,128,128,53,70,70,97,108,108,108,120,153,170,187,187,260,260,271,271,196,215,233,233,49,49,49,78,94,122,147,164,164,237,237,249,266,141,141,186,186,219,69,69,69,98,108,122,151,151,151,151,151,151,39,66,66],"floor_reached":57,"playtime":4729,"items_purged":["Defend_P","Strike_P","ThirdEye","ReachHeaven"],"score":3174,"play_id":"0535f842-e63b-4a10-82e1-8896873526b3","local_time":"20240209205317","score_breakdown":["Floors Climbed (57): 285","Enemies Slain (16): 32","Exordium Elites Killed (2): 20","City Elites Killed (3): 60","Beyond Elites Killed (3): 90","Bosses Slain (5): 750","Champion (4): 100","Perfect (2): 100","C-c-c-combo: 25","Ascension (20): 1462","Heartbreaker: 250"],"is_ascension_mode":true,"potions_obtained_alchemize":[[],[],[],[],[],[],[],[],[],[],[],[],[],[],[],[],[],[],[],[],[],[],[],[],[],[],[],[],[],[],[],[],[],[],[],[],[],[],[],[],[],[],[],[],[],[],[],[],[],[],[],[],[],[],[],[],[]],"campfire_choices":[{"data":"Eruption","floor":6,"key":"SMITH"},{"data":"CutThroughFate","floor":10,"key":"SMITH"},{"data":"TalkToTheHand","floor":15,"key":"SMITH"},{"data":"Crescendo","floor":23,"key":"SMITH"},{"data":"FlurryOfBlows","floor":25,"key":"SMITH"},{"data":"InnerPeace","floor":32,"key":"SMITH"},{"floor":40,"key":"RECALL"},{"data":"EmptyMind","floor":44,"key":"SMITH"},{"data":"Adaptation","floor":49,"key":"SMITH"},{"data":"Adaptation","floor":53,"key":"SMITH"}],"lesson_learned_per_floor":[[],[],[],[],[],[],[],[],[],[],[],[],[],[],[],[],[],[],[],[],[],[],[],[],[],[],[],[],[],[],[],[],[],[],[],[],[],[],[],[],[],[],[],[],[],[],[],[],[],[],[],[],[],[],[],[],[]],"neow_cost":"NONE","improvable_cards":{},"seed_source_timestamp":12925288910386,"shop_contents":[{"floor":20,"relics":["Pantograph","Strawberry","Toolbox"],"cards":["CrushJoints","CutThroughFate","ClearTheMind","Pray","LikeWater","Swift Strike","Violence"],"potions":["Fire Potion","DuplicationPotion","EntropicBrew"]},{"floor":24,"relics":["Whetstone","Bag of Marbles","Lee\u0027s Waffle"],"cards":["CarveReality","EmptyFist","ThirdEye","Fasting2","Purity","The Bomb"],"potions":["SneckoOil","Energy Potion","Strength Potion"]},{"floor":37,"relics":["Bottled Lightning","MealTicket","Cauldron"],"cards":["FollowUp","FlurryOfBlows","Pray","Worship","Study","Jack Of All Trades","Panache"],"potions":["StancePotion","Strength Potion","SteroidPotion"]},{"floor":42,"relics":["Toxic Egg 2","Happy Flower","TheAbacus"],"cards":["SashWhip","FlyingSleeves","Prostrate","DeceiveReality","LikeWater","Impatience","Mayhem"],"potions":["GamblersBrew","BottledMiracle","BottledMiracle"]},{"floor":54,"relics":["Vajra","Turnip","Sling"],"cards":["CrushJoints","TalkToTheHand","Evaluate","LikeWater","Blind","Magnetism"],"potions":["EssenceOfSteel","LiquidBronze"]}],"circlet_count":0,"master_deck":["AscendersBane","Eruption+1","Vigilance","CutThroughFate+1","FlurryOfBlows+1","TalkToTheHand+1","DeceiveReality+1","EmptyBody","Crescendo+1","EmptyFist+1","InnerPeace+1","Adaptation+1","Adaptation+1","ThirdEye","JustLucky","CutThroughFate","SashWhip","Halt","EmptyMind+1","Sanctity+1","WaveOfTheHand","Prostrate","Scrawl"],"potion_use_per_floor":[[],[],[],[],[],[],[],[],[],[],[],["BlessingOfTheForge"],[],[],[],[],[],[],[],[],[],[],[],[],[],[],[],[],[],[],[],[],["DuplicationPotion"],[],[],[],[],[],[],[],[],[],[],[],[],[],[],["BottledMiracle"],[],[],[],[],[],[],[],["Ancient Potion"],[]],"relics":["PureWater","Pear","Bottled Flame","HornCleat","Regal Pillow","Coffee Dripper","Ornamental Fan","WingedGreaves","Mummified Hand","Toy Ornithopter","TungstenRod","Pandora\u0027s Box","Torii","Kunai","War Paint","Ginger","Shuriken"],"potions_floor_usage":[12,33,48,56],"damage_taken":[{"damage":0,"enemies":"Small Slimes","floor":1,"turns":5},{"damage":4,"enemies":"2 Louse","floor":2,"turns":3},{"damage":0,"enemies":"Jaw Worm","floor":5,"turns":3},{"damage":14,"enemies":"Gremlin Nob","floor":7,"turns":3},{"damage":4,"enemies":"Exordium Thugs","floor":8,"turns":4},{"damage":0,"enemies":"Large Slime","floor":11,"turns":3},{"damage":7,"enemies":"3 Sentries","floor":12,"turns":7},{"damage":0,"enemies":"3 Louse","floor":13,"turns":2},{"damage":0,"enemies":"Blue Slaver","floor":14,"turns":3},{"damage":0,"enemies":"Hexaghost","floor":16,"turns":9},{"damage":4,"enemies":"3 Byrds","floor":18,"turns":6},{"damage":0,"enemies":"Chosen","floor":21,"turns":3},{"damage":8,"enemies":"3 Cultists","floor":22,"turns":6},{"damage":2,"enemies":"Book of Stabbing","floor":27,"turns":4},{"damage":3,"enemies":"Centurion and Healer","floor":28,"turns":3},{"damage":8,"enemies":"Slavers","floor":29,"turns":6},{"damage":0,"enemies":"Gremlin Leader","floor":30,"turns":6},{"damage":8,"enemies":"Snake Plant","floor":31,"turns":3},{"damage":25,"enemies":"Collector","floor":33,"turns":10},{"damage":0,"enemies":"3 Shapes","floor":35,"turns":6},{"damage":0,"enemies":"Orb Walker","floor":36,"turns":3},{"damage":15,"enemies":"2 Orb Walkers","floor":39,"turns":4},{"damage":0,"enemies":"Reptomancer","floor":41,"turns":7},{"damage":0,"enemies":"Giant Head","floor":45,"turns":6},{"damage":0,"enemies":"Sphere and 2 Shapes","floor":46,"turns":3},{"damage":0,"enemies":"Spire Growth","floor":47,"turns":3},{"damage":0,"enemies":"Nemesis","floor":48,"turns":9},{"damage":0,"enemies":"Donu and Deca","floor":50,"turns":15},{"damage":13,"enemies":"Awakened One","floor":51,"turns":18},{"damage":34,"enemies":"Shield and Spear","floor":55,"turns":36},{"damage":9,"enemies":"The Heart","floor":56,"turns":10}],"green_key_taken_log":29,"seed_played":"-3276293640327176801","neow_bonus_log":{"cardsObtained":[],"cardsUpgraded":[],"cardsRemoved":["Defend_P"],"cardsTransformed":[],"relicsObtained":[],"maxHpGained":0,"goldGained":0,"damageTaken":0,"goldLost":0,"maxHpLost":0},"potions_obtained":[{"floor":7,"key":"DuplicationPotion"},{"floor":8,"key":"BlessingOfTheForge"},{"floor":13,"key":"DistilledChaos"},{"floor":22,"key":"Fire Potion"},{"floor":29,"key":"FearPotion"},{"floor":33,"key":"Ancient Potion"},{"floor":47,"key":"BottledMiracle"}],"is_trial":false,"path_per_floor":["M","M","?","?","M","R","E","M","T","R","M","E","M","M","R","B",null,"M","?","$","M","M","R","$","R","T","E","M","E","E","M","R","B",null,"M","M","$","?","?","R","E","$","T","R","E","M","M","E","R","B","B",null,"R","$","E","B",null],"character_chosen":"WATCHER","basemod:card_modifiers":[null,null,null,null,null,null,null,null,null,null,null,null,null,null,null,null,null,null,null,null,null,null,null],"items_purchased":["InnerPeace","Swift Potion","Prostrate"],"campfire_rested":0,"item_purchase_floors":[24,54,54],"current_hp_per_floor":[61,57,32,32,32,32,18,14,14,14,14,7,7,7,7,7,60,56,56,56,56,48,48,48,48,48,46,43,35,35,27,27,7,60,60,60,60,60,45,45,45,45,45,45,45,45,45,50,50,50,37,68,68,68,34,30],"gold":66,"neow_bonus":"REMOVE_CARD","is_prod":false,"is_daily":false,"rewards_skipped":[{"floor":14,"relics":[],"potions":["Block Potion"]},{"floor":28,"relics":[],"potions":["Dexterity Potion"]},{"floor":35,"relics":[],"potions":["Ancient Potion"]},{"floor":39,"relics":[],"potions":["Dexterity Potion"]}],"chose_seed":false,"campfire_upgraded":9,"win_rate":0,"floor_exit_playtime":[72,95,104,109,136,142,183,249,251,259,289,401,467,508,516,627,644,736,740,751,780,872,879,891,923,934,1005,1055,1162,1239,1282,1290,1546,1575,1694,1738,1782,1785,1890,1895,2093,2116,2119,2126,2265,2354,2444,2694,2704,3066,3508,3519,3529,3562,4406,4729],"timestamp":1707529997,"blue_key_relic_skipped_log":{"floor":43,"relicID":"Frozen Egg 2"},"path_taken":["M","M","?","?","M","R","E","M","T","R","M","E","M","M","R","BOSS","M","?","$","M","M","R","$","R","T","E","M","E","E","M","R","BOSS","M","M","$","?","?","R","E","$","T","R","E","M","M","E","R","BOSS","BOSS","R","$","E","BOSS"],"build_version":"2022-12-18","purchased_purges":4,"victory":true,"max_hp_per_floor":[68,68,78,78,78,78,78,78,78,78,78,78,78,78,78,78,78,78,78,78,78,78,78,78,78,78,78,78,78,78,78,78,78,78,78,78,78,78,78,78,78,78,78,78,78,78,78,78,78,78,78,78,78,78,78,78],"relic_stats":{"Regal Pillow":0,"Torii":10,"counters":[31,209],"Ginger":[2],"War Paint":["Sanctity","DeceiveReality"],"Bottled Flame":"CutThroughFate","Ornamental Fan":[668],"Mummified Hand":[34],"Shuriken":[11],"Pandora\u0027s Box":["ThirdEye","JustLucky","CutThroughFate","SashWhip"],"WingedGreaves":3,"Kunai":[109],"PureWater":[28],"obtain_stats":[{"Regal Pillow":12,"Pear":3,"Torii":39,"Ginger":48,"War Paint":45,"Bottled Flame":7,"HornCleat":9,"Ornamental Fan":19,"Mummified Hand":27,"Shuriken":55,"Pandora\u0027s Box":34,"WingedGreaves":26,"Coffee Dripper":17,"Kunai":41,"PureWater":0,"Toy Ornithopter":29,"TungstenRod":30},{"Regal Pillow":7,"Pear":2,"Torii":22,"Ginger":27,"War Paint":24,"Bottled Flame":4,"HornCleat":5,"Ornamental Fan":11,"Mummified Hand":14,"Shuriken":30,"Pandora\u0027s Box":19,"WingedGreaves":13,"Coffee Dripper":10,"Kunai":23,"PureWater":0,"Toy Ornithopter":16,"TungstenRod":17},{"Regal Pillow":28,"Pear":8,"Torii":102,"Ginger":130,"War Paint":115,"Bottled Flame":14,"HornCleat":18,"Ornamental Fan":48,"Mummified Hand":61,"Shuriken":199,"Pandora\u0027s Box":89,"WingedGreaves":57,"Coffee Dripper":42,"Kunai":109,"PureWater":0,"Toy Ornithopter":70,"TungstenRod":76}],"Toy Ornithopter":15,"TungstenRod":18},"card_choices":[{"not_picked":["JustLucky","Halt"],"picked":"ThirdEye","floor":1},{"not_picked":["Prostrate","ThirdEye"],"picked":"CutThroughFate","floor":2},{"not_picked":["ThirdEye","SandsOfTime"],"picked":"FlurryOfBlows","floor":5},{"not_picked":["Halt","FlyingSleeves"],"picked":"TalkToTheHand","floor":7},{"not_picked":["ThirdEye","Protect"],"picked":"DeceiveReality","floor":8},{"not_picked":["Sanctity","Worship","Prostrate"],"picked":"SKIP","floor":11},{"not_picked":["Conclude","WheelKick","Ragnarok"],"picked":"SKIP","floor":12},{"not_picked":["WheelKick","PathToVictory"],"picked":"ReachHeaven","floor":13},{"not_picked":["Crescendo","EmptyBody","FlurryOfBlows"],"picked":"SKIP","floor":14},{"not_picked":["Crescendo","FlurryOfBlows"],"picked":"EmptyBody","floor":14},{"not_picked":["Omniscience","MasterReality","Devotion"],"picked":"SKIP","floor":16},{"not_picked":["Prostrate","WreathOfFlame"],"picked":"Crescendo","floor":18},{"not_picked":["FlurryOfBlows","FollowUp","Pray"],"picked":"SKIP","floor":21},{"not_picked":["BattleHymn","Pray"],"picked":"EmptyFist+1","floor":22},{"not_picked":["LessonLearned","ReachHeaven"],"picked":"Adaptation","floor":27},{"not_picked":["FlurryOfBlows","SashWhip","CutThroughFate"],"picked":"SKIP","floor":28},{"not_picked":["Indignation","Perseverance","Consecrate"],"picked":"SKIP","floor":29},{"not_picked":["EmptyBody","PathToVictory"],"picked":"Adaptation","floor":30},{"not_picked":["FollowUp","LikeWater","PathToVictory"],"picked":"SKIP","floor":31},{"not_picked":["Ragnarok","Establishment","Wish"],"picked":"SKIP","floor":33},{"not_picked":["Consecrate","Adaptation"],"picked":"Halt","floor":35},{"not_picked":["Crescendo","PathToVictory","EmptyBody+1"],"picked":"SKIP","floor":36},{"not_picked":["ClearTheMind","CutThroughFate"],"picked":"EmptyMind","floor":39},{"not_picked":["SashWhip+1","SignatureMove"],"picked":"Sanctity","floor":41},{"not_picked":["Worship","ClearTheMind"],"picked":"WaveOfTheHand","floor":45},{"not_picked":["Consecrate+1","CrushJoints","JustLucky"],"picked":"SKIP","floor":46},{"not_picked":["CarveReality","Consecrate","Halt"],"picked":"SKIP","floor":47},{"not_picked":["Indignation","Crescendo+1"],"picked":"Scrawl","floor":55}],"player_experience":5946986,"relics_obtained":[{"floor":7,"key":"Bottled Flame"},{"floor":9,"key":"HornCleat"},{"floor":12,"key":"Regal Pillow"},{"floor":26,"key":"WingedGreaves"},{"floor":27,"key":"Mummified Hand"},{"floor":29,"key":"Toy Ornithopter"},{"floor":30,"key":"TungstenRod"},{"floor":39,"key":"Torii"},{"floor":41,"key":"Kunai"},{"floor":45,"key":"War Paint"},{"floor":48,"key":"Ginger"},{"floor":55,"key":"Shuriken"}],"event_choices":[{"damage_healed":0,"gold_gain":0,"player_choice":"Success","damage_taken":35,"relics_obtained":["Pear"],"max_hp_gain":0,"max_hp_loss":0,"event_name":"Scrap Ooze","floor":3,"gold_loss":0},{"cards_removed":["Defend_P"],"damage_healed":0,"gold_gain":0,"player_choice":"Card Removal","damage_taken":0,"max_hp_gain":0,"max_hp_loss":0,"event_name":"The Cleric","floor":4,"gold_loss":75},{"damage_healed":0,"gold_gain":0,"player_choice":"Gave Potion","damage_taken":0,"relics_obtained":["Ornamental Fan"],"max_hp_gain":0,"max_hp_loss":0,"event_name":"WeMeetAgain","floor":19,"gold_loss":0},{"damage_healed":0,"gold_gain":0,"player_choice":"Ignored","damage_taken":0,"max_hp_gain":0,"max_hp_loss":0,"event_name":"Tomb of Lord Red Mask","floor":38,"gold_loss":0},{"damage_healed":0,"gold_gain":0,"player_choice":"Fight","damage_taken":0,"max_hp_gain":0,"max_hp_loss":0,"event_name":"Mysterious Sphere","floor":39,"gold_loss":0}],"is_beta":false,"boss_relics":[{"not_picked":["Cursed Key","Snecko Eye"],"picked":"Coffee Dripper"},{"not_picked":["Calling Bell","SlaversCollar"],"picked":"Pandora\u0027s Box"}],"items_purged_floors":[20,24,37,42],"is_endless":false,"potions_floor_spawned":[7,8,13,14,22,28,29,33,35,39,47],"ascension_level":20,"potion_discard_per_floor":[[],[],[],[],[],[],[],[],[],[],[],[],[],[],[],[],[],[],[],[],[],[],[],[],[],[],[],[],["Fire Potion"],[],[],[],[],[],[],[],[],[],[],[],[],[],[],[],[],[],["FearPotion"],[],[],[],[],[],[],[],[],[],[]]}