{"neow_bonuses_skipped_log":["TEN_PERCENT_HP_BONUS","ONE_RARE_RELIC","BOSS_RELIC"],"neow_costs_skipped_log":["NONE","PERCENT_DAMAGE","NONE"],"potions_obtained_entropic_brew":[[],[],[],[],[],[],[],[],[],[],[],[],[],[],[],[]],"gold_per_floor":[110,185,198,218,84,111,111,142,142,167,167,180,190,240,240,240],"floor_reached":16,"playtime":504,"items_purged":["Defend_P"],"score":290,"play_id":"8dcb8487-6c8a-4c77-bc2a-5fbd6f1db8cb","local_time":"20240207224328","score_breakdown":["Floors Climbed (16): 80","Enemies Slain (5): 10","Exordium Elites Killed (3): 30","Bosses Slain (0): 0","Champion (1): 25","Ascension (20): 145"],"is_ascension_mode":true,"potions_obtained_alchemize":[[],[],[],[],[],[],[],[],[],[],[],[],[],[],[],[]],"campfire_choices":[{"floor":7,"key":"REST"},{"data":"CutThroughFate","floor":15,"key":"SMITH"}],"lesson_learned_per_floor":[[],[],[],[],[],[],[],[],[],[],[],[],[],[],[],[]],"neow_cost":"NONE","improvable_cards":{},"seed_source_timestamp":21965191694258,"shop_contents":[{"floor":5,"relics":["Bottled Tornado","Omamori","DollysMirror"],"cards":["WindmillStrike","Meditate","ThirdEye","Study","Impatience","Thinking Ahead"],"potions":["SneckoOil","Weak Potion","Regen Potion"]}],"circlet_count":0,"master_deck":["AscendersBane","Strike_P","Strike_P","Strike_P","Strike_P","Defend_P","Defend_P","Eruption+1","Vigilance","FearNoEvil","BowlingBash","MentalFortress","CutThroughFate+1","WindmillStrike"],"potion_use_per_floor":[[],[],[],[],[],[],[],["FearPotion"],[],["Ambrosia"],[],[],[],[],[],["Weak Potion"]],"relics":["PureWater","Pantograph","WingedGreaves","Mango"],"potions_floor_usage":[8,10,16],"damage_taken":[{"damage":8,"enemies":"Small Slimes","floor":1,"turns":4},{"damage":0,"enemies":"Cultist","floor":3,"turns":3},{"damage":5,"enemies":"2 Louse","floor":4,"turns":3},{"damage":25,"enemies":"3 Sentries","floor":6,"turns":6},{"damage":8,"enemies":"Gremlin Nob","floor":8,"turns":3},{"damage":0,"enemies":"Lagavulin","floor":10,"turns":3},{"damage":0,"enemies":"Blue Slaver","floor":12,"turns":3},{"damage":4,"enemies":"Exordium Wildlife","floor":13,"turns":3},{"damage":59,"enemies":"Hexaghost","floor":16,"turns":8}],"green_key_taken_log":6,"seed_played":"105338295872348334","neow_bonus_log":{"cardsObtained":[],"cardsUpgraded":["Eruption"],"cardsRemoved":[],"cardsTransformed":[],"relicsObtained":[],"maxHpGained":0,"goldGained":0,"damageTaken":0,"goldLost":0,"maxHpLost":0},"potions_obtained":[{"floor":1,"key":"Weak Potion"},{"floor":4,"key":"FearPotion"},{"floor":8,"key":"Ambrosia"}],"is_trial":false,"path_per_floor":["M","?","M","M","$","E","R","E","T","E","?","M","M","?","R","B"],"character_chosen":"WATCHER","basemod:card_modifiers":[null,null,null,null,null,null,null,null,null,null,null,null,null,null],"items_purchased":["CutThroughFate"],"campfire_rested":1,"item_purchase_floors":[5],"current_hp_per_floor":[53,42,42,37,37,12,32,24,24,38,38,38,34,34,34,0],"gold":240,"neow_bonus":"UPGRADE_CARD","is_prod":false,"is_daily":false,"rewards_skipped":[],"chose_seed":false,"campfire_upgraded":1,"win_rate":0,"floor_exit_playtime":[47,54,88,117,132,193,198,228,234,289,312,366,398,402,413],"timestamp":1707363808,"blue_key_relic_skipped_log":{"floor":9,"relicID":"Unceasing Top"},"path_taken":["M","?","M","M","$","E","R","E","T","E","?","M","M","?","R","BOSS"],"build_version":"2022-12-18","purchased_purges":1,"victory":false,"max_hp_per_floor":[68,68,68,68,68,68,68,68,68,82,82,82,82,82,82,82],"relic_stats":{"counters":[9,36],"Pantograph":25,"WingedGreaves":0,"PureWater":[5],"obtain_stats":[{"Pantograph":6,"Mango":10,"WingedGreaves":8,"PureWater":0},{"Pantograph":4,"Mango":6,"WingedGreaves":5,"PureWater":0},{"Pantograph":16,"Mango":22,"WingedGreaves":19,"PureWater":0}]},"card_choices":[{"not_picked":["DeceiveReality","FlyingSleeves"],"picked":"FearNoEvil","floor":1},{"not_picked":["SandsOfTime","Pray"],"picked":"BowlingBash","floor":3},{"not_picked":["CrushJoints","FollowUp"],"picked":"MentalFortress","floor":4},{"not_picked":["Sanctity","DeusExMachina","Consecrate"],"picked":"SKIP","floor":6},{"not_picked":["MasterReality","FlyingSleeves","SashWhip"],"picked":"SKIP","floor":8},{"not_picked":["Protect","FollowUp","Halt"],"picked":"SKIP","floor":10},{"not_picked":["EmptyFist","Worship"],"picked":"WindmillStrike","floor":12}],"player_experience":5925627,"relics_obtained":[{"floor":6,"key":"Pantograph"},{"floor":8,"key":"WingedGreaves"},{"floor":10,"key":"Mango"}],"event_choices":[{"damage_healed":0,"gold_gain":75,"player_choice":"Gather Gold","damage_taken":11,"max_hp_gain":0,"max_hp_loss":0,"event_name":"World of Goop","floor":2,"gold_loss":0},{"cards_removed":["Defend_P"],"damage_healed":0,"gold_gain":0,"player_choice":"Forget","damage_taken":0,"max_hp_gain":0,"max_hp_loss":0,"event_name":"Living Wall","floor":11,"gold_loss":0},{"damage_healed":0,"gold_gain":50,"player_choice":"Pray","damage_taken":0,"max_hp_gain":0,"max_hp_loss":0,"event_name":"Golden Shrine","floor":14,"gold_loss":0}],"is_beta":false,"boss_relics":[],"items_purged_floors":[5],"is_endless":false,"potions_floor_spawned":[1,4,8],"killed_by":"Hexaghost","ascension_level":20,"potion_discard_per_floor":[[],[],[],[],[],[],[],[],[],[],[],[],[],[],[],[]]}