{"neow_bonuses_skipped_log":["THREE_ENEMY_KILL","THREE_RARE_CARDS","BOSS_RELIC"],"potions_obtained_entropic_brew":[[],[],[],[],[],[],[],[],[],[],[],[],[],[],[],[],[],[],[],[],[],[],[],[],[],[],[],[],[],[],[],[],[],[],[],[],[],[],[],[],[],[],[],[],[],[],[],[],[],[],[],[],[],[],[],[],[]],"neow_costs_skipped_log":["NONE","CURSE","NONE"],"gold_per_floor":[114,132,150,150,170,170,170,198,198,82,82,98,116,16,16,92,92,103,103,118,129,51,80,80,105,159,159,34,47,72,85,85,163,163,174,174,191,210,60,93,148,183,183,208,208,153,153,172,172,172,172,172,172,64,96,96],"floor_reached":57,"playtime":2904,"items_purged":["Strike_P","Strike_P","Strike_P","Defend_P"],"score":3315,"play_id":"721da34c-8f2f-4f91-aec7-14df951e0e3f","local_time":"20240206194545","score_breakdown":["Floors Climbed (57): 285","Enemies Slain (15): 30","Exordium Elites Killed (1): 10","City Elites Killed (3): 60","Beyond Elites Killed (2): 60","Bosses Slain (5): 750","Speedster: 25","Champion (4): 100","Beyond Perfect: 200","C-c-c-combo: 25","Ascension (20): 1520","Heartbreaker: 250"],"is_ascension_mode":true,"potions_obtained_alchemize":[[],[],[],[],[],[],[],[],[],[],[],[],[],[],[],[],[],[],[],[],[],[],[],[],[],[],[],[],[],[],[],[],[],[],[],[],[],[],[],[],[],[],[],[],[],[],[],[],[],[],[],[],[],[],[],[],[]],"campfire_choices":[{"data":"Eruption","floor":6,"key":"SMITH"},{"data":"CutThroughFate","floor":11,"key":"SMITH"},{"data":"InnerPeace","floor":15,"key":"SMITH"},{"data":"Scrawl","floor":24,"key":"SMITH"},{"floor":27,"key":"REST"},{"data":"Adaptation","floor":32,"key":"SMITH"},{"floor":47,"key":"RECALL"},{"data":"Swivel","floor":49,"key":"PURGE"},{"data":"Eruption+1","floor":53,"key":"PURGE"}],"lesson_learned_per_floor":[[],[],[],[],[],[],[],[],[],[],[],[],[],[],[],[],[],[],[],[],[],[],[],[],[],[],[],[],[],[],[],[],[],[],[],[],[],[],[],[],[],[],[],[],[],[],[],[],[],[],[],[],[],[],[],[],[]],"neow_cost":"NONE","improvable_cards":{},"seed_source_timestamp":3536517280364,"shop_contents":[{"floor":10,"relics":["Unceasing Top","Boot","Cauldron"],"cards":["CrushJoints","Wallop","Protect","Study","Jack Of All Trades","Metamorphosis"],"potions":["AttackPotion","Swift Potion","LiquidBronze"]},{"floor":14,"relics":["TeardropLocket","Meat on the Bone","Membership Card"],"cards":["JustLucky","FollowUp","EmptyBody","Swivel","LikeWater","Jack Of All Trades","Master of Strategy"],"potions":["GamblersBrew","DistilledChaos","FearPotion"]},{"floor":22,"relics":["Letter Opener","Molten Egg 2","Sling"],"cards":["Consecrate","CutThroughFate","ClearTheMind","Crescendo","Trip","Secret Technique"],"potions":["SkillPotion","Explosive Potion","SmokeBomb"]},{"floor":28,"relics":["CloakClasp","StrikeDummy","Medical Kit"],"cards":["CrushJoints","SignatureMove","Swivel","ConjureBlade","Adaptation","Impatience","Chrysalis"],"potions":["Regen Potion","Strength Potion","SkillPotion"]},{"floor":39,"relics":["Orichalcum","White Beast Statue","HandDrill"],"cards":["FearNoEvil","EmptyFist","EmptyBody","Pray","Adaptation","Purity","Apotheosis"],"potions":["Block Potion","AttackPotion","PowerPotion"]},{"floor":46,"relics":["Yang","Pantograph","Chemical X"],"cards":["SignatureMove","Conclude","Indignation","ForeignInfluence","Fasting2","Bandage Up","Chrysalis"],"potions":["Block Potion","Regen Potion"]},{"floor":54,"relics":["Pocketwatch","Du-Vu Doll","Frozen Eye"],"cards":["FlurryOfBlows","FlyingSleeves","Halt","Omniscience","MentalFortress","Trip","Panache"],"potions":["SneckoOil","SmokeBomb"]}],"circlet_count":0,"master_deck":["AscendersBane","Vigilance","Wireheading","CutThroughFate+1","CutThroughFate+1","InnerPeace+1","FearNoEvil","Scrawl+1","Tantrum","Adaptation+1","MentalFortress+1","Thinking Ahead"],"potion_use_per_floor":[[],[],[],[],[],[],[],["EssenceOfSteel"],[],[],[],[],[],[],[],[],[],[],[],[],[],[],["DistilledChaos"],[],["SteroidPotion"],[],[],[],[],[],[],[],[],[],[],[],[],[],[],[],[],[],[],[],[],[],[],[],[],["Swift Potion"],[],[],[],[],[],["GamblersBrew"],[]],"relics":["PureWater","Art of War","Bottled Flame","Empty Cage","Ice Cream","Vajra","MealTicket","Peace Pipe","Fusion Hammer","Matryoshka","Gambling Chip","Bag of Marbles","Omamori","Bird Faced Urn","Bottled Lightning"],"potions_floor_usage":[8,23,25,50,56],"damage_taken":[{"damage":0,"enemies":"Cultist","floor":1,"turns":4},{"damage":2,"enemies":"Jaw Worm","floor":2,"turns":3},{"damage":3,"enemies":"2 Louse","floor":3,"turns":3},{"damage":0,"enemies":"Looter","floor":5,"turns":3},{"damage":7,"enemies":"3 Sentries","floor":8,"turns":9},{"damage":3,"enemies":"2 Fungi Beasts","floor":12,"turns":3},{"damage":6,"enemies":"Red Slaver","floor":13,"turns":4},{"damage":17,"enemies":"The Guardian","floor":16,"turns":11},{"damage":0,"enemies":"3 Byrds","floor":18,"turns":4},{"damage":13,"enemies":"Shell Parasite","floor":20,"turns":2},{"damage":7,"enemies":"3 Cultists","floor":21,"turns":4},{"damage":0,"enemies":"Gremlin Leader","floor":23,"turns":4},{"damage":20,"enemies":"Slavers","floor":25,"turns":2},{"damage":0,"enemies":"Chosen and Byrds","floor":29,"turns":2},{"damage":6,"enemies":"Book of Stabbing","floor":30,"turns":2},{"damage":0,"enemies":"Sentry and Sphere","floor":31,"turns":3},{"damage":0,"enemies":"Collector","floor":33,"turns":2},{"damage":0,"enemies":"3 Shapes","floor":35,"turns":4},{"damage":0,"enemies":"Orb Walker","floor":37,"turns":1},{"damage":38,"enemies":"Jaw Worm Horde","floor":38,"turns":2},{"damage":0,"enemies":"Giant Head","floor":40,"turns":3},{"damage":0,"enemies":"2 Orb Walkers","floor":41,"turns":1},{"damage":0,"enemies":"Reptomancer","floor":42,"turns":2},{"damage":0,"enemies":"Mind Bloom Boss Battle","floor":44,"turns":1},{"damage":0,"enemies":"Sphere and 2 Shapes","floor":48,"turns":2},{"damage":0,"enemies":"Time Eater","floor":50,"turns":7},{"damage":0,"enemies":"Awakened One","floor":51,"turns":2},{"damage":0,"enemies":"Shield and Spear","floor":55,"turns":1},{"damage":55,"enemies":"The Heart","floor":56,"turns":6}],"green_key_taken_log":40,"seed_played":"7625545350351718028","neow_bonus_log":{"cardsObtained":["Wireheading"],"cardsUpgraded":[],"cardsRemoved":[],"cardsTransformed":["Defend_P"],"relicsObtained":[],"maxHpGained":0,"goldGained":0,"damageTaken":0,"goldLost":0,"maxHpLost":0},"potions_obtained":[{"floor":2,"key":"EssenceOfSteel"},{"floor":3,"key":"GamblersBrew"},{"floor":8,"key":"DistilledChaos"},{"floor":23,"key":"SteroidPotion"},{"floor":25,"key":"Fire Potion"},{"floor":41,"key":"PowerPotion"}],"is_trial":false,"path_per_floor":["M","M","M","?","M","R","?","E","T","$","R","M","M","$","R","B",null,"M","?","M","M","$","E","R","E","T","R","$","M","E","M","R","B",null,"M","?","M","M","$","E","?","E","T","?","?","$","R","M","R","B","B",null,"R","$","E","B",null],"character_chosen":"WATCHER","basemod:card_modifiers":[null,null,null,null,null,null,null,null,null,null,null,null],"items_purchased":["InnerPeace","Adaptation","Swift Potion","FairyPotion"],"campfire_rested":1,"item_purchase_floors":[10,22,46,54],"current_hp_per_floor":[61,59,56,56,56,56,56,49,49,49,49,46,40,40,40,23,57,57,57,44,37,37,37,37,17,17,37,52,52,46,46,46,46,63,63,63,63,25,40,40,40,40,40,40,40,55,55,61,61,65,65,65,65,65,65,16],"gold":96,"neow_bonus":"TRANSFORM_CARD","is_prod":false,"is_daily":false,"rewards_skipped":[{"floor":16,"relics":[],"potions":["FearPotion"]},{"floor":19,"relics":[],"potions":["Weak Potion","BlessingOfTheForge"]},{"floor":21,"relics":[],"potions":["BlessingOfTheForge"]},{"floor":30,"relics":[],"potions":["AttackPotion"]},{"floor":40,"relics":[],"potions":["EssenceOfSteel"]},{"floor":48,"relics":[],"potions":["FearPotion"]},{"floor":55,"relics":[],"potions":["Strength Potion"]}],"chose_seed":false,"campfire_upgraded":5,"win_rate":0,"floor_exit_playtime":[79,146,227,233,277,282,289,443,455,473,481,578,644,656,668,867,892,972,988,1039,1114,1120,1210,1216,1278,1301,1306,1323,1394,1440,1498,1512,1559,1576,1687,1693,1723,1784,1820,1914,1965,2029,2034,2078,2090,2108,2113,2160,2199,2482,2572,2583,2599,2608,2685,2904],"timestamp":1707266745,"blue_key_relic_skipped_log":{"floor":43,"relicID":"Sundial"},"path_taken":["M","M","M","?","?","R","?","E","T","?","R","M","M","$","R","BOSS","M","?","M","M","$","E","R","E","T","R","?","M","E","?","R","BOSS","M","?","M","M","$","E","?","E","T","?","?","?","R","M","R","BOSS","BOSS","R","$","E","BOSS"],"build_version":"2022-12-18","purchased_purges":4,"victory":true,"max_hp_per_floor":[68,68,68,68,68,68,68,68,68,68,68,68,68,68,68,68,68,68,68,68,68,68,68,68,68,68,68,68,68,68,68,68,68,68,68,65,65,65,65,65,65,65,65,65,65,65,65,65,65,65,65,65,65,65,65,65],"relic_stats":{"Ice Cream":[45],"counters":[29,97],"Omamori":0,"Peace Pipe":3,"Bottled Flame":"CutThroughFate","Matryoshka":1,"Gambling Chip":[24],"Bird Faced Urn":[16],"MealTicket":45,"Art of War":[15],"Bottled Lightning":"Scrawl","PureWater":[28],"obtain_stats":[{"Ice Cream":23,"Vajra":25,"Omamori":43,"Empty Cage":17,"Peace Pipe":30,"Bottled Flame":9,"Matryoshka":40,"Gambling Chip":41,"Bird Faced Urn":44,"MealTicket":26,"Fusion Hammer":34,"Art of War":8,"Bag of Marbles":42,"Bottled Lightning":55,"PureWater":0},{"Ice Cream":12,"Vajra":13,"Omamori":23,"Empty Cage":8,"Peace Pipe":15,"Bottled Flame":5,"Matryoshka":21,"Gambling Chip":22,"Bird Faced Urn":24,"MealTicket":13,"Fusion Hammer":17,"Art of War":5,"Bag of Marbles":23,"Bottled Lightning":28,"PureWater":0},{"Ice Cream":54,"Vajra":56,"Omamori":78,"Empty Cage":40,"Peace Pipe":60,"Bottled Flame":22,"Matryoshka":75,"Gambling Chip":76,"Bird Faced Urn":79,"MealTicket":56,"Fusion Hammer":65,"Art of War":22,"Bag of Marbles":78,"Bottled Lightning":91,"PureWater":0}]},"card_choices":[{"not_picked":["ClearTheMind","JustLucky"],"picked":"CutThroughFate","floor":1},{"not_picked":["Crescendo","CrushJoints"],"picked":"CutThroughFate","floor":2},{"not_picked":["WindmillStrike","JustLucky","FollowUp"],"picked":"SKIP","floor":3},{"not_picked":["PathToVictory","Alpha","JustLucky"],"picked":"SKIP","floor":8},{"not_picked":["CutThroughFate","JustLucky","Crescendo"],"picked":"SKIP","floor":12},{"not_picked":["SashWhip","Perseverance"],"picked":"FearNoEvil","floor":13},{"not_picked":["Brilliance","SpiritShield"],"picked":"Scrawl","floor":16},{"not_picked":["Halt","SignatureMove"],"picked":"Tantrum","floor":18},{"not_picked":["EmptyFist","ThirdEye","FollowUp"],"picked":"SKIP","floor":20},{"not_picked":["JustLucky","ReachHeaven","ThirdEye"],"picked":"SKIP","floor":21},{"not_picked":["Wish","SashWhip+1","Evaluate"],"picked":"SKIP","floor":23},{"not_picked":["Ragnarok","BowlingBash","FearNoEvil"],"picked":"SKIP","floor":25},{"not_picked":["ClearTheMind","SashWhip"],"picked":"MentalFortress+1","floor":30},{"not_picked":["Nirvana","PathToVictory","Evaluate"],"picked":"SKIP","floor":31},{"not_picked":["Ragnarok","Omniscience","SpiritShield"],"picked":"SKIP","floor":33},{"not_picked":["JustLucky+1","FlurryOfBlows","CrushJoints+1"],"picked":"SKIP","floor":35},{"not_picked":["Alpha","Crescendo","EmptyFist"],"picked":"SKIP","floor":37},{"not_picked":["Evaluate","FollowUp","Protect+1"],"picked":"SKIP","floor":38},{"not_picked":["BattleHymn","EmptyFist","WreathOfFlame"],"picked":"SKIP","floor":40},{"not_picked":["ClearTheMind","SashWhip","FollowUp"],"picked":"SKIP","floor":41},{"not_picked":["Prostrate+1","EmptyBody+1","JustLucky"],"picked":"SKIP","floor":42},{"not_picked":["Tantrum","Sanctity","CrushJoints+1"],"picked":"SKIP","floor":44},{"not_picked":["The Bomb","Jack Of All Trades"],"picked":"Thinking Ahead","floor":45},{"not_picked":["Wallop+1","EmptyBody","EmptyFist"],"picked":"SKIP","floor":48},{"not_picked":["WheelKick","TalkToTheHand","EmptyBody+1"],"picked":"SKIP","floor":55}],"player_experience":5892362,"relics_obtained":[{"floor":8,"key":"Art of War"},{"floor":9,"key":"Bottled Flame"},{"floor":23,"key":"Ice Cream"},{"floor":25,"key":"Vajra"},{"floor":26,"key":"MealTicket"},{"floor":30,"key":"Peace Pipe"},{"floor":40,"key":"Matryoshka"},{"floor":41,"key":"Gambling Chip"},{"floor":42,"key":"Bag of Marbles"},{"floor":43,"key":"Omamori"},{"floor":44,"key":"Bird Faced Urn"},{"floor":55,"key":"Bottled Lightning"}],"event_choices":[{"damage_healed":0,"gold_gain":0,"cards_transformed":["Defend_P"],"player_choice":"Transformed","damage_taken":0,"max_hp_gain":0,"max_hp_loss":0,"event_name":"Transmorgrifier","floor":4,"gold_loss":0,"cards_obtained":["Swivel"]},{"damage_healed":0,"gold_gain":0,"player_choice":"Upgraded","damage_taken":0,"max_hp_gain":0,"max_hp_loss":0,"event_name":"Upgrade Shrine","floor":7,"gold_loss":0,"cards_upgraded":["CutThroughFate"]},{"damage_healed":0,"gold_gain":0,"player_choice":"Got Potions","damage_taken":0,"max_hp_gain":0,"max_hp_loss":0,"event_name":"Lab","floor":19,"gold_loss":0},{"damage_healed":0,"gold_gain":0,"player_choice":"Max HP","damage_taken":0,"max_hp_gain":0,"max_hp_loss":3,"event_name":"Winding Halls","floor":36,"gold_loss":0},{"damage_healed":0,"gold_gain":0,"player_choice":"Fight","damage_taken":0,"max_hp_gain":0,"max_hp_loss":0,"event_name":"Mysterious Sphere","floor":41,"gold_loss":0},{"damage_healed":0,"gold_gain":0,"player_choice":"Fight","damage_taken":0,"max_hp_gain":0,"max_hp_loss":0,"event_name":"MindBloom","floor":44,"gold_loss":0},{"damage_healed":0,"gold_gain":0,"player_choice":"Memory 1","damage_taken":0,"max_hp_gain":0,"max_hp_loss":0,"event_name":"SensoryStone","floor":45,"gold_loss":0}],"is_beta":false,"boss_relics":[{"not_picked":["Ectoplasm","Cursed Key"],"picked":"Empty Cage"},{"not_picked":["Astrolabe","Velvet Choker"],"picked":"Fusion Hammer"}],"items_purged_floors":[10,14,28,39],"is_endless":false,"potions_floor_spawned":[2,3,8,16,21,23,25,30,40,41,48,55],"ascension_level":20,"potion_discard_per_floor":[[],[],[],[],[],[],[],[],[],[],[],[],[],[],[],[],[],[],[],[],[],[],[],[],[],[],[],[],[],[],[],[],[],[],[],[],[],[],[],[],["Fire Potion"],[],[],[],[],["PowerPotion"],[],[],[],[],[],[],[],[],[],[],[]]}