{"neow_bonuses_skipped_log":["THREE_CARDS","THREE_ENEMY_KILL","THREE_RARE_CARDS"],"potions_obtained_entropic_brew":[[],[],[],[],[],[],[],[],[],[],[],[],[],[],[],[],[],[],[],[],[],[],[],[],[],[],[],[],[],[],[],[],[],[],[],[],[],[],[],[],[],[],[],[],[],[],[],[],[],[],[],[],[],[],[],[],[]],"neow_costs_skipped_log":["NONE","NONE","TEN_PERCENT_HP_LOSS"],"gold_per_floor":[116,116,129,129,142,142,160,6,6,38,53,65,97,108,108,182,182,196,8,58,72,83,83,118,118,118,148,168,194,194,119,119,192,192,209,209,228,242,289,321,321,348,348,348,366,241,241,91,91,91,91,91,91,91,124,124],"floor_reached":57,"playtime":3330,"items_purged":["Strike_P","Strike_P","Pain","Strike_P"],"score":3385,"play_id":"7876870e-f9b4-488a-92b4-c8370a5b9500","local_time":"20240217172624","score_breakdown":["Floors Climbed (57): 285","Enemies Slain (15): 30","Exordium Elites Killed (2): 20","City Elites Killed (3): 60","Beyond Elites Killed (2): 60","Bosses Slain (5): 750","Speedster: 25","Champion (4): 100","Beyond Perfect: 200","Overkill: 25","C-c-c-combo: 25","Ascension (20): 1555","Heartbreaker: 250"],"is_ascension_mode":true,"potions_obtained_alchemize":[[],[],[],[],[],[],[],[],[],[],[],[],[],[],[],[],[],[],[],[],[],[],[],[],[],[],[],[],[],[],[],[],[],[],[],[],[],[],[],[],[],[],[],[],[],[],[],[],[],[],[],[],[],[],[],[],[]],"campfire_choices":[{"data":"SandsOfTime","floor":6,"key":"SMITH"},{"data":"Vault","floor":15,"key":"SMITH"},{"data":"MentalFortress","floor":23,"key":"SMITH"},{"floor":25,"key":"REST"},{"data":"EmptyMind","floor":32,"key":"SMITH"},{"floor":41,"key":"RECALL"},{"data":"Adaptation","floor":44,"key":"SMITH"},{"data":"Vault","floor":47,"key":"SMITH"},{"data":"Wireheading","floor":49,"key":"SMITH"},{"data":"CutThroughFate","floor":53,"key":"SMITH"}],"lesson_learned_per_floor":[[],[],[],[],[],[],[],[],[],[],[],[],[],[],[],[],[],[],[],[],[],[],[],[],[],[],[],[],[],[],[],[],[],[],[],[],[],[],[],[],[],[],[],[],[],[],[],[],[],[],[],[],[],[],[],[],[]],"neow_cost":"NONE","improvable_cards":{},"seed_source_timestamp":16900074866350,"shop_contents":[{"floor":8,"relics":["PreservedInsect","Whetstone","Sling"],"cards":["CrushJoints","WindmillStrike","Vengeance","Crescendo","Trip","Thinking Ahead"],"potions":["BlessingOfTheForge","SmokeBomb","ColorlessPotion"]},{"floor":19,"relics":["Omamori","Kunai","Orrery"],"cards":["FlurryOfBlows","CutThroughFate","Indignation","WreathOfFlame","Impatience","HandOfGreed"],"potions":["Ancient Potion","Swift Potion","AttackPotion"]},{"floor":31,"relics":["Toxic Egg 2","Ancient Tea Set","OrangePellets"],"cards":["ReachHeaven","SashWhip","Vengeance","Protect","Dark Shackles","Thinking Ahead"],"potions":["ColorlessPotion","Explosive Potion","BottledMiracle"]},{"floor":46,"relics":["Regal Pillow","Potion Belt","Lee\u0027s Waffle"],"cards":["JustLucky","Conclude","Perseverance","Halt","Fasting2","Enlightenment","Sadistic Nature"],"potions":["BlessingOfTheForge","Strength Potion","SkillPotion"]},{"floor":48,"relics":["Oddly Smooth Stone","Orichalcum","Frozen Eye"],"cards":["SignatureMove","JustLucky","PathToVictory","Protect","MasterReality","Bandage Up","Panache"],"potions":["SneckoOil","FairyPotion","BottledMiracle"]},{"floor":54,"relics":["Ice Cream","Strawberry","DollysMirror"],"cards":["EmptyFist","FollowUp","PathToVictory","Crescendo","Study","Dramatic Entrance","Chrysalis"],"potions":["Block Potion","GamblersBrew","SteroidPotion"]}],"circlet_count":0,"master_deck":["AscendersBane","Strike_P","Defend_P","Defend_P+1","Eruption+1","Vigilance","EmptyMind+1","SandsOfTime+1","Sanctity+1","Wireheading+1","Vault+1","Brilliance","Sanctity+1","MentalFortress+1","CutThroughFate+1","Adaptation+1","Vault+1","MentalFortress+1","FearNoEvil"],"potion_use_per_floor":[[],[],[],[],[],[],[],[],[],[],[],[],[],[],[],[],[],[],[],[],[],[],[],[],[],[],[],[],[],[],[],[],[],[],[],[],[],[],[],[],[],[],[],[],[],[],[],[],[],[],[],[],[],[],["Swift Potion"],[],[]],"relics":["Empty Cage","Pear","Sundial","Boot","Mummified Hand","Cursed Key","Pen Nib","War Paint","Vajra","Runic Pyramid","WingedGreaves","Gremlin Horn","MealTicket","Happy Flower"],"potions_floor_usage":[55],"damage_taken":[{"damage":7,"enemies":"Jaw Worm","floor":1,"turns":4},{"damage":14,"enemies":"2 Louse","floor":3,"turns":3},{"damage":0,"enemies":"Cultist","floor":5,"turns":2},{"damage":0,"enemies":"Blue Slaver","floor":7,"turns":2},{"damage":25,"enemies":"3 Sentries","floor":10,"turns":7},{"damage":3,"enemies":"Red Slaver","floor":11,"turns":3},{"damage":9,"enemies":"3 Louse","floor":12,"turns":4},{"damage":0,"enemies":"Lagavulin","floor":13,"turns":5},{"damage":0,"enemies":"Blue Slaver","floor":14,"turns":6},{"damage":0,"enemies":"The Guardian","floor":16,"turns":11},{"damage":22,"enemies":"2 Thieves","floor":18,"turns":5},{"damage":0,"enemies":"Chosen","floor":21,"turns":5},{"damage":0,"enemies":"Centurion and Healer","floor":22,"turns":7},{"damage":11,"enemies":"Gremlin Leader","floor":24,"turns":5},{"damage":0,"enemies":"Book of Stabbing","floor":27,"turns":5},{"damage":2,"enemies":"Shelled Parasite and Fungi","floor":28,"turns":5},{"damage":13,"enemies":"Slavers","floor":29,"turns":8},{"damage":0,"enemies":"Automaton","floor":33,"turns":4},{"damage":0,"enemies":"3 Shapes","floor":35,"turns":5},{"damage":0,"enemies":"Orb Walker","floor":37,"turns":4},{"damage":0,"enemies":"Transient","floor":38,"turns":8},{"damage":3,"enemies":"2 Orb Walkers","floor":39,"turns":5},{"damage":0,"enemies":"Nemesis","floor":40,"turns":7},{"damage":1,"enemies":"Reptomancer","floor":42,"turns":7},{"damage":25,"enemies":"3 Darklings","floor":45,"turns":5},{"damage":0,"enemies":"Donu and Deca","floor":50,"turns":4},{"damage":0,"enemies":"Awakened One","floor":51,"turns":4},{"damage":0,"enemies":"Shield and Spear","floor":55,"turns":7},{"damage":61,"enemies":"The Heart","floor":56,"turns":9}],"green_key_taken_log":40,"seed_played":"5651328666075307022","neow_bonus_log":{"cardsObtained":[],"cardsUpgraded":[],"cardsRemoved":[],"cardsTransformed":[],"relicsObtained":["Empty Cage"],"maxHpGained":0,"goldGained":0,"damageTaken":0,"goldLost":0,"maxHpLost":0},"potions_obtained":[{"floor":1,"key":"LiquidBronze"},{"floor":7,"key":"FairyPotion"},{"floor":10,"key":"SkillPotion"},{"floor":13,"key":"StancePotion"},{"floor":42,"key":"Swift Potion"}],"is_trial":false,"path_per_floor":["M","?","M","?","M","R","M","$","T","E","M","M","E","M","R","B",null,"M","$","?","M","M","R","E","R","T","E","M","E","?","$","R","B",null,"M","?","M","M","?","E","R","E","T","R","M","$","R","$","R","B","B",null,"R","$","E","B",null],"character_chosen":"WATCHER","basemod:card_modifiers":[null,null,null,null,null,null,null,null,null,null,null,null,null,null,null,null,null,null,null],"items_purchased":["Wireheading","MentalFortress","Adaptation"],"campfire_rested":1,"item_purchase_floors":[8,19,31],"current_hp_per_floor":[54,54,40,50,50,50,50,50,50,25,22,13,13,13,13,13,62,40,40,40,40,40,40,29,52,52,52,50,37,37,37,37,37,68,68,68,68,68,65,65,65,64,64,64,39,54,54,69,69,69,69,73,73,74,74,13],"gold":124,"neow_bonus":"BOSS_RELIC","is_prod":false,"is_daily":false,"rewards_skipped":[{"floor":18,"relics":[],"potions":["Strength Potion"]},{"floor":24,"relics":[],"potions":["SmokeBomb"]},{"floor":27,"relics":[],"potions":["EntropicBrew"]},{"floor":28,"relics":[],"potions":["SkillPotion"]},{"floor":29,"relics":[],"potions":["Regen Potion"]},{"floor":35,"relics":[],"potions":["LiquidBronze"]}],"chose_seed":false,"campfire_upgraded":8,"win_rate":0,"floor_exit_playtime":[55,65,123,127,149,155,218,236,247,345,400,452,512,617,622,760,808,877,905,926,985,1066,1074,1163,1169,1173,1281,1371,1512,1515,1525,1533,1718,1736,1810,1818,1863,2020,2107,2228,2241,2358,2378,2384,2499,2536,2542,2559,2568,2706,2888,2898,2904,2935,3120,3330],"timestamp":1708208784,"blue_key_relic_skipped_log":{"floor":43,"relicID":"Shuriken"},"path_taken":["M","?","M","?","M","R","M","$","T","E","M","M","E","M","R","BOSS","M","$","?","M","M","R","E","R","T","E","M","E","?","?","R","BOSS","M","?","M","?","?","E","R","E","T","R","?","$","R","$","R","BOSS","BOSS","R","$","E","BOSS"],"build_version":"2022-12-18","purchased_purges":4,"victory":true,"max_hp_per_floor":[68,68,68,78,78,78,78,78,78,78,78,78,78,78,78,78,78,78,78,78,78,78,78,78,78,78,78,78,78,78,78,78,78,78,78,74,74,74,74,74,74,74,74,74,74,74,74,74,74,74,74,74,74,74,74,74],"relic_stats":{"Gremlin Horn":[13,13],"Happy Flower":[3],"counters":[29,156],"Sundial":[180],"Mummified Hand":[84],"MealTicket":31,"Pen Nib":[32],"WingedGreaves":3,"War Paint":["Sanctity","Defend_P"],"Boot":[7],"Cursed Key":1,"obtain_stats":[{"Pear":4,"Gremlin Horn":40,"Happy Flower":55,"Vajra":29,"Pen Nib":24,"War Paint":27,"Empty Cage":0,"Boot":10,"Cursed Key":17,"Sundial":9,"Mummified Hand":13,"MealTicket":42,"WingedGreaves":39,"PureWater":0,"Runic Pyramid":34},{"Pear":2,"Gremlin Horn":23,"Happy Flower":28,"Vajra":17,"Pen Nib":14,"War Paint":15,"Empty Cage":0,"Boot":5,"Cursed Key":10,"Sundial":4,"Mummified Hand":8,"MealTicket":24,"WingedGreaves":22,"PureWater":0,"Runic Pyramid":18},{"Pear":7,"Gremlin Horn":120,"Happy Flower":147,"Vajra":87,"Pen Nib":69,"War Paint":74,"Empty Cage":0,"Boot":18,"Cursed Key":47,"Sundial":11,"Mummified Hand":30,"MealTicket":127,"WingedGreaves":113,"PureWater":0,"Runic Pyramid":91}]},"card_choices":[{"not_picked":["Vengeance","Prostrate"],"picked":"EmptyMind","floor":1},{"not_picked":["ThirdEye","Evaluate"],"picked":"SandsOfTime","floor":3},{"not_picked":["ClearTheMind","EmptyBody","SashWhip"],"picked":"SKIP","floor":5},{"not_picked":["Nirvana","Protect"],"picked":"Sanctity","floor":7},{"not_picked":["Swivel","ForeignInfluence"],"picked":"Vault","floor":10},{"not_picked":["CrushJoints","FollowUp","Worship"],"picked":"SKIP","floor":12},{"not_picked":["ConjureBlade","Ragnarok"],"picked":"Brilliance","floor":16},{"not_picked":["Vengeance","ThirdEye"],"picked":"Sanctity+1","floor":18},{"not_picked":["Perseverance","BowlingBash","EmptyBody"],"picked":"SKIP","floor":21},{"not_picked":["Protect","Collect"],"picked":"CutThroughFate","floor":22},{"not_picked":["Perseverance","SignatureMove","EmptyBody"],"picked":"SKIP","floor":24},{"not_picked":["Protect","Indignation","SandsOfTime"],"picked":"SKIP","floor":27},{"not_picked":["Judgement","Nirvana","LikeWater"],"picked":"SKIP","floor":29},{"not_picked":["Blasphemy","Wish"],"picked":"Vault","floor":33},{"not_picked":["CrushJoints","ThirdEye","Meditate"],"picked":"SKIP","floor":35},{"not_picked":["Fasting2","Wallop","CrushJoints"],"picked":"SKIP","floor":37},{"not_picked":["Consecrate+1","Worship"],"picked":"MentalFortress+1","floor":39},{"not_picked":["FollowUp","SpiritShield","ThirdEye"],"picked":"SKIP","floor":40},{"not_picked":["Wallop","ReachHeaven","CrushJoints"],"picked":"SKIP","floor":42},{"not_picked":["PathToVictory+1","Protect"],"picked":"FearNoEvil","floor":45},{"not_picked":["BowlingBash","Collect","Blasphemy"],"picked":"SKIP","floor":55}],"player_experience":6154696,"relics_obtained":[{"floor":9,"key":"Sundial"},{"floor":10,"key":"Boot"},{"floor":13,"key":"Mummified Hand"},{"floor":24,"key":"Pen Nib"},{"floor":27,"key":"War Paint"},{"floor":29,"key":"Vajra"},{"floor":39,"key":"WingedGreaves"},{"floor":40,"key":"Gremlin Horn"},{"floor":42,"key":"MealTicket"},{"floor":55,"key":"Happy Flower"}],"event_choices":[{"damage_healed":0,"gold_gain":0,"player_choice":"Upgraded","damage_taken":0,"max_hp_gain":0,"max_hp_loss":0,"event_name":"Upgrade Shrine","floor":2,"gold_loss":0,"cards_upgraded":["Eruption"]},{"damage_healed":0,"gold_gain":0,"player_choice":"Gave Potion","damage_taken":0,"relics_obtained":["Pear"],"max_hp_gain":0,"max_hp_loss":0,"event_name":"WeMeetAgain","floor":4,"gold_loss":0},{"damage_healed":0,"gold_gain":50,"player_choice":"Pray","damage_taken":0,"max_hp_gain":0,"max_hp_loss":0,"event_name":"Golden Shrine","floor":20,"gold_loss":0},{"damage_healed":0,"gold_gain":0,"player_choice":"Ignored","damage_taken":0,"max_hp_gain":0,"max_hp_loss":0,"event_name":"The Mausoleum","floor":30,"gold_loss":0},{"damage_healed":0,"gold_gain":0,"player_choice":"Max HP","damage_taken":0,"max_hp_gain":0,"max_hp_loss":4,"event_name":"Winding Halls","floor":36,"gold_loss":0},{"damage_healed":0,"gold_gain":0,"player_choice":"Fight","damage_taken":0,"max_hp_gain":0,"max_hp_loss":0,"event_name":"Mysterious Sphere","floor":39,"gold_loss":0}],"is_beta":false,"boss_relics":[{"not_picked":["Snecko Eye","Calling Bell"],"picked":"Cursed Key"},{"not_picked":["Astrolabe","Black Star"],"picked":"Runic Pyramid"}],"items_purged_floors":[8,19,46,48],"is_endless":false,"potions_floor_spawned":[1,7,10,13,18,24,27,28,29,35,42],"ascension_level":20,"potion_discard_per_floor":[[],[],[],[],[],[],[],[],[],[],[],[],["SkillPotion"],[],[],[],[],[],[],[],[],[],[],[],[],[],[],[],[],[],[],[],[],[],[],[],[],[],[],[],[],["StancePotion"],[],[],[],[],[],[],[],[],[],[],[],[],[],[],[]]}