{"neow_bonuses_skipped_log":["ONE_RANDOM_RARE_CARD","ONE_RARE_RELIC","BOSS_RELIC"],"potions_obtained_entropic_brew":[[],[],[],[],[],[],[],[],[],[],[],[],[],[],[],[],[],[],[],[],[],[],[],[],[],[],[],[],[],[],[],[],[],[],[],[],[],[],[],[],[],[],[],[],[],[],[],[],[],[],[],[],[],["ColorlessPotion","Ancient Potion"],[],[],[]],"neow_costs_skipped_log":["NONE","NO_GOLD","NONE"],"gold_per_floor":[209,226,245,9,27,58,75,131,131,131,145,175,175,208,208,286,286,301,312,323,56,68,101,101,101,101,116,216,241,281,313,313,387,387,404,418,418,431,444,444,471,181,181,222,222,561,601,638,650,662,674,686,698,111,145,145],"floor_reached":57,"playtime":4323,"items_purged":["Defend_P","Defend_P","Strike_P","Strike_P"],"score":3427,"play_id":"f95ea907-b057-41c8-b639-ff54de816e10","local_time":"20240221010458","score_breakdown":["Floors Climbed (57): 285","Enemies Slain (18): 36","Exordium Elites Killed (3): 30","City Elites Killed (3): 60","Beyond Elites Killed (3): 90","Bosses Slain (5): 750","I Like Shiny: 50","Money Money (1447): 25","Champion (4): 100","Beyond Perfect: 200","Ascension (20): 1551","Heartbreaker: 250"],"is_ascension_mode":true,"potions_obtained_alchemize":[[],[],[],[],[],[],[],[],[],[],[],[],[],[],[],[],[],[],[],[],[],[],[],[],[],[],[],[],[],[],[],[],[],[],[],[],[],[],[],[],[],[],[],[],[],[],[],[],[],[],[],[],[],[],[],[],[]],"campfire_choices":[{"data":"Eruption","floor":10,"key":"SMITH"},{"data":"Meditate","floor":13,"key":"SMITH"},{"data":"MentalFortress","floor":15,"key":"SMITH"},{"floor":24,"key":"REST"},{"data":"Scrawl","floor":32,"key":"SMITH"},{"data":"Vault","floor":40,"key":"SMITH"},{"floor":45,"key":"RECALL"},{"data":"TalkToTheHand","floor":49,"key":"SMITH"},{"data":"ClearTheMind","floor":53,"key":"SMITH"}],"lesson_learned_per_floor":[[],[],[],[],[],[],[],[],[],[],[],[],[],[],[],[],[],[],[],[],[],[],[],[],[],[],[],[],[],[],[],[],[],[],[],[],[],[],[],[],[],[],[],[],[],[],[],[],[],[],[],[],[],[],[],[],[]],"neow_cost":"NONE","improvable_cards":{},"seed_source_timestamp":25316303281206,"shop_contents":[{"floor":4,"relics":["StoneCalendar","PrismaticShard"],"cards":["SashWhip","ReachHeaven","Sanctity","Crescendo","Devotion","Purity","Chrysalis"],"potions":["Ancient Potion","SpeedPotion","EssenceOfSteel"]},{"floor":21,"relics":["Bird Faced Urn","HandDrill"],"cards":["SashWhip","EmptyFist","WreathOfFlame","ThirdEye","LikeWater","Purity","HandOfGreed"],"potions":["BottledMiracle","Ambrosia","DistilledChaos"]},{"floor":42,"relics":["MealTicket","Strange Spoon"],"cards":["CutThroughFate","ThirdEye","Protect","Wireheading","Madness","Panache"],"potions":["FairyPotion","StancePotion","ColorlessPotion"]},{"floor":54,"relics":[],"cards":["Weave","EmptyFist","Meditate","Omniscience","Devotion","Impatience","Sadistic Nature"],"potions":["SkillPotion","SpeedPotion"]}],"circlet_count":0,"master_deck":["AscendersBane","Strike_P","Strike_P","Defend_P","Defend_P","Eruption+1","Vigilance","Wallop","EmptyFist","MentalFortress+1","EmptyMind","Meditate+1","DeceiveReality","Wireheading","Sanctity","FlurryOfBlows","JustLucky","CutThroughFate","Scrawl+1","ClearTheMind+1","Indignation","Sanctity","Wallop","Vault+1","FlurryOfBlows","Halt","ThirdEye+1","Tantrum","FlurryOfBlows","TalkToTheHand+1","Meditate+1","MasterReality","Wireheading+1","EmptyMind"],"potion_use_per_floor":[[],[],[],[],[],["FearPotion"],[],["FearPotion"],[],[],["Regen Potion"],[],[],[],[],[],[],[],[],[],[],[],[],[],[],[],[],[],["AttackPotion"],["ColorlessPotion"],["ColorlessPotion"],[],[],[],[],[],[],[],[],[],[],[],[],[],[],[],[],[],[],[],[],[],[],["EntropicBrew"],[],["BottledMiracle"],[]],"relics":["PureWater","Happy Flower","Akabeko","Kunai","Ginger","Shuriken","Strawberry","Black Star","Toy Ornithopter","Blood Vial","Du-Vu Doll","Eternal Feather","Prayer Wheel","Darkstone Periapt","Incense Burner","HornCleat","Smiling Mask","Dead Branch","Coffee Dripper","CeramicFish","Pocketwatch","Nunchaku","Pen Nib","Mercury Hourglass","Old Coin","MawBank","Cauldron","Damaru","Vajra","Ornamental Fan","Anchor"],"potions_floor_usage":[6,8,11,29,30,31,54,56],"damage_taken":[{"damage":7,"enemies":"Jaw Worm","floor":1,"turns":4},{"damage":0,"enemies":"Cultist","floor":2,"turns":3},{"damage":0,"enemies":"Small Slimes","floor":3,"turns":3},{"damage":6,"enemies":"3 Louse","floor":5,"turns":3},{"damage":16,"enemies":"Gremlin Nob","floor":6,"turns":3},{"damage":14,"enemies":"Gremlin Gang","floor":7,"turns":4},{"damage":0,"enemies":"Gremlin Nob","floor":8,"turns":3},{"damage":1,"enemies":"Lots of Slimes","floor":11,"turns":7},{"damage":0,"enemies":"Lagavulin","floor":12,"turns":6},{"damage":16,"enemies":"Gremlin Nob","floor":14,"turns":4},{"damage":0,"enemies":"Hexaghost","floor":16,"turns":8},{"damage":0,"enemies":"Chosen","floor":18,"turns":5},{"damage":35,"enemies":"3 Byrds","floor":19,"turns":13},{"damage":6,"enemies":"Snake Plant","floor":20,"turns":4},{"damage":9,"enemies":"Chosen and Byrds","floor":22,"turns":7},{"damage":0,"enemies":"Gremlin Leader","floor":23,"turns":5},{"damage":0,"enemies":"Snecko","floor":27,"turns":7},{"damage":0,"enemies":"Colosseum Slavers","floor":28,"turns":4},{"damage":0,"enemies":"Colosseum Nobs","floor":28,"turns":5},{"damage":34,"enemies":"Slavers","floor":29,"turns":4},{"damage":2,"enemies":"Snake Plant","floor":30,"turns":3},{"damage":0,"enemies":"Book of Stabbing","floor":31,"turns":5},{"damage":0,"enemies":"Collector","floor":33,"turns":7},{"damage":0,"enemies":"3 Shapes","floor":35,"turns":8},{"damage":0,"enemies":"Orb Walker","floor":36,"turns":4},{"damage":0,"enemies":"Spire Growth","floor":38,"turns":6},{"damage":0,"enemies":"Sphere and 2 Shapes","floor":39,"turns":8},{"damage":0,"enemies":"Nemesis","floor":41,"turns":4},{"damage":2,"enemies":"Giant Head","floor":44,"turns":6},{"damage":16,"enemies":"Nemesis","floor":46,"turns":6},{"damage":0,"enemies":"Writhing Mass","floor":47,"turns":6},{"damage":0,"enemies":"Jaw Worm Horde","floor":48,"turns":7},{"damage":4,"enemies":"Awakened One","floor":50,"turns":13},{"damage":0,"enemies":"Time Eater","floor":51,"turns":9},{"damage":13,"enemies":"Shield and Spear","floor":55,"turns":8},{"damage":1,"enemies":"The Heart","floor":56,"turns":8}],"green_key_taken_log":44,"seed_played":"-4897463825165927719","neow_bonus_log":{"cardsObtained":[],"cardsUpgraded":[],"cardsRemoved":[],"cardsTransformed":[],"relicsObtained":[],"maxHpGained":0,"goldGained":100,"damageTaken":0,"goldLost":0,"maxHpLost":0},"potions_obtained":[{"floor":5,"key":"FearPotion"},{"floor":6,"key":"FearPotion"},{"floor":8,"key":"Regen Potion"},{"floor":11,"key":"SteroidPotion"},{"floor":12,"key":"SpeedPotion"},{"floor":18,"key":"AttackPotion"},{"floor":29,"key":"ColorlessPotion"},{"floor":30,"key":"ColorlessPotion"},{"floor":35,"key":"SpeedPotion"},{"floor":38,"key":"PowerPotion"},{"floor":39,"key":"Fire Potion"},{"floor":48,"key":"CultistPotion"},{"floor":54,"key":"EntropicBrew"},{"floor":54,"key":"FairyPotion"},{"floor":54,"key":"StancePotion"}],"is_trial":false,"path_per_floor":["M","M","M","$","M","E","M","?","T","R","M","E","R","E","R","B",null,"M","M","M","$","M","E","R","?","T","M","?","E","M","E","R","B",null,"M","M","?","M","M","R","E","$","T","E","R","E","M","M","R","B","B",null,"R","$","E","B",null],"character_chosen":"WATCHER","basemod:card_modifiers":[null,null,null,null,null,null,null,null,null,null,null,null,null,null,null,null,null,null,null,null,null,null,null,null,null,null,null,null,null,null,null,null,null,null],"items_purchased":["Happy Flower","Toy Ornithopter","TalkToTheHand","Nunchaku","Cauldron","Damaru","Vajra","BottledMiracle"],"campfire_rested":1,"item_purchase_floors":[4,21,42,42,54,54,54,54],"current_hp_per_floor":[54,54,54,54,48,32,18,18,18,18,32,32,32,23,23,23,62,62,27,21,21,12,12,34,34,34,36,40,13,18,25,40,42,67,69,71,71,73,75,75,75,75,75,73,75,59,61,63,75,71,73,75,75,75,62,68],"gold":145,"neow_bonus":"HUNDRED_GOLD","is_prod":false,"is_daily":false,"rewards_skipped":[{"floor":23,"relics":[],"potions":["Ancient Potion"]},{"floor":28,"relics":[],"potions":["PowerPotion"]},{"floor":54,"relics":[],"potions":["SpeedPotion","FairyPotion"]}],"chose_seed":false,"campfire_upgraded":7,"win_rate":0,"floor_exit_playtime":[42,60,90,116,160,187,237,292,295,301,376,455,466,514,522,626,662,737,968,1033,1049,1212,1321,1328,1336,1339,1467,1627,1731,1790,1892,1897,2041,2059,2145,2214,2216,2332,2462,2470,2556,2579,2582,2721,2726,2854,2986,3114,3122,3455,3788,3799,3815,3885,4096,4323],"timestamp":1708495498,"blue_key_relic_skipped_log":{"floor":43,"relicID":"Singing Bowl"},"path_taken":["M","M","M","$","M","E","M","?","T","R","M","E","R","E","R","BOSS","M","M","M","$","M","E","R","?","T","M","?","E","M","E","R","BOSS","M","M","?","M","M","R","E","$","T","E","R","E","M","M","R","BOSS","BOSS","R","$","E","BOSS"],"build_version":"2022-12-18","purchased_purges":4,"victory":true,"max_hp_per_floor":[68,68,68,68,68,68,68,68,68,68,68,68,68,75,75,75,75,75,75,75,75,75,75,75,75,75,75,75,75,75,75,75,75,75,75,75,75,75,75,75,75,75,75,75,75,75,75,75,75,75,75,75,75,75,75,75],"relic_stats":{"Darkstone Periapt":0,"Happy Flower":[66],"counters":[36,210],"Dead Branch":[92],"CeramicFish":45,"Eternal Feather":29,"Pen Nib":[17],"Ginger":[29],"Smiling Mask":175,"MawBank":96,"Mercury Hourglass":[144],"Blood Vial":30,"Cauldron":3,"Nunchaku":[19],"Shuriken":[97],"Ornamental Fan":[32],"Prayer Wheel":7,"Black Star":7,"Kunai":[99],"PureWater":[33],"obtain_stats":[{"Darkstone Periapt":28,"CeramicFish":41,"Vajra":54,"Incense Burner":29,"Ginger":9,"Smiling Mask":31,"Old Coin":46,"Blood Vial":23,"Nunchaku":42,"HornCleat":29,"Strawberry":14,"Prayer Wheel":28,"Kunai":8,"Happy Flower":4,"Dead Branch":31,"Damaru":54,"Eternal Feather":26,"Pen Nib":44,"MawBank":46,"Akabeko":6,"Mercury Hourglass":44,"Du-Vu Doll":23,"Cauldron":54,"Anchor":55,"Shuriken":12,"Ornamental Fan":55,"Black Star":17,"Coffee Dripper":34,"PureWater":0,"Toy Ornithopter":21,"Pocketwatch":41},{"Darkstone Periapt":19,"CeramicFish":28,"Vajra":34,"Incense Burner":20,"Ginger":7,"Smiling Mask":22,"Old Coin":30,"Blood Vial":16,"Nunchaku":28,"HornCleat":20,"Strawberry":10,"Prayer Wheel":19,"Kunai":7,"Happy Flower":3,"Dead Branch":22,"Damaru":34,"Eternal Feather":16,"Pen Nib":29,"MawBank":30,"Akabeko":5,"Mercury Hourglass":29,"Du-Vu Doll":16,"Cauldron":34,"Anchor":35,"Shuriken":9,"Ornamental Fan":35,"Black Star":11,"Coffee Dripper":23,"PureWater":0,"Toy Ornithopter":14,"Pocketwatch":28},{"Darkstone Periapt":98,"CeramicFish":147,"Vajra":194,"Incense Burner":102,"Ginger":23,"Smiling Mask":110,"Old Coin":159,"Blood Vial":82,"Nunchaku":147,"HornCleat":102,"Strawberry":40,"Prayer Wheel":98,"Kunai":23,"Happy Flower":10,"Dead Branch":110,"Damaru":194,"Eternal Feather":82,"Pen Nib":153,"MawBank":159,"Akabeko":16,"Mercury Hourglass":153,"Du-Vu Doll":82,"Cauldron":194,"Anchor":202,"Shuriken":36,"Ornamental Fan":202,"Black Star":48,"Coffee Dripper":117,"PureWater":0,"Toy Ornithopter":70,"Pocketwatch":147}],"Toy Ornithopter":20,"Pocketwatch":[23]},"card_choices":[{"not_picked":["EmptyFist","BattleHymn"],"picked":"Wallop","floor":1},{"not_picked":["Halt","FollowUp"],"picked":"EmptyFist","floor":2},{"not_picked":["ForeignInfluence","FlurryOfBlows"],"picked":"MentalFortress","floor":3},{"not_picked":["PathToVictory","WaveOfTheHand"],"picked":"EmptyMind","floor":5},{"not_picked":["Judgement","EmptyMind"],"picked":"Meditate","floor":6},{"not_picked":["CrushJoints","Protect","JustLucky"],"picked":"SKIP","floor":7},{"not_picked":["Vengeance","Blasphemy"],"picked":"DeceiveReality","floor":8},{"not_picked":["CutThroughFate","Evaluate"],"picked":"Wireheading","floor":11},{"not_picked":["PathToVictory","FollowUp","Protect"],"picked":"SKIP","floor":12},{"not_picked":["Worship","Protect","Nirvana"],"picked":"SKIP","floor":14},{"not_picked":["Blasphemy","Ragnarok","Omniscience"],"picked":"SKIP","floor":16},{"not_picked":["Protect","ThirdEye"],"picked":"Sanctity","floor":18},{"not_picked":["EmptyFist","Protect"],"picked":"FlurryOfBlows","floor":19},{"not_picked":["ForeignInfluence","Collect"],"picked":"JustLucky","floor":20},{"not_picked":["FollowUp","Evaluate"],"picked":"CutThroughFate","floor":22},{"not_picked":["Fasting2","BattleHymn","PathToVictory"],"picked":"SKIP","floor":23},{"not_picked":["Pray","Vengeance","FlyingSleeves","FlurryOfBlows","Meditate","WheelKick","Omniscience","Consecrate","DeceiveReality","Weave","Crescendo","Nirvana","EmptyFist","CutThroughFate","Adaptation","Evaluate","Fasting2","CrushJoints","Swivel"],"picked":"Scrawl","floor":25},{"not_picked":["SandsOfTime","JustLucky","Evaluate"],"picked":"SKIP","floor":27},{"not_picked":["WheelKick","Worship"],"picked":"ClearTheMind","floor":28},{"not_picked":["Perseverance","Halt","Brilliance"],"picked":"SKIP","floor":29},{"not_picked":["Prostrate","JustLucky"],"picked":"Indignation","floor":30},{"not_picked":["FlyingSleeves","JustLucky"],"picked":"Sanctity","floor":30},{"not_picked":["Prostrate","Omniscience"],"picked":"Wallop","floor":31},{"not_picked":["DevaForm","MasterReality"],"picked":"Vault","floor":33},{"not_picked":["ClearTheMind","ForeignInfluence","EmptyFist"],"picked":"SKIP","floor":35},{"not_picked":["Wallop","Protect+1","SignatureMove"],"picked":"SKIP","floor":35},{"not_picked":["BowlingBash+1","WreathOfFlame"],"picked":"FlurryOfBlows","floor":36},{"not_picked":["Protect+1","Pray"],"picked":"Halt","floor":36},{"not_picked":["Pray+1","SandsOfTime"],"picked":"ThirdEye+1","floor":38},{"not_picked":["Nirvana","Perseverance+1","BowlingBash"],"picked":"SKIP","floor":38},{"not_picked":["Wireheading","Protect"],"picked":"Tantrum","floor":39},{"not_picked":["DeceiveReality","Protect+1"],"picked":"FlurryOfBlows","floor":39},{"not_picked":["BowlingBash","Devotion","Collect"],"picked":"SKIP","floor":41},{"not_picked":["BowlingBash","Indignation+1"],"picked":"Meditate+1","floor":44},{"not_picked":["BowlingBash","ClearTheMind"],"picked":"MasterReality","floor":46},{"not_picked":["EmptyBody","Consecrate"],"picked":"Wireheading+1","floor":47},{"not_picked":["ThirdEye","ClearTheMind","CrushJoints"],"picked":"SKIP","floor":47},{"not_picked":["Study","SashWhip"],"picked":"EmptyMind","floor":48},{"not_picked":["PathToVictory","Worship","BattleHymn"],"picked":"SKIP","floor":48},{"not_picked":["FollowUp","Crescendo","Halt"],"picked":"SKIP","floor":55}],"player_experience":6232493,"relics_obtained":[{"floor":6,"key":"Akabeko"},{"floor":8,"key":"Kunai"},{"floor":9,"key":"Ginger"},{"floor":12,"key":"Shuriken"},{"floor":14,"key":"Strawberry"},{"floor":23,"key":"Blood Vial"},{"floor":23,"key":"Du-Vu Doll"},{"floor":26,"key":"Eternal Feather"},{"floor":28,"key":"Prayer Wheel"},{"floor":28,"key":"Darkstone Periapt"},{"floor":29,"key":"Incense Burner"},{"floor":29,"key":"HornCleat"},{"floor":31,"key":"Smiling Mask"},{"floor":31,"key":"Dead Branch"},{"floor":41,"key":"CeramicFish"},{"floor":41,"key":"Pocketwatch"},{"floor":44,"key":"Pen Nib"},{"floor":44,"key":"Mercury Hourglass"},{"floor":46,"key":"Old Coin"},{"floor":46,"key":"MawBank"},{"floor":55,"key":"Ornamental Fan"},{"floor":55,"key":"Anchor"}],"event_choices":[{"damage_healed":0,"gold_gain":0,"player_choice":"Searched \u00271\u0027 times","damage_taken":0,"max_hp_gain":0,"max_hp_loss":0,"event_name":"Dead Adventurer","floor":8,"gold_loss":0},{"damage_healed":0,"gold_gain":0,"player_choice":"Read","damage_taken":0,"max_hp_gain":0,"max_hp_loss":0,"event_name":"The Library","floor":25,"gold_loss":0,"cards_obtained":["Scrawl"]},{"damage_healed":0,"gold_gain":0,"player_choice":"Fight","damage_taken":0,"max_hp_gain":0,"max_hp_loss":0,"event_name":"Colosseum","floor":28,"gold_loss":0},{"damage_healed":0,"gold_gain":0,"player_choice":"Fought Nobs","damage_taken":0,"max_hp_gain":0,"max_hp_loss":0,"event_name":"Colosseum","floor":28,"gold_loss":0},{"damage_healed":0,"gold_gain":0,"player_choice":"Ignored","damage_taken":0,"max_hp_gain":0,"max_hp_loss":0,"event_name":"Tomb of Lord Red Mask","floor":37,"gold_loss":0}],"is_beta":false,"boss_relics":[{"not_picked":["Cursed Key","Philosopher\u0027s Stone"],"picked":"Black Star"},{"not_picked":["Velvet Choker","Pandora\u0027s Box"],"picked":"Coffee Dripper"}],"items_purged_floors":[4,21,42,54],"is_endless":false,"potions_floor_spawned":[5,6,8,11,12,18,23,28,29,30,35,38,39,48],"ascension_level":20,"potion_discard_per_floor":[[],[],[],[],[],[],[],[],[],[],[],[],[],[],[],[],[],["SpeedPotion"],[],[],[],[],[],[],[],[],[],[],[],[],[],[],[],[],[],[],[],["SpeedPotion"],["PowerPotion"],[],[],[],[],[],[],[],[],["Fire Potion"],[],[],[],[],[],["CultistPotion","SteroidPotion","ColorlessPotion","Ancient Potion","StancePotion"],[],[],[]]}