{"neow_bonuses_skipped_log":["THREE_ENEMY_KILL","RANDOM_COLORLESS_2","BOSS_RELIC"],"potions_obtained_entropic_brew":[[],[],[],[],[],[],[],[],[],[],[],[],[],[],[],[],[],[],[],[],[],[],[],[],[],[],[],[],[],[],[],[],[],[],[],[],[],[],[],[],[],[],[],[],[],[],[],[],[],[],[],[],[],[],[],[],[]],"neow_costs_skipped_log":["NONE","PERCENT_DAMAGE","NONE"],"gold_per_floor":[116,136,151,76,76,76,86,104,104,137,137,162,172,72,72,149,149,167,180,180,55,70,97,107,137,217,217,249,249,249,280,280,356,356,367,367,367,380,430,465,465,498,547,427,427,287,306,306,306,306,306,306,306,12,47,47],"floor_reached":57,"playtime":2143,"items_purged":["Defend_P","Strike_P","Strike_P+1","CarveReality+1","WheelKick+1","EmptyFist+1"],"score":3492,"play_id":"78bfee4b-ec85-4376-899f-2278a83ae648","local_time":"20240225224140","falling_options_log":["FearNoEvil+1","InnerPeace+1"],"score_breakdown":["Floors Climbed (57): 285","Enemies Slain (13): 26","Exordium Elites Killed (2): 20","City Elites Killed (4): 80","Beyond Elites Killed (2): 60","Bosses Slain (5): 750","Light Speed: 50","I Like Shiny: 50","Champion (5): 125","Beyond Perfect: 200","C-c-c-combo: 25","Ascension (20): 1571","Heartbreaker: 250"],"is_ascension_mode":true,"potions_obtained_alchemize":[[],[],[],[],[],[],[],[],[],[],[],[],[],[],[],[],[],[],[],[],[],[],[],[],[],[],[],[],[],[],[],[],[],[],[],[],[],[],[],[],[],[],[],[],[],[],[],[],[],[],[],[],[],[],[],[],[]],"campfire_choices":[{"data":"Eruption","floor":6,"key":"SMITH"},{"floor":11,"key":"REST"},{"data":"EmptyFist","floor":15,"key":"SMITH"},{"floor":29,"key":"REST"},{"floor":32,"key":"RECALL"},{"floor":41,"key":"DIG"},{"floor":49,"key":"DIG"},{"floor":53,"key":"DIG"}],"lesson_learned_per_floor":[[],["Defend_P"],["CarveReality"],[],[],[],["Vigilance"],["InnerPeace"],[],["Strike_P"],[],["Strike_P"],["MentalFortress"],[],[],["LessonLearned"],[],["FearNoEvil"],["Strike_P"],[],[],["FlurryOfBlows"],["Adaptation"],["Wireheading"],["Tantrum"],[],[],["Adaptation"],[],[],["WheelKick"],[],[],[],[],[],[],[],[],[],[],[],[],[],[],[],[],[],[],[],[],[],[],[],[],[],[]],"neow_cost":"NONE","improvable_cards":{},"seed_source_timestamp":28751660685797,"shop_contents":[{"floor":4,"relics":["Akabeko","StrikeDummy","Strange Spoon"],"cards":["SignatureMove","FollowUp","ThirdEye","WaveOfTheHand","Wireheading","Madness","Secret Technique"],"potions":["Energy Potion","Energy Potion","SmokeBomb"]},{"floor":14,"relics":["Darkstone Periapt","Bag of Marbles","OrangePellets"],"cards":["CrushJoints","CutThroughFate","WaveOfTheHand+1","Protect+1","Fasting2","Discovery+1","Magnetism"],"potions":["FearPotion","Weak Potion","DuplicationPotion"]},{"floor":21,"relics":["Thread and Needle","Dream Catcher","DollysMirror"],"cards":["Wallop","EmptyFist","Prostrate+1","Halt+1","MentalFortress","Dramatic Entrance","The Bomb+1"],"potions":["Fruit Juice","Fire Potion","SneckoOil"]},{"floor":44,"relics":["Ornamental Fan","Centennial Puzzle","PrismaticShard"],"cards":["JustLucky","Conclude","DeceiveReality+1","InnerPeace+1","BattleHymn","Finesse+1","Mayhem"],"potions":["Dexterity Potion","Swift Potion","Energy Potion"]},{"floor":46,"relics":["Pear","Sundial","Orrery"],"cards":["WheelKick","Conclude","Crescendo+1","Collect+1","Wireheading","Jack Of All Trades+1","Secret Weapon+1"],"potions":["BlessingOfTheForge","GamblersBrew","Fire Potion"]},{"floor":54,"relics":["White Beast Statue","Damaru","Kunai"],"cards":["FearNoEvil","SashWhip","Omniscience+1","ThirdEye+1","MentalFortress","Discovery+1","Apotheosis+1"],"potions":["SpeedPotion","SneckoOil","Fruit Juice"]}],"circlet_count":0,"master_deck":["AscendersBane","Eruption+1","Vigilance+1","LessonLearned+1","InnerPeace+1","MentalFortress+1","FlurryOfBlows+1","FearNoEvil+1","Tantrum+1","Vault+1","Adaptation+1","Adaptation+1","Sanctity+1","Vault+1"],"potion_use_per_floor":[[],[],[],[],[],[],[],[],[],["BlessingOfTheForge"],[],[],[],[],[],[],[],[],[],[],[],[],[],[],["Fire Potion"],[],[],[],[],[],[],[],[],[],[],[],[],[],[],[],[],[],[],[],[],[],[],[],[],[],[],[],[],[],[],["DuplicationPotion","Ancient Potion"],[]],"relics":["PureWater","Anchor","Juzu Bracelet","Toxic Egg 2","Black Star","CloakClasp","Toy Ornithopter","Regal Pillow","Yang","InkBottle","Nunchaku","Bottled Tornado","Question Card","Whetstone","Runic Pyramid","Shovel","Bottled Flame","Orichalcum","MealTicket","The Courier","Blood Vial","Pen Nib","Blue Candle","Medical Kit","FossilizedHelix","Boot"],"potions_floor_usage":[10,25,56,56],"damage_taken":[{"damage":11,"enemies":"Jaw Worm","floor":1,"turns":5},{"damage":0,"enemies":"2 Louse","floor":2,"turns":4},{"damage":0,"enemies":"Cultist","floor":3,"turns":4},{"damage":14,"enemies":"3 Louse","floor":7,"turns":4},{"damage":0,"enemies":"Gremlin Gang","floor":8,"turns":3},{"damage":10,"enemies":"3 Sentries","floor":10,"turns":3},{"damage":0,"enemies":"Lagavulin","floor":12,"turns":6},{"damage":3,"enemies":"Red Slaver","floor":13,"turns":5},{"damage":12,"enemies":"Hexaghost","floor":16,"turns":6},{"damage":0,"enemies":"2 Thieves","floor":18,"turns":2},{"damage":0,"enemies":"Spheric Guardian","floor":19,"turns":4},{"damage":0,"enemies":"Snake Plant","floor":22,"turns":4},{"damage":23,"enemies":"Book of Stabbing","floor":23,"turns":3},{"damage":0,"enemies":"Sentry and Sphere","floor":24,"turns":3},{"damage":3,"enemies":"Slavers","floor":25,"turns":5},{"damage":2,"enemies":"Book of Stabbing","floor":28,"turns":4},{"damage":0,"enemies":"Slavers","floor":31,"turns":3},{"damage":0,"enemies":"Collector","floor":33,"turns":3},{"damage":0,"enemies":"Orb Walker","floor":35,"turns":3},{"damage":0,"enemies":"3 Shapes","floor":38,"turns":2},{"damage":0,"enemies":"2 Orb Walkers","floor":39,"turns":3},{"damage":0,"enemies":"Giant Head","floor":40,"turns":6},{"damage":0,"enemies":"Nemesis","floor":42,"turns":4},{"damage":0,"enemies":"Jaw Worm Horde","floor":47,"turns":2},{"damage":23,"enemies":"Time Eater","floor":50,"turns":6},{"damage":0,"enemies":"Donu and Deca","floor":51,"turns":4},{"damage":0,"enemies":"Shield and Spear","floor":55,"turns":3},{"damage":0,"enemies":"The Heart","floor":56,"turns":7}],"green_key_taken_log":40,"seed_played":"7254870216962141949","neow_bonus_log":{"cardsObtained":["LessonLearned"],"cardsUpgraded":[],"cardsRemoved":[],"cardsTransformed":["Defend_P"],"relicsObtained":[],"maxHpGained":0,"goldGained":0,"damageTaken":0,"goldLost":0,"maxHpLost":0},"potions_obtained":[{"floor":1,"key":"BlessingOfTheForge"},{"floor":7,"key":"Energy Potion"},{"floor":10,"key":"DuplicationPotion"},{"floor":16,"key":"Fire Potion"},{"floor":25,"key":"DuplicationPotion"},{"floor":37,"key":"Ancient Potion"}],"is_trial":false,"path_per_floor":["M","M","M","$","?","R","M","M","T","E","R","E","M","$","R","B",null,"M","M","?","$","M","E","M","E","T","?","E","R","?","E","R","B",null,"M","?","?","M","?","E","R","E","T","$","?","$","M","?","R","B","B",null,"R","$","E","B",null],"character_chosen":"WATCHER","basemod:card_modifiers":[null,null,null,null,null,null,null,null,null,null,null,null,null,null],"items_purchased":["Medical Kit"],"campfire_rested":2,"item_purchase_floors":[54],"current_hp_per_floor":[50,50,50,50,43,43,29,29,29,19,39,39,36,36,36,24,57,57,57,57,57,57,34,34,36,36,36,34,68,68,68,68,68,68,68,68,68,68,68,68,68,68,68,68,68,68,68,68,68,45,47,63,63,68,68,68],"gold":47,"neow_bonus":"TRANSFORM_CARD","is_prod":false,"is_daily":false,"rewards_skipped":[{"floor":13,"relics":[],"potions":["Fire Potion"]},{"floor":22,"relics":[],"potions":["Strength Potion"]},{"floor":23,"relics":[],"potions":["DuplicationPotion"]},{"floor":37,"relics":[],"potions":["EntropicBrew"]},{"floor":38,"relics":[],"potions":["SpeedPotion"]},{"floor":39,"relics":[],"potions":["Block Potion"]},{"floor":47,"relics":[],"potions":["BottledMiracle"]}],"chose_seed":false,"campfire_upgraded":2,"win_rate":0,"floor_exit_playtime":[59,86,135,155,164,180,219,261,263,323,327,420,457,478,484,562,584,620,668,692,703,770,819,901,1015,1019,1022,1126,1132,1137,1234,1239,1322,1372,1408,1416,1424,1455,1507,1578,1587,1650,1654,1665,1668,1682,1713,1722,1726,1822,1912,1924,1928,1947,2004,2143],"timestamp":1708918900,"blue_key_relic_skipped_log":{"floor":43,"relicID":"Smiling Mask"},"path_taken":["M","M","M","$","?","R","M","M","T","E","R","E","M","$","R","BOSS","M","M","?","$","M","E","M","E","T","?","E","R","?","E","R","BOSS","M","?","?","M","?","E","R","E","T","$","?","$","M","?","R","BOSS","BOSS","R","$","E","BOSS"],"build_version":"2022-12-18","purchased_purges":6,"victory":true,"max_hp_per_floor":[68,68,68,68,68,68,68,68,68,68,68,68,68,68,68,68,68,68,68,68,68,68,68,68,68,68,68,68,68,68,68,68,68,68,68,68,68,68,68,68,68,68,68,68,68,68,68,68,68,68,68,68,68,68,68,68],"relic_stats":{"Regal Pillow":14,"Yang":[269],"Juzu Bracelet":1,"CloakClasp":[247],"Whetstone":[],"Bottled Tornado":"Adaptation","Boot":[210],"Blood Vial":2,"Nunchaku":[25],"Shovel":3,"MealTicket":5,"InkBottle":[34],"counters":[28,111],"Blue Candle":[0],"The Courier":139,"Pen Nib":[13],"Orichalcum":[12],"Question Card":9,"Medical Kit":[3],"Bottled Flame":"Tantrum","Black Star":7,"PureWater":[23],"obtain_stats":[{"Regal Pillow":25,"Yang":25,"Juzu Bracelet":10,"CloakClasp":23,"Whetstone":31,"Bottled Tornado":28,"Boot":55,"Blood Vial":42,"Nunchaku":28,"Shovel":39,"MealTicket":41,"Toxic Egg 2":12,"InkBottle":26,"Runic Pyramid":34,"Blue Candle":53,"The Courier":42,"Pen Nib":49,"Orichalcum":40,"Question Card":31,"Medical Kit":54,"Anchor":9,"Bottled Flame":40,"Black Star":17,"PureWater":0,"Toy Ornithopter":23,"FossilizedHelix":55},{"Regal Pillow":15,"Yang":15,"Juzu Bracelet":6,"CloakClasp":13,"Whetstone":17,"Bottled Tornado":16,"Boot":27,"Blood Vial":23,"Nunchaku":16,"Shovel":21,"MealTicket":22,"Toxic Egg 2":7,"InkBottle":15,"Runic Pyramid":18,"Blue Candle":26,"The Courier":23,"Pen Nib":24,"Orichalcum":22,"Question Card":17,"Medical Kit":26,"Anchor":5,"Bottled Flame":22,"Black Star":9,"PureWater":0,"Toy Ornithopter":13,"FossilizedHelix":27},{"Regal Pillow":61,"Yang":61,"Juzu Bracelet":23,"CloakClasp":53,"Whetstone":68,"Bottled Tornado":65,"Boot":104,"Blood Vial":89,"Nunchaku":65,"Shovel":79,"MealTicket":85,"Toxic Egg 2":29,"InkBottle":61,"Runic Pyramid":71,"Blue Candle":101,"The Courier":89,"Pen Nib":91,"Orichalcum":85,"Question Card":68,"Medical Kit":101,"Anchor":20,"Bottled Flame":85,"Black Star":40,"PureWater":0,"Toy Ornithopter":53,"FossilizedHelix":104}],"Toy Ornithopter":5,"FossilizedHelix":[0]},"card_choices":[{"not_picked":["EmptyBody","Crescendo"],"picked":"CarveReality","floor":1},{"not_picked":["BowlingBash","Crescendo"],"picked":"InnerPeace","floor":2},{"not_picked":["Indignation","ThirdEye"],"picked":"EmptyFist","floor":3},{"not_picked":["EmptyBody","ThirdEye"],"picked":"MentalFortress","floor":7},{"not_picked":["Evaluate","Perseverance","SignatureMove"],"picked":"SKIP","floor":8},{"not_picked":["TalkToTheHand","SashWhip"],"picked":"FlurryOfBlows","floor":10},{"not_picked":["CrushJoints","Judgement+1"],"picked":"FearNoEvil","floor":12},{"not_picked":["FlyingSleeves","FearNoEvil"],"picked":"Tantrum","floor":13},{"not_picked":["Alpha+1","Judgement+1"],"picked":"Vault+1","floor":16},{"not_picked":["Prostrate+1","CrushJoints"],"picked":"Wireheading","floor":18},{"not_picked":["Consecrate","FlyingSleeves+1"],"picked":"Adaptation","floor":19},{"not_picked":["Adaptation","Crescendo+1","CutThroughFate"],"picked":"SKIP","floor":24},{"not_picked":["ClearTheMind+1","Tantrum"],"picked":"Adaptation","floor":25},{"not_picked":["WaveOfTheHand+1","Prostrate+1","CutThroughFate"],"picked":"SKIP","floor":28},{"not_picked":["WaveOfTheHand+1","Prostrate+1","CutThroughFate"],"picked":"SKIP","floor":28},{"not_picked":["WaveOfTheHand+1","Prostrate+1","CutThroughFate"],"picked":"SKIP","floor":28},{"not_picked":["Consecrate","ThirdEye+1","PathToVictory+1"],"picked":"SKIP","floor":31},{"not_picked":["LessonLearned","Wish+1","DevaForm"],"picked":"Vault+1","floor":33},{"not_picked":["LikeWater","Vengeance+1","ReachHeaven+1","CrushJoints"],"picked":"SKIP","floor":35},{"not_picked":["WreathOfFlame+1","ThirdEye+1","BowlingBash+1","DeceiveReality+1"],"picked":"SKIP","floor":38},{"not_picked":["Evaluate+1","TalkToTheHand","ThirdEye+1","Study"],"picked":"SKIP","floor":39},{"not_picked":["EmptyFist+1","Evaluate+1","BowlingBash","Swivel+1"],"picked":"SKIP","floor":40},{"not_picked":["ThirdEye+1","Crescendo+1","FlurryOfBlows+1","Wallop"],"picked":"SKIP","floor":47},{"not_picked":["Jack Of All Trades+1","Madness+1","Magnetism","Forethought+1"],"picked":"SKIP","floor":48},{"not_picked":["SashWhip","Tantrum+1","ClearTheMind+1","Fasting2"],"picked":"SKIP","floor":55}],"player_experience":6335546,"relics_obtained":[{"floor":9,"key":"Anchor"},{"floor":10,"key":"Juzu Bracelet"},{"floor":12,"key":"Toxic Egg 2"},{"floor":23,"key":"CloakClasp"},{"floor":23,"key":"Toy Ornithopter"},{"floor":25,"key":"Regal Pillow"},{"floor":25,"key":"Yang"},{"floor":26,"key":"InkBottle"},{"floor":28,"key":"Nunchaku"},{"floor":28,"key":"Bottled Tornado"},{"floor":31,"key":"Question Card"},{"floor":31,"key":"Whetstone"},{"floor":39,"key":"Shovel"},{"floor":40,"key":"Bottled Flame"},{"floor":40,"key":"Orichalcum"},{"floor":41,"key":"MealTicket"},{"floor":42,"key":"The Courier"},{"floor":42,"key":"Blood Vial"},{"floor":49,"key":"Pen Nib"},{"floor":53,"key":"Blue Candle"},{"floor":55,"key":"FossilizedHelix"},{"floor":55,"key":"Boot"}],"event_choices":[{"cards_removed":["Defend_P"],"damage_healed":0,"gold_gain":0,"player_choice":"Card Removal","damage_taken":7,"max_hp_gain":0,"max_hp_loss":0,"event_name":"Golden Wing","floor":5,"gold_loss":0},{"cards_removed":["Strike_P"],"damage_healed":0,"gold_gain":0,"player_choice":"Elegance","damage_taken":0,"max_hp_gain":0,"max_hp_loss":0,"event_name":"Back to Basics","floor":20,"gold_loss":0},{"damage_healed":0,"gold_gain":0,"player_choice":"Ignored","damage_taken":0,"max_hp_gain":0,"max_hp_loss":0,"event_name":"Ghosts","floor":27,"gold_loss":0},{"damage_healed":0,"gold_gain":0,"cards_transformed":["Defend_P","Strike_P"],"player_choice":"Became Test Subject","damage_taken":0,"max_hp_gain":0,"max_hp_loss":0,"event_name":"Drug Dealer","floor":30,"gold_loss":0,"cards_obtained":["WheelKick","Sanctity"]},{"cards_removed":["Wireheading"],"damage_healed":0,"gold_gain":0,"player_choice":"Removed Power","damage_taken":0,"max_hp_gain":0,"max_hp_loss":0,"event_name":"Falling","floor":36,"gold_loss":0},{"damage_healed":0,"gold_gain":0,"player_choice":"Got Potions","damage_taken":0,"max_hp_gain":0,"max_hp_loss":0,"event_name":"Lab","floor":37,"gold_loss":0},{"damage_healed":0,"gold_gain":0,"player_choice":"Fight","damage_taken":0,"max_hp_gain":0,"max_hp_loss":0,"event_name":"Mysterious Sphere","floor":39,"gold_loss":0},{"damage_healed":0,"gold_gain":0,"player_choice":"Ignored","damage_taken":0,"max_hp_gain":0,"max_hp_loss":0,"event_name":"Tomb of Lord Red Mask","floor":45,"gold_loss":0},{"damage_healed":0,"gold_gain":0,"player_choice":"Memory 1","damage_taken":0,"max_hp_gain":0,"max_hp_loss":0,"event_name":"SensoryStone","floor":48,"gold_loss":0}],"is_beta":false,"boss_relics":[{"not_picked":["Busted Crown","Tiny House"],"picked":"Black Star"},{"not_picked":["Philosopher\u0027s Stone","Fusion Hammer"],"picked":"Runic Pyramid"}],"items_purged_floors":[4,14,21,44,46,54],"is_endless":false,"potions_floor_spawned":[1,7,10,13,16,22,23,25,38,39,47],"ascension_level":20,"potion_discard_per_floor":[[],[],[],[],[],[],[],[],[],[],[],[],[],[],[],["Energy Potion"],[],[],[],[],[],[],[],[],[],[],[],[],[],[],[],[],[],[],[],[],["DuplicationPotion"],[],[],[],[],[],[],[],[],[],[],[],[],[],[],[],[],[],[],[],[]]}