{"neow_bonuses_skipped_log":["ONE_RANDOM_RARE_CARD","HUNDRED_GOLD","RANDOM_COLORLESS_2"],"potions_obtained_entropic_brew":[[],[],[],[],[],[],[],[],[],[],[],[],[],[],[],["Weak Potion","Dexterity Potion"]],"neow_costs_skipped_log":["NONE","NONE","CURSE"],"gold_per_floor":[113,113,131,147,147,147,177,177,177,187,213,55,55,88,88,88],"floor_reached":16,"playtime":608,"items_purged":["Strike_P"],"score":286,"play_id":"3cd4540e-7776-485e-9a0a-ce127b5ec0f0","local_time":"20240216225140","score_breakdown":["Floors Climbed (16): 80","Enemies Slain (4): 8","Exordium Elites Killed (3): 30","Bosses Slain (0): 0","Champion (1): 25","Ascension (20): 143"],"is_ascension_mode":true,"potions_obtained_alchemize":[[],[],[],[],[],[],[],[],[],[],[],[],[],[],[],[]],"campfire_choices":[{"data":"Eruption","floor":8,"key":"SMITH"},{"floor":13,"key":"REST"},{"data":"EmptyMind","floor":15,"key":"SMITH"}],"lesson_learned_per_floor":[[],[],[],[],[],[],[],[],[],[],[],[],[],[],[],[]],"neow_cost":"NONE","improvable_cards":{},"seed_source_timestamp":29271027796741,"shop_contents":[{"floor":12,"relics":["Pear","Bag of Preparation","Toolbox"],"cards":["Brilliance","CrushJoints","EmptyBody","InnerPeace","Deep Breath","Panache"],"potions":["Weak Potion","Fire Potion","EntropicBrew"]}],"circlet_count":0,"master_deck":["AscendersBane","Strike_P","Strike_P","Strike_P","Defend_P+1","Defend_P+1","Eruption+1","Vigilance","Consecrate","EmptyFist","InnerPeace","FearNoEvil","MentalFortress","EmptyMind+1"],"potion_use_per_floor":[[],[],[],[],[],[],["FearPotion"],[],[],[],[],[],[],["Energy Potion"],[],["EntropicBrew","Weak Potion","Dexterity Potion"]],"relics":["Empty Cage","Matryoshka","Art of War","Ancient Tea Set","Gremlin Horn","War Paint","Dream Catcher","Singing Bowl"],"potions_floor_usage":[7,14,16,16,16],"damage_taken":[{"damage":1,"enemies":"Small Slimes","floor":1,"turns":4},{"damage":0,"enemies":"Cultist","floor":3,"turns":2},{"damage":0,"enemies":"2 Louse","floor":4,"turns":2},{"damage":22,"enemies":"Lagavulin","floor":7,"turns":5},{"damage":0,"enemies":"Lots of Slimes","floor":10,"turns":2},{"damage":28,"enemies":"3 Sentries","floor":11,"turns":7},{"damage":0,"enemies":"Lagavulin","floor":14,"turns":5},{"damage":36,"enemies":"Slime Boss","floor":16,"turns":7}],"seed_played":"8799797926113677908","neow_bonus_log":{"cardsObtained":[],"cardsUpgraded":[],"cardsRemoved":[],"cardsTransformed":[],"relicsObtained":["Empty Cage"],"maxHpGained":0,"goldGained":0,"damageTaken":0,"goldLost":0,"maxHpLost":0},"potions_obtained":[{"floor":1,"key":"FearPotion"},{"floor":3,"key":"EntropicBrew"},{"floor":7,"key":"Energy Potion"}],"is_trial":false,"path_per_floor":["M","T","M","M","?","?","E","R","T","M","E","$","R","E","R","B"],"character_chosen":"WATCHER","basemod:card_modifiers":[null,null,null,null,null,null,null,null,null,null,null,null,null,null],"items_purchased":["MentalFortress"],"campfire_rested":1,"item_purchase_floors":[12],"current_hp_per_floor":[60,60,60,60,60,55,33,33,33,33,5,5,25,25,25,0],"gold":88,"neow_bonus":"BOSS_RELIC","is_prod":false,"is_daily":false,"rewards_skipped":[],"chose_seed":false,"campfire_upgraded":2,"win_rate":0,"floor_exit_playtime":[58,73,86,108,121,128,166,195,202,250,339,349,353,436,448],"timestamp":1708141900,"path_taken":["M","?","M","M","?","?","E","R","T","?","E","?","R","E","R","BOSS"],"build_version":"2022-12-18","purchased_purges":1,"victory":false,"max_hp_per_floor":[68,68,68,68,68,68,68,68,68,68,68,68,68,68,68,68],"relic_stats":{"Dream Catcher":1,"Matryoshka":1,"Gremlin Horn":[6,6],"Singing Bowl":0,"counters":[8,34],"Art of War":[2],"War Paint":["Defend_P","Defend_P"],"Ancient Tea Set":[6],"obtain_stats":[{"Dream Catcher":11,"Matryoshka":2,"Gremlin Horn":9,"Singing Bowl":14,"Art of War":6,"PureWater":0,"War Paint":9,"Empty Cage":0,"Ancient Tea Set":7},{"Dream Catcher":6,"Matryoshka":1,"Gremlin Horn":4,"Singing Bowl":7,"Art of War":3,"PureWater":0,"War Paint":4,"Empty Cage":0,"Ancient Tea Set":4},{"Dream Catcher":22,"Matryoshka":4,"Gremlin Horn":13,"Singing Bowl":27,"Art of War":8,"PureWater":0,"War Paint":13,"Empty Cage":0,"Ancient Tea Set":13}]},"card_choices":[{"not_picked":["EmptyBody","Prostrate"],"picked":"Consecrate","floor":1},{"not_picked":["FlyingSleeves","Halt"],"picked":"EmptyFist","floor":3},{"not_picked":["EmptyBody","SashWhip","ConjureBlade"],"picked":"SKIP","floor":4},{"not_picked":["Prostrate","BattleHymn"],"picked":"InnerPeace","floor":7},{"not_picked":["Consecrate","Prostrate"],"picked":"FearNoEvil","floor":10},{"not_picked":["Vengeance","Meditate","ReachHeaven"],"picked":"SKIP","floor":11},{"not_picked":["CrushJoints","Prostrate"],"picked":"EmptyMind","floor":14}],"player_experience":6138274,"relics_obtained":[{"floor":2,"key":"Matryoshka"},{"floor":7,"key":"Ancient Tea Set"},{"floor":9,"key":"Gremlin Horn"},{"floor":9,"key":"War Paint"},{"floor":11,"key":"Dream Catcher"},{"floor":14,"key":"Singing Bowl"}],"event_choices":[{"damage_healed":0,"gold_gain":0,"player_choice":"Ignored","damage_taken":0,"max_hp_gain":0,"max_hp_loss":0,"event_name":"Liars Game","floor":5,"gold_loss":0},{"damage_healed":0,"gold_gain":0,"player_choice":"Success","damage_taken":5,"relics_obtained":["Art of War"],"max_hp_gain":0,"max_hp_loss":0,"event_name":"Scrap Ooze","floor":6,"gold_loss":0}],"is_beta":false,"boss_relics":[],"items_purged_floors":[12],"is_endless":false,"potions_floor_spawned":[1,3,7],"killed_by":"Slime Boss","ascension_level":20,"potion_discard_per_floor":[[],[],[],[],[],[],[],[],[],[],[],[],[],[],[],[]]}