{"neow_bonuses_skipped_log":["ONE_RANDOM_RARE_CARD","THREE_RARE_CARDS","BOSS_RELIC"],"neow_costs_skipped_log":["NONE","PERCENT_DAMAGE","NONE"],"potions_obtained_entropic_brew":[[],[],[],[],[],[],[],[],[],[],[],[],[],[],[],[],[],[],[],[],["CultistPotion","DuplicationPotion"],[]],"gold_per_floor":[219,231,231,231,306,29,104,104,104,116,177,189,232,317,329,414,426,457,153,166,198,198],"floor_reached":22,"playtime":988,"items_purged":["Defend_P","Strike_P"],"score":454,"play_id":"70881d02-972d-4ef0-bc73-86b8d90eabcd","local_time":"20240219212253","score_breakdown":["Floors Climbed (22): 110","Enemies Slain (6): 12","Exordium Elites Killed (3): 30","City Elites Killed (0): 0","Bosses Slain (1): 50","Champion (1): 25","Ascension (20): 227"],"is_ascension_mode":true,"potions_obtained_alchemize":[[],[],[],[],[],[],[],[],[],[],[],[],[],[],[],[],[],[],[],[],[],[]],"campfire_choices":[{"data":"Eruption","floor":8,"key":"SMITH"},{"floor":10,"key":"REST"},{"floor":15,"key":"REST"}],"lesson_learned_per_floor":[[],[],[],[],[],[],[],[],[],[],[],[],[],[],[],[],[],["EmptyFist"],[],["LessonLearned"],["WheelKick"],[]],"neow_cost":"NONE","improvable_cards":{},"seed_source_timestamp":28703362037149,"shop_contents":[{"floor":6,"relics":["Gremlin Horn","White Beast Statue","Chemical X"],"cards":["BowlingBash","JustLucky","SpiritShield","WaveOfTheHand","Nirvana","PanicButton"],"potions":["BlessingOfTheForge","PowerPotion","Weak Potion"]},{"floor":19,"relics":["Juzu Bracelet","DollysMirror"],"cards":["SashWhip","FollowUp","Evaluate","EmptyBody","Fasting2","Dramatic Entrance","Metamorphosis"],"potions":["Dexterity Potion","Weak Potion"]}],"circlet_count":0,"master_deck":["AscendersBane","Defend_P","Defend_P","Eruption+1","Vigilance+1","BowlingBash","WheelKick+1","HandOfGreed","EmptyFist+1","EmptyFist","Meditate+1","CutThroughFate","Meditate","LessonLearned+1","ReachHeaven+1","Wish+1","Judgement+1","ClearTheMind","FearNoEvil","Wallop"],"potion_use_per_floor":[[],[],[],[],[],[],["Dexterity Potion"],[],[],[],["SneckoOil"],[],[],[],[],["ColorlessPotion"],[],[],[],[],["SteroidPotion","EntropicBrew","DuplicationPotion"],[]],"relics":["PureWater","Dead Branch","MawBank","Dream Catcher","War Paint","Astrolabe","Akabeko"],"potions_floor_usage":[7,11,16,21,21,21],"damage_taken":[{"damage":9,"enemies":"Small Slimes","floor":1,"turns":4},{"damage":0,"enemies":"Cultist","floor":2,"turns":2},{"damage":25,"enemies":"3 Sentries","floor":7,"turns":8},{"damage":0,"enemies":"Gremlin Nob","floor":11,"turns":2},{"damage":0,"enemies":"2 Louse","floor":13,"turns":3},{"damage":20,"enemies":"3 Sentries","floor":14,"turns":4},{"damage":24,"enemies":"Hexaghost","floor":16,"turns":6},{"damage":0,"enemies":"Spheric Guardian","floor":18,"turns":2},{"damage":28,"enemies":"Shell Parasite","floor":20,"turns":4},{"damage":23,"enemies":"Centurion and Healer","floor":21,"turns":5},{"damage":8,"enemies":"Snake Plant","floor":22,"turns":2}],"green_key_taken_log":11,"seed_played":"-7519687591677399940","neow_bonus_log":{"cardsObtained":[],"cardsUpgraded":[],"cardsRemoved":[],"cardsTransformed":[],"relicsObtained":[],"maxHpGained":0,"goldGained":100,"damageTaken":0,"goldLost":0,"maxHpLost":0},"potions_obtained":[{"floor":1,"key":"Dexterity Potion"},{"floor":7,"key":"SneckoOil"},{"floor":14,"key":"ColorlessPotion"},{"floor":16,"key":"EntropicBrew"}],"is_trial":false,"path_per_floor":["M","M","?","?","?","$","E","R","T","R","E","?","M","E","R","B",null,"M","$","M","M","M"],"character_chosen":"WATCHER","basemod:card_modifiers":[null,null,null,null,null,null,null,null,null,null,null,null,null,null,null,null,null,null,null,null],"items_purchased":["HandOfGreed","Akabeko","SteroidPotion"],"campfire_rested":2,"item_purchase_floors":[6,19,19],"current_hp_per_floor":[52,52,52,52,41,41,16,16,16,36,36,36,36,16,36,12,54,54,54,26,3,0],"gold":198,"neow_bonus":"HUNDRED_GOLD","is_prod":false,"is_daily":false,"rewards_skipped":[{"floor":20,"relics":[],"potions":["Strength Potion"]}],"chose_seed":false,"campfire_upgraded":1,"win_rate":0,"floor_exit_playtime":[98,113,117,123,127,138,289,295,298,302,337,353,383,440,459,598,646,702,728,815,942],"timestamp":1708395773,"path_taken":["M","M","?","?","?","$","E","R","T","R","E","?","M","E","R","BOSS","M","$","M","M","M"],"build_version":"2022-12-18","purchased_purges":2,"victory":false,"max_hp_per_floor":[68,68,68,68,68,68,68,68,68,68,68,68,68,68,68,68,68,68,68,68,68,68],"relic_stats":{"Dream Catcher":1,"counters":[11,42],"Dead Branch":[21],"Astrolabe":["ReachHeaven","Wish","Judgement"],"PureWater":[11],"War Paint":["Vigilance","Meditate"],"MawBank":120,"obtain_stats":[{"Dream Catcher":11,"Dead Branch":7,"Astrolabe":17,"PureWater":0,"War Paint":14,"MawBank":9,"Akabeko":19},{"Dream Catcher":4,"Dead Branch":3,"Astrolabe":7,"PureWater":0,"War Paint":6,"MawBank":3,"Akabeko":8},{"Dream Catcher":16,"Dead Branch":14,"Astrolabe":29,"PureWater":0,"War Paint":23,"MawBank":14,"Akabeko":31}]},"card_choices":[{"not_picked":["Evaluate","Nirvana"],"picked":"BowlingBash","floor":1},{"not_picked":["PathToVictory","ThirdEye"],"picked":"WheelKick","floor":2},{"not_picked":["Ragnarok","Alpha","CrushJoints"],"picked":"SKIP","floor":7},{"not_picked":["Protect","Evaluate"],"picked":"EmptyFist","floor":11},{"not_picked":["CutThroughFate","Halt"],"picked":"Meditate","floor":13},{"not_picked":["FlyingSleeves","Consecrate"],"picked":"CutThroughFate","floor":14},{"not_picked":["CrushJoints","WaveOfTheHand"],"picked":"Meditate","floor":15},{"not_picked":["Omniscience","DeusExMachina"],"picked":"LessonLearned","floor":16},{"not_picked":["EmptyMind","CutThroughFate"],"picked":"ClearTheMind","floor":18},{"not_picked":["WindmillStrike","Collect"],"picked":"FearNoEvil","floor":20},{"not_picked":["Prostrate","EmptyFist"],"picked":"Wallop","floor":21}],"player_experience":6212408,"relics_obtained":[{"floor":7,"key":"Dead Branch"},{"floor":9,"key":"MawBank"},{"floor":11,"key":"Dream Catcher"},{"floor":14,"key":"War Paint"}],"event_choices":[{"damage_healed":0,"gold_gain":0,"player_choice":"Fled","damage_taken":0,"max_hp_gain":0,"max_hp_loss":0,"event_name":"Scrap Ooze","floor":3,"gold_loss":0},{"damage_healed":0,"gold_gain":0,"player_choice":"Ignored","damage_taken":0,"max_hp_gain":0,"max_hp_loss":0,"event_name":"Liars Game","floor":4,"gold_loss":0},{"damage_healed":0,"gold_gain":75,"player_choice":"Gather Gold","damage_taken":11,"max_hp_gain":0,"max_hp_loss":0,"event_name":"World of Goop","floor":5,"gold_loss":0},{"damage_healed":0,"gold_gain":0,"cards_transformed":["Strike_P"],"player_choice":"Change","damage_taken":0,"max_hp_gain":0,"max_hp_loss":0,"event_name":"Living Wall","floor":12,"gold_loss":0,"cards_obtained":["EmptyFist"]}],"is_beta":false,"boss_relics":[{"not_picked":["Runic Dome","Black Star"],"picked":"Astrolabe"}],"items_purged_floors":[6,19],"is_endless":false,"potions_floor_spawned":[1,7,14,16,20],"killed_by":"Snake Plant","ascension_level":20,"potion_discard_per_floor":[[],[],[],[],[],[],[],[],[],[],[],[],[],[],[],[],[],[],[],[],[],[]]}