{"neow_bonuses_skipped_log":["THREE_CARDS","THREE_ENEMY_KILL","TWO_FIFTY_GOLD"],"neow_costs_skipped_log":["NONE","NONE","CURSE"],"potions_obtained_entropic_brew":[[],[],[],[],[],[],[],[],[],[],[],[],[],[],[],[],[],[],[],[],[],[],[],[],[],[],[],[],[],[],[],[],[],[],[],[],[],[],[],[],[],[],[],[],[],[],[],[],[],[],[],[],[],[],[],[],[]],"gold_per_floor":[113,71,84,102,102,102,118,145,145,145,161,204,226,251,251,325,325,336,354,302,302,18,18,46,46,126,156,156,189,230,245,245,319,319,341,366,398,407,12,51,74,74,74,108,151,171,23,42,42,42,42,42,42,42,74,74],"floor_reached":57,"playtime":4244,"items_purged":["Strike_P"],"score":2824,"play_id":"53a50a45-7361-46d2-959d-59b383c05374","local_time":"20240219172827","score_breakdown":["Floors Climbed (57): 285","Enemies Slain (16): 32","Exordium Elites Killed (2): 20","City Elites Killed (2): 40","Beyond Elites Killed (2): 60","Bosses Slain (5): 750","Champion (1): 25","Perfect (1): 50","C-c-c-combo: 25","Ascension (20): 1287","Heartbreaker: 250"],"is_ascension_mode":true,"potions_obtained_alchemize":[[],[],[],[],[],[],[],[],[],[],[],[],[],[],[],[],[],[],[],[],[],[],[],[],[],[],[],[],[],[],[],[],[],[],[],[],[],[],[],[],[],[],[],[],[],[],[],[],[],[],[],[],[],[],[],[],[]],"campfire_choices":[{"data":"Wallop","floor":6,"key":"SMITH"},{"floor":10,"key":"REST"},{"data":"Study","floor":15,"key":"SMITH"},{"floor":23,"key":"REST"},{"floor":28,"key":"REST"},{"data":"EmptyMind","floor":32,"key":"SMITH"},{"floor":42,"key":"RECALL"},{"data":"Enlightenment","floor":49,"key":"SMITH"},{"data":"TalkToTheHand","floor":53,"key":"SMITH"}],"lesson_learned_per_floor":[[],[],[],[],[],[],[],[],[],[],[],[],[],[],[],[],[],[],[],[],[],[],[],[],[],[],[],[],[],[],[],[],[],[],[],[],[],[],[],["Wireheading"],["CarveReality"],[],[],["Adaptation"],["MentalFortress"],[],[],["Defend_P"],[],["Vigilance"],["Strike_P"],[],[],[],["LessonLearned"],[],[]],"neow_cost":"NONE","improvable_cards":{},"seed_source_timestamp":11306571202505,"shop_contents":[{"floor":2,"relics":["Gremlin Horn","Whetstone","OrangePellets"],"cards":["JustLucky","EmptyMind","Evaluate","LikeWater","Panacea","The Bomb"],"potions":["BlessingOfTheForge","StancePotion","LiquidMemories"]},{"floor":22,"relics":["Shovel","Chemical X"],"cards":["SandsOfTime","CarveReality","Wish","Crescendo","BattleHymn","Flash of Steel","Apotheosis"],"potions":["AttackPotion","Ancient Potion","Swift Potion"]},{"floor":39,"relics":["Boot","Frozen Eye"],"cards":["Brilliance","SandsOfTime","Evaluate","Pray","BattleHymn","Blind","Sadistic Nature"],"potions":["Energy Potion","SkillPotion","DistilledChaos"]},{"floor":47,"relics":["MealTicket","Torii"],"cards":["Consecrate","LessonLearned","EmptyBody","Blasphemy","MentalFortress","Madness","Apotheosis"],"potions":["Regen Potion","Dexterity Potion","SteroidPotion"]},{"floor":54,"relics":["InkBottle","Lantern","Membership Card"],"cards":["FollowUp","BowlingBash","Prostrate","Meditate","MentalFortress","Good Instincts","Magnetism"],"potions":["PowerPotion","Fruit Juice","Dexterity Potion"]}],"circlet_count":0,"master_deck":["AscendersBane","Strike_P+1","Strike_P","Defend_P","Defend_P+1","Defend_P","Eruption+1","Vigilance+1","Study+1","Wallop+1","CarveReality+1","DeceiveReality","EmptyMind+1","Tantrum","Wireheading+1","FlurryOfBlows","Pray","CutThroughFate","EmptyBody+1","Adaptation+1","SashWhip+1","EmptyFist+1","LessonLearned+1","Enlightenment+1","TalkToTheHand+1","CutThroughFate+1","MentalFortress+1","Prostrate+1","CutThroughFate+1","Sanctity","Vigilance","ClearTheMind+1"],"potion_use_per_floor":[[],[],[],[],[],[],[],[],[],[],[],["SteroidPotion"],[],[],[],[],[],[],[],[],[],[],[],[],[],[],["Swift Potion","Strength Potion"],[],[],[],[],[],[],[],[],[],[],[],[],[],[],[],[],[],[],[],[],[],[],[],[],[],[],[],[],["PowerPotion","DuplicationPotion"],[]],"relics":["SlaversCollar","Prayer Wheel","Pantograph","CeramicFish","Philosopher\u0027s Stone","Centennial Puzzle","HornCleat","Letter Opener","Oddly Smooth Stone","Red Mask","Bird Faced Urn","VioletLotus","CloakClasp","Calipers","Bottled Tornado","StoneCalendar","DollysMirror","Bag of Marbles"],"potions_floor_usage":[12,27,27,56,56],"damage_taken":[{"damage":6,"enemies":"2 Louse","floor":1,"turns":3},{"damage":0,"enemies":"Small Slimes","floor":3,"turns":2},{"damage":8,"enemies":"Cultist","floor":4,"turns":5},{"damage":42,"enemies":"Exordium Thugs","floor":7,"turns":5},{"damage":0,"enemies":"Lagavulin","floor":8,"turns":7},{"damage":1,"enemies":"Large Slime","floor":11,"turns":6},{"damage":11,"enemies":"3 Sentries","floor":12,"turns":5},{"damage":2,"enemies":"3 Louse","floor":13,"turns":3},{"damage":0,"enemies":"Looter","floor":14,"turns":3},{"damage":0,"enemies":"The Guardian","floor":16,"turns":12},{"damage":12,"enemies":"Spheric Guardian","floor":18,"turns":5},{"damage":16,"enemies":"2 Thieves","floor":24,"turns":2},{"damage":10,"enemies":"Book of Stabbing","floor":27,"turns":5},{"damage":5,"enemies":"Masked Bandits","floor":29,"turns":4},{"damage":3,"enemies":"Gremlin Leader","floor":30,"turns":6},{"damage":5,"enemies":"Snecko","floor":31,"turns":4},{"damage":3,"enemies":"Champ","floor":33,"turns":13},{"damage":56,"enemies":"3 Darklings","floor":35,"turns":10},{"damage":0,"enemies":"Mind Bloom Boss Battle","floor":36,"turns":4},{"damage":0,"enemies":"3 Shapes","floor":37,"turns":3},{"damage":12,"enemies":"Giant Head","floor":40,"turns":7},{"damage":0,"enemies":"Sphere and 2 Shapes","floor":41,"turns":5},{"damage":0,"enemies":"4 Shapes","floor":44,"turns":11},{"damage":10,"enemies":"Reptomancer","floor":45,"turns":6},{"damage":1,"enemies":"Transient","floor":46,"turns":6},{"damage":9,"enemies":"Sphere and 2 Shapes","floor":48,"turns":5},{"damage":28,"enemies":"Awakened One","floor":50,"turns":9},{"damage":21,"enemies":"Donu and Deca","floor":51,"turns":7},{"damage":7,"enemies":"Shield and Spear","floor":55,"turns":8},{"damage":35,"enemies":"The Heart","floor":56,"turns":9}],"green_key_taken_log":8,"seed_played":"-4980672369431263628","neow_bonus_log":{"cardsObtained":[],"cardsUpgraded":[],"cardsRemoved":[],"cardsTransformed":[],"relicsObtained":["SlaversCollar"],"maxHpGained":0,"goldGained":0,"damageTaken":0,"goldLost":0,"maxHpLost":0},"potions_obtained":[{"floor":4,"key":"SteroidPotion"},{"floor":8,"key":"Swift Potion"},{"floor":12,"key":"Strength Potion"},{"floor":27,"key":"PowerPotion"},{"floor":29,"key":"Fire Potion"},{"floor":30,"key":"DuplicationPotion"}],"is_trial":false,"path_per_floor":["M","$","M","M","?","R","M","E","T","R","M","E","M","M","R","B",null,"M","?","?","?","$","R","M","?","T","E","R","?","E","M","R","B",null,"M","?","M","?","$","E","M","R","T","M","E","M","$","M","R","B","B",null,"R","$","E","B",null],"character_chosen":"WATCHER","basemod:card_modifiers":[null,null,null,null,null,null,null,null,null,null,null,null,null,null,null,null,null,null,null,null,null,null,null,null,null,null,null,null,null,null,null,null],"items_purchased":["Wallop","HornCleat","Calipers","DollysMirror"],"campfire_rested":3,"item_purchase_floors":[2,22,39,47],"current_hp_per_floor":[55,55,55,47,47,47,5,5,5,25,24,13,11,11,11,36,60,48,48,48,29,29,50,34,34,34,24,45,40,37,34,34,62,70,19,50,54,44,44,38,42,42,42,48,46,49,49,48,48,49,58,69,69,69,68,38],"gold":74,"neow_bonus":"BOSS_RELIC","is_prod":false,"is_daily":false,"rewards_skipped":[{"floor":13,"relics":[],"potions":["SpeedPotion"]},{"floor":14,"relics":[],"potions":["SkillPotion"]},{"floor":16,"relics":[],"potions":["SkillPotion"]},{"floor":24,"relics":[],"potions":["Strength Potion"]},{"floor":35,"relics":[],"potions":["Dexterity Potion"]},{"floor":40,"relics":[],"potions":["BottledMiracle"]},{"floor":44,"relics":[],"potions":["Ancient Potion"]},{"floor":45,"relics":[],"potions":["StancePotion"]},{"floor":55,"relics":[],"potions":["Fruit Juice"]}],"chose_seed":false,"campfire_upgraded":5,"win_rate":0,"floor_exit_playtime":[52,64,100,131,135,143,211,328,334,338,395,488,528,552,559,757,778,854,871,876,880,902,907,946,951,955,1100,1103,1156,1281,1351,1359,1736,1757,1976,2057,2117,2147,2171,2355,2471,2482,2485,2697,2905,3032,3073,3207,3216,3465,3685,3704,3716,3722,3979,4244],"timestamp":1708381707,"blue_key_relic_skipped_log":{"floor":43,"relicID":"Mercury Hourglass"},"path_taken":["M","$","?","M","?","R","?","E","T","R","M","E","M","M","R","BOSS","M","?","?","?","$","R","M","?","T","E","R","?","E","M","R","BOSS","M","?","M","?","$","E","M","R","T","M","E","M","$","M","R","BOSS","BOSS","R","$","E","BOSS"],"build_version":"2022-12-18","purchased_purges":1,"victory":true,"max_hp_per_floor":[68,68,68,68,68,68,68,68,68,68,68,68,68,68,68,68,68,68,68,68,73,73,73,73,73,73,73,73,73,73,73,73,73,73,73,73,73,73,73,73,73,73,73,73,73,73,73,73,73,73,73,73,73,73,73,73],"relic_stats":{"Calipers":[2510],"counters":[30,180],"CeramicFish":180,"StoneCalendar":[156],"CloakClasp":[221],"Letter Opener":[382],"Bottled Tornado":"Wireheading","Centennial Puzzle":[45],"Pantograph":129,"Bird Faced Urn":[75],"Prayer Wheel":12,"VioletLotus":[51],"obtain_stats":[{"Calipers":39,"CeramicFish":12,"Oddly Smooth Stone":27,"StoneCalendar":45,"CloakClasp":36,"Letter Opener":26,"Bottled Tornado":40,"SlaversCollar":0,"Centennial Puzzle":20,"HornCleat":22,"DollysMirror":47,"Pantograph":9,"Bird Faced Urn":30,"Prayer Wheel":8,"Philosopher\u0027s Stone":17,"VioletLotus":34,"Red Mask":29,"Bag of Marbles":55,"PureWater":0},{"Calipers":20,"CeramicFish":7,"Oddly Smooth Stone":13,"StoneCalendar":24,"CloakClasp":19,"Letter Opener":12,"Bottled Tornado":21,"SlaversCollar":0,"Centennial Puzzle":11,"HornCleat":11,"DollysMirror":25,"Pantograph":5,"Bird Faced Urn":15,"Prayer Wheel":5,"Philosopher\u0027s Stone":10,"VioletLotus":17,"Red Mask":14,"Bag of Marbles":29,"PureWater":0},{"Calipers":107,"CeramicFish":33,"Oddly Smooth Stone":63,"StoneCalendar":136,"CloakClasp":104,"Letter Opener":58,"Bottled Tornado":114,"SlaversCollar":0,"Centennial Puzzle":56,"HornCleat":56,"DollysMirror":142,"Pantograph":22,"Bird Faced Urn":73,"Prayer Wheel":22,"Philosopher\u0027s Stone":51,"VioletLotus":90,"Red Mask":67,"Bag of Marbles":171,"PureWater":0}]},"card_choices":[{"not_picked":["Crescendo","Halt"],"picked":"Study","floor":1},{"not_picked":["CrushJoints","JustLucky","WreathOfFlame"],"picked":"SKIP","floor":3},{"not_picked":["Evaluate","DevaForm"],"picked":"CarveReality","floor":4},{"not_picked":["CrushJoints","Evaluate"],"picked":"DeceiveReality","floor":7},{"not_picked":["EmptyFist","BowlingBash"],"picked":"EmptyMind","floor":8},{"not_picked":["Wallop","CarveReality"],"picked":"Tantrum","floor":12},{"not_picked":["Evaluate","Weave"],"picked":"Wireheading","floor":13},{"not_picked":["Worship","CrushJoints","ConjureBlade"],"picked":"SKIP","floor":13},{"not_picked":["Crescendo","Protect"],"picked":"FlurryOfBlows","floor":14},{"not_picked":["ClearTheMind","PathToVictory","WheelKick"],"picked":"SKIP","floor":14},{"not_picked":["SpiritShield","Wish","Omniscience"],"picked":"SKIP","floor":16},{"not_picked":["FlurryOfBlows","Crescendo","ClearTheMind"],"picked":"SKIP","floor":18},{"not_picked":["EmptyFist","Evaluate","FlurryOfBlows"],"picked":"SKIP","floor":18},{"not_picked":["FlurryOfBlows","Crescendo","ClearTheMind"],"picked":"SKIP","floor":18},{"not_picked":["EmptyFist","Evaluate","FlurryOfBlows"],"picked":"SKIP","floor":18},{"not_picked":["Pray","FollowUp"],"picked":"CutThroughFate","floor":24},{"not_picked":["SandsOfTime","PathToVictory"],"picked":"EmptyBody+1","floor":24},{"not_picked":["ThirdEye","SandsOfTime","Blasphemy"],"picked":"SKIP","floor":27},{"not_picked":["Weave","CrushJoints","Halt"],"picked":"SKIP","floor":29},{"not_picked":["JustLucky","Wallop"],"picked":"Adaptation","floor":30},{"not_picked":["FollowUp","SashWhip","PathToVictory"],"picked":"SKIP","floor":31},{"not_picked":["SashWhip","ClearTheMind","Blasphemy"],"picked":"SKIP","floor":31},{"not_picked":["Wish","SpiritShield","Ragnarok"],"picked":"SKIP","floor":33},{"not_picked":["Collect","PathToVictory"],"picked":"SashWhip+1","floor":35},{"not_picked":["Protect","FlurryOfBlows","FollowUp"],"picked":"SKIP","floor":35},{"not_picked":["EmptyFist","FollowUp","Prostrate"],"picked":"SKIP","floor":36},{"not_picked":["LikeWater","FollowUp"],"picked":"EmptyFist+1","floor":37},{"not_picked":["ThirdEye","TalkToTheHand"],"picked":"LessonLearned","floor":37},{"not_picked":["Purity","Panacea"],"picked":"Enlightenment","floor":38},{"not_picked":["Impatience","Panacea","Jack Of All Trades"],"picked":"SKIP","floor":38},{"not_picked":["Forethought","Purity","Madness"],"picked":"SKIP","floor":38},{"not_picked":["Prostrate","EmptyBody"],"picked":"TalkToTheHand","floor":40},{"not_picked":["FlyingSleeves","ClearTheMind"],"picked":"CutThroughFate+1","floor":41},{"not_picked":["Vengeance","Fasting2","Brilliance"],"picked":"SKIP","floor":41},{"not_picked":["Indignation+1","EmptyBody"],"picked":"MentalFortress","floor":44},{"not_picked":["SandsOfTime","CutThroughFate"],"picked":"Prostrate+1","floor":44},{"not_picked":["ThirdEye","TalkToTheHand"],"picked":"CutThroughFate+1","floor":45},{"not_picked":["Halt","CrushJoints+1"],"picked":"Sanctity","floor":46},{"not_picked":["BowlingBash","JustLucky","Prostrate"],"picked":"SKIP","floor":46},{"not_picked":["Wish","Study"],"picked":"ClearTheMind+1","floor":48},{"not_picked":["Wireheading","Consecrate","BowlingBash"],"picked":"SKIP","floor":48},{"not_picked":["FlyingSleeves+1","Crescendo+1","CrushJoints"],"picked":"SKIP","floor":55}],"player_experience":6195439,"relics_obtained":[{"floor":8,"key":"Prayer Wheel"},{"floor":9,"key":"Pantograph"},{"floor":12,"key":"CeramicFish"},{"floor":26,"key":"Letter Opener"},{"floor":27,"key":"Oddly Smooth Stone"},{"floor":29,"key":"Red Mask"},{"floor":30,"key":"Bird Faced Urn"},{"floor":36,"key":"CloakClasp"},{"floor":40,"key":"Bottled Tornado"},{"floor":45,"key":"StoneCalendar"},{"floor":55,"key":"Bag of Marbles"}],"event_choices":[{"damage_healed":0,"gold_gain":0,"player_choice":"Upgraded","damage_taken":0,"max_hp_gain":0,"max_hp_loss":0,"event_name":"Upgrade Shrine","floor":5,"gold_loss":0,"cards_upgraded":["Eruption"]},{"damage_healed":0,"gold_gain":0,"cards_transformed":["Defend_P","Strike_P"],"player_choice":"Became Test Subject","damage_taken":0,"max_hp_gain":0,"max_hp_loss":0,"event_name":"Drug Dealer","floor":19,"gold_loss":0,"cards_obtained":["ConjureBlade","Pray"]},{"damage_healed":0,"gold_gain":0,"player_choice":"Paid Gold","damage_taken":0,"relics_obtained":["Centennial Puzzle"],"max_hp_gain":0,"max_hp_loss":0,"event_name":"WeMeetAgain","floor":20,"gold_loss":52},{"damage_healed":0,"gold_gain":0,"player_choice":"Shed Blood","damage_taken":24,"max_hp_gain":5,"max_hp_loss":0,"event_name":"Forgotten Altar","floor":21,"gold_loss":0},{"cards_removed":["ConjureBlade"],"damage_healed":0,"gold_gain":0,"player_choice":"Purged","damage_taken":0,"max_hp_gain":0,"max_hp_loss":0,"event_name":"Purifier","floor":25,"gold_loss":0},{"damage_healed":0,"gold_gain":0,"player_choice":"Fought Bandits","damage_taken":0,"max_hp_gain":0,"max_hp_loss":0,"event_name":"Masked Bandits","floor":29,"gold_loss":0},{"damage_healed":0,"gold_gain":0,"player_choice":"Fight","damage_taken":0,"max_hp_gain":0,"max_hp_loss":0,"event_name":"MindBloom","floor":36,"gold_loss":0},{"damage_healed":0,"gold_gain":0,"player_choice":"Memory 3","damage_taken":10,"max_hp_gain":0,"max_hp_loss":0,"event_name":"SensoryStone","floor":38,"gold_loss":0}],"is_beta":false,"boss_relics":[{"not_picked":["Tiny House","Snecko Eye"],"picked":"Philosopher\u0027s Stone"},{"not_picked":["Cursed Key","Sozu"],"picked":"VioletLotus"}],"items_purged_floors":[39],"is_endless":false,"potions_floor_spawned":[4,8,12,13,14,16,24,27,29,30,35,40,44,45,55],"ascension_level":20,"potion_discard_per_floor":[[],[],[],[],[],[],[],[],[],[],[],[],[],[],[],[],[],[],[],[],[],[],[],[],[],[],[],[],[],["Fire Potion"],[],[],[],[],[],[],[],[],[],[],[],[],[],[],[],[],[],[],[],[],[],[],[],[],[],[],[]]}