{"neow_bonuses_skipped_log":["RANDOM_COLORLESS","RANDOM_COMMON_RELIC","BOSS_RELIC"],"neow_costs_skipped_log":["NONE","NONE","NONE"],"potions_obtained_entropic_brew":[[],[],[],[],[],[],[],[],[],[],[],[],[],[],[],[],["SpeedPotion","Block Potion","Swift Potion"],[],[],[],[],[],[],[],[],[],[],[],[],[],[],[],[],[],[],[],[],[],[],[],[],[],[],[],[],[],[],[],[],[],[],[],[],[],[],[],[]],"gold_per_floor":[362,362,386,405,121,121,156,177,223,242,242,275,275,298,298,387,387,403,24,37,37,57,85,85,110,110,120,153,153,153,169,169,240,240,258,268,27,38,48,78,97,115,139,159,188,32,46,66,66,66,66,66,66,66,91,91],"floor_reached":57,"playtime":3389,"items_purged":["Strike_P","Strike_P","Strike_P","Strike_P"],"score":3180,"play_id":"7d1c8d6b-6190-4373-af9f-ac6edf3500a8","local_time":"20240224195936","score_breakdown":["Floors Climbed (57): 285","Enemies Slain (20): 40","Exordium Elites Killed (2): 20","City Elites Killed (3): 60","Beyond Elites Killed (2): 60","Bosses Slain (5): 750","Speedster: 25","Money Money (1052): 25","Champion (4): 100","Perfect (2): 100","C-c-c-combo: 25","Ascension (20): 1440","Heartbreaker: 250"],"is_ascension_mode":true,"potions_obtained_alchemize":[[],[],[],[],[],[],[],[],[],[],[],[],[],[],[],[],[],[],[],[],[],[],[],[],[],[],[],[],[],[],[],[],[],[],[],[],[],[],[],[],[],[],[],[],[],[],[],[],[],[],[],[],[],[],[],[],[]],"campfire_choices":[{"floor":6,"key":"REST"},{"data":"Eruption","floor":11,"key":"SMITH"},{"data":"EmptyFist","floor":15,"key":"SMITH"},{"floor":24,"key":"REST"},{"data":"Scrawl","floor":30,"key":"SMITH"},{"data":"MentalFortress","floor":32,"key":"SMITH"},{"floor":49,"key":"RECALL"},{"data":"Adaptation","floor":53,"key":"SMITH"}],"lesson_learned_per_floor":[[],[],[],[],[],[],[],[],[],[],[],[],[],[],[],[],[],[],[],[],[],[],[],[],[],[],[],[],[],[],[],[],[],[],[],[],[],["CutThroughFate"],["Defend_P"],["LessonLearned"],["FlurryOfBlows"],["Tantrum"],[],["JustLucky"],["Defend_P"],[],["Defend_P"],["Adaptation"],[],["FearNoEvil"],["Vigilance"],[],[],[],["Crescendo"],[],[]],"neow_cost":"PERCENT_DAMAGE","improvable_cards":{},"seed_source_timestamp":18551099110507,"shop_contents":[{"floor":5,"relics":["Molten Egg 2","Whetstone"],"cards":["Consecrate","Pray","Blasphemy","BattleHymn","Madness","Thinking Ahead"],"potions":["PowerPotion","Energy Potion","Dexterity Potion"]},{"floor":19,"relics":["Shovel"],"cards":["BowlingBash","Consecrate","Omniscience","ClearTheMind","Finesse","Secret Weapon"],"potions":["Weak Potion","FearPotion","Regen Potion"]},{"floor":37,"relics":["Damaru","Cauldron"],"cards":["SandsOfTime","PathToVictory+1","Worship+1","Trip+1","Magnetism"],"potions":["Fire Potion","Dexterity Potion","SkillPotion"]},{"floor":46,"relics":["Ginger","Eternal Feather"],"cards":["LessonLearned","WindmillStrike","Evaluate+1","Indignation+1","Fasting2","Forethought+1","Panache"],"potions":["DuplicationPotion","Fire Potion","Swift Potion"]},{"floor":54,"relics":["Nunchaku","Pen Nib","OrangePellets"],"cards":["FlurryOfBlows","Ragnarok","Evaluate+1","Judgement+1","Study","Blind+1","Sadistic Nature"],"potions":["SneckoOil","LiquidBronze","EntropicBrew"]}],"circlet_count":0,"master_deck":["AscendersBane","Defend_P+1","Defend_P+1","Defend_P+1","Eruption+1","Vigilance+1","Crescendo+1","Tantrum+1","Adaptation+1","EmptyFist+1","Scrawl+1","MentalFortress+1","CutThroughFate+1","FlurryOfBlows+1","FearNoEvil+1","InnerPeace+1","Omniscience+1","JustLucky+1","ClearTheMind+1","Wireheading","LessonLearned+1","EmptyMind+1","Adaptation+1","Halt+1","Scrawl+1"],"potion_use_per_floor":[[],[],[],[],[],[],[],[],[],[],[],[],[],[],[],[],["EntropicBrew"],["Swift Potion"],[],[],[],[],[],[],["Block Potion"],[],[],[],[],[],[],[],[],[],[],[],[],[],[],[],[],[],[],[],[],[],[],[],[],[],[],[],[],[],[],["SpeedPotion","Ancient Potion"],[]],"relics":["PureWater","Bloody Idol","Frozen Eye","Happy Flower","Potion Belt","Strawberry","Sozu","Membership Card","Shuriken","Meat on the Bone","Toxic Egg 2","Yang","Lantern","SlaversCollar","Anchor","MealTicket","Darkstone Periapt","DollysMirror","Ornamental Fan"],"potions_floor_usage":[17,18,25,56,56],"damage_taken":[{"damage":4,"enemies":"Small Slimes","floor":1,"turns":5},{"damage":0,"enemies":"Jaw Worm","floor":3,"turns":2},{"damage":0,"enemies":"Cultist","floor":4,"turns":2},{"damage":0,"enemies":"Lagavulin","floor":7,"turns":4},{"damage":12,"enemies":"2 Fungi Beasts","floor":8,"turns":4},{"damage":0,"enemies":"Large Slime","floor":10,"turns":2},{"damage":4,"enemies":"Gremlin Nob","floor":12,"turns":3},{"damage":12,"enemies":"Exordium Wildlife","floor":14,"turns":2},{"damage":33,"enemies":"The Guardian","floor":16,"turns":11},{"damage":0,"enemies":"Shell Parasite","floor":18,"turns":1},{"damage":0,"enemies":"Chosen","floor":20,"turns":2},{"damage":9,"enemies":"Centurion and Healer","floor":22,"turns":4},{"damage":36,"enemies":"Book of Stabbing","floor":23,"turns":4},{"damage":31,"enemies":"Slavers","floor":25,"turns":3},{"damage":27,"enemies":"Snake Plant","floor":27,"turns":5},{"damage":3,"enemies":"Gremlin Leader","floor":28,"turns":3},{"damage":9,"enemies":"Cultist and Chosen","floor":31,"turns":4},{"damage":0,"enemies":"Champ","floor":33,"turns":5},{"damage":14,"enemies":"3 Darklings","floor":35,"turns":3},{"damage":3,"enemies":"Orb Walker","floor":36,"turns":3},{"damage":0,"enemies":"Maw","floor":38,"turns":5},{"damage":0,"enemies":"Sphere and 2 Shapes","floor":39,"turns":2},{"damage":0,"enemies":"Nemesis","floor":40,"turns":3},{"damage":7,"enemies":"Transient","floor":41,"turns":4},{"damage":0,"enemies":"4 Shapes","floor":42,"turns":1},{"damage":0,"enemies":"Sphere and 2 Shapes","floor":44,"turns":2},{"damage":0,"enemies":"Reptomancer","floor":45,"turns":3},{"damage":0,"enemies":"Spire Growth","floor":47,"turns":2},{"damage":0,"enemies":"4 Shapes","floor":48,"turns":2},{"damage":3,"enemies":"Donu and Deca","floor":50,"turns":3},{"damage":0,"enemies":"Time Eater","floor":51,"turns":8},{"damage":0,"enemies":"Shield and Spear","floor":55,"turns":3},{"damage":4,"enemies":"The Heart","floor":56,"turns":7}],"green_key_taken_log":45,"seed_played":"7451178054150766993","neow_bonus_log":{"cardsObtained":[],"cardsUpgraded":[],"cardsRemoved":[],"cardsTransformed":[],"relicsObtained":[],"maxHpGained":0,"goldGained":250,"damageTaken":18,"goldLost":0,"maxHpLost":0},"potions_obtained":[{"floor":1,"key":"EntropicBrew"},{"floor":8,"key":"Ancient Potion"},{"floor":10,"key":"Ancient Potion"},{"floor":12,"key":"Fire Potion"}],"is_trial":false,"path_per_floor":["M","?","M","M","$","R","E","M","T","M","R","E","?","M","R","B",null,"M","$","M","?","M","E","R","E","T","M","E","?","R","M","R","B",null,"M","M","$","M","M","E","M","M","T","M","E","$","M","M","R","B","B",null,"R","$","E","B",null],"character_chosen":"WATCHER","basemod:card_modifiers":[null,null,null,null,null,null,null,null,null,null,null,null,null,null,null,null,null,null,null,null,null,null,null,null,null],"items_purchased":["Tantrum","Frozen Eye","Membership Card","MentalFortress","Shuriken","Wireheading","LessonLearned","Anchor","DollysMirror"],"campfire_rested":2,"item_purchase_floors":[5,5,19,19,19,37,37,37,46],"current_hp_per_floor":[39,39,39,39,39,57,57,45,45,45,45,48,69,57,57,24,58,58,58,58,58,54,23,43,29,29,19,33,33,33,41,41,46,63,54,56,56,61,66,69,67,69,69,69,69,69,69,69,69,66,66,68,68,69,69,65],"gold":91,"neow_bonus":"TWO_FIFTY_GOLD","is_prod":false,"is_daily":false,"rewards_skipped":[{"floor":20,"relics":[],"potions":["SpeedPotion"]},{"floor":22,"relics":[],"potions":["Fire Potion"]},{"floor":27,"relics":[],"potions":["Swift Potion"]},{"floor":33,"relics":[],"potions":["BlessingOfTheForge"]},{"floor":38,"relics":[],"potions":["SkillPotion"]},{"floor":39,"relics":[],"potions":["Dexterity Potion"]},{"floor":44,"relics":[],"potions":["ColorlessPotion"]},{"floor":45,"relics":[],"potions":["DistilledChaos"]},{"floor":48,"relics":[],"potions":["PowerPotion"]}],"chose_seed":false,"campfire_upgraded":5,"win_rate":0,"floor_exit_playtime":[70,73,88,103,134,143,202,270,272,314,319,361,371,403,411,522,587,635,661,693,709,781,844,852,940,942,1025,1085,1117,1129,1215,1221,1358,1377,1451,1500,1535,1685,1801,1910,2128,2187,2191,2301,2467,2494,2562,2650,2653,2759,2953,2963,2968,2984,3123,3389],"timestamp":1708822776,"blue_key_relic_skipped_log":{"floor":43,"relicID":"Smiling Mask"},"path_taken":["M","?","M","M","$","R","E","?","T","M","R","E","?","M","R","BOSS","M","$","M","?","M","E","R","E","T","M","E","?","R","M","R","BOSS","M","M","$","M","M","E","M","M","T","M","E","$","M","M","R","BOSS","BOSS","R","$","E","BOSS"],"build_version":"2022-12-18","purchased_purges":4,"victory":true,"max_hp_per_floor":[68,62,62,62,62,62,62,62,62,62,62,69,69,69,69,69,69,69,69,69,69,69,69,69,69,69,69,69,69,69,69,69,69,69,69,69,69,69,69,69,69,69,69,69,69,69,69,69,69,69,69,69,69,69,69,69],"relic_stats":{"Darkstone Periapt":0,"Happy Flower":[34],"counters":[33,117],"Yang":[401],"Sozu":9,"Frozen Eye":325.07663,"Shuriken":[116],"Ornamental Fan":[48],"Bloody Idol":65,"MealTicket":1,"Membership Card":599,"PureWater":[27],"obtain_stats":[{"Potion Belt":9,"Darkstone Periapt":45,"Lantern":28,"Happy Flower":7,"Golden Idol":2,"Yang":26,"Sozu":17,"Frozen Eye":5,"SlaversCollar":34,"Anchor":37,"Shuriken":19,"DollysMirror":46,"Ornamental Fan":55,"Strawberry":12,"Bloody Idol":21,"MealTicket":40,"Membership Card":19,"PureWater":0,"Toxic Egg 2":25,"Meat on the Bone":23},{"Potion Belt":5,"Darkstone Periapt":27,"Lantern":16,"Happy Flower":4,"Golden Idol":1,"Yang":14,"Sozu":9,"Frozen Eye":3,"SlaversCollar":18,"Anchor":20,"Shuriken":10,"DollysMirror":27,"Ornamental Fan":32,"Strawberry":7,"Bloody Idol":11,"MealTicket":23,"Membership Card":10,"PureWater":0,"Toxic Egg 2":14,"Meat on the Bone":13},{"Potion Belt":17,"Darkstone Periapt":92,"Lantern":57,"Happy Flower":13,"Golden Idol":5,"Yang":49,"Sozu":35,"Frozen Eye":9,"SlaversCollar":66,"Anchor":72,"Shuriken":36,"DollysMirror":92,"Ornamental Fan":110,"Strawberry":22,"Bloody Idol":38,"MealTicket":82,"Membership Card":36,"PureWater":0,"Toxic Egg 2":49,"Meat on the Bone":46}],"Meat on the Bone":48},"card_choices":[{"not_picked":["Consecrate","CrushJoints"],"picked":"SignatureMove","floor":1},{"not_picked":["WheelKick","Vengeance","Nirvana"],"picked":"SKIP","floor":3},{"not_picked":["EmptyBody","Prostrate"],"picked":"Crescendo","floor":4},{"not_picked":["Nirvana","ThirdEye"],"picked":"Adaptation","floor":7},{"not_picked":["BowlingBash","SashWhip","Wallop"],"picked":"SKIP","floor":8},{"not_picked":["CrushJoints","Crescendo","CarveReality"],"picked":"SKIP","floor":10},{"not_picked":["CrushJoints","Crescendo","CarveReality"],"picked":"SKIP","floor":10},{"not_picked":["Tantrum","Crescendo","Brilliance"],"picked":"SKIP","floor":12},{"not_picked":["FlurryOfBlows","SashWhip"],"picked":"EmptyFist","floor":14},{"not_picked":["Establishment","Blasphemy"],"picked":"Scrawl","floor":16},{"not_picked":["WheelKick","Fasting2+1","WaveOfTheHand"],"picked":"SKIP","floor":18},{"not_picked":["CrushJoints","Protect"],"picked":"CutThroughFate","floor":20},{"not_picked":["BattleHymn","Protect","Judgement"],"picked":"SKIP","floor":22},{"not_picked":["ReachHeaven","ConjureBlade","Collect+1"],"picked":"SKIP","floor":23},{"not_picked":["WreathOfFlame+1","ThirdEye+1"],"picked":"FlurryOfBlows","floor":25},{"not_picked":["Prostrate+1","Crescendo+1"],"picked":"FearNoEvil","floor":27},{"not_picked":["FearNoEvil","FlurryOfBlows"],"picked":"InnerPeace+1","floor":28},{"not_picked":["FollowUp","SignatureMove","FlyingSleeves"],"picked":"SKIP","floor":31},{"not_picked":["Wish+1","DevaForm","MasterReality"],"picked":"SKIP","floor":33},{"not_picked":["BattleHymn+1","Fasting2"],"picked":"ClearTheMind+1","floor":35},{"not_picked":["WheelKick","FollowUp","EmptyFist"],"picked":"SKIP","floor":36},{"not_picked":["WheelKick+1","Worship+1"],"picked":"EmptyMind+1","floor":38},{"not_picked":["Vengeance+1","ClearTheMind+1","Prostrate+1"],"picked":"SKIP","floor":40},{"not_picked":["Vengeance+1","ClearTheMind+1","Prostrate+1"],"picked":"SKIP","floor":40},{"not_picked":["CrushJoints","Consecrate","FlyingSleeves"],"picked":"SKIP","floor":41},{"not_picked":["Conclude+1","ReachHeaven"],"picked":"Adaptation","floor":42},{"not_picked":["Consecrate","Swivel+1"],"picked":"Halt+1","floor":44},{"not_picked":["CrushJoints","WindmillStrike","Halt+1"],"picked":"SKIP","floor":45},{"not_picked":["CrushJoints","WindmillStrike","Halt+1"],"picked":"SKIP","floor":45},{"not_picked":["ReachHeaven","EmptyBody+1","PathToVictory+1"],"picked":"SKIP","floor":47},{"not_picked":["Adaptation","Indignation+1","MentalFortress"],"picked":"SKIP","floor":48},{"not_picked":["ClearTheMind+1","ConjureBlade+1","Wallop"],"picked":"SKIP","floor":55}],"player_experience":6292651,"relics_obtained":[{"floor":7,"key":"Happy Flower"},{"floor":9,"key":"Potion Belt"},{"floor":12,"key":"Strawberry"},{"floor":23,"key":"Meat on the Bone"},{"floor":25,"key":"Toxic Egg 2"},{"floor":26,"key":"Yang"},{"floor":28,"key":"Lantern"},{"floor":40,"key":"MealTicket"},{"floor":45,"key":"Darkstone Periapt"},{"floor":55,"key":"Ornamental Fan"}],"event_choices":[{"damage_healed":0,"gold_gain":0,"player_choice":"Lose Max HP","damage_taken":0,"relics_obtained":["Golden Idol"],"max_hp_gain":0,"max_hp_loss":6,"event_name":"Golden Idol","floor":2,"gold_loss":0},{"damage_healed":23,"gold_gain":0,"player_choice":"Banana","damage_taken":0,"max_hp_gain":0,"max_hp_loss":0,"event_name":"Big Fish","floor":13,"gold_loss":0},{"damage_healed":0,"gold_gain":0,"player_choice":"Gave Idol","damage_taken":0,"relics_obtained":["Bloody Idol"],"max_hp_gain":0,"max_hp_loss":0,"event_name":"Forgotten Altar","floor":21,"relics_lost":["Golden Idol"],"gold_loss":0},{"damage_healed":0,"gold_gain":0,"cards_transformed":["Defend_P","SignatureMove"],"player_choice":"Became Test Subject","damage_taken":0,"max_hp_gain":0,"max_hp_loss":0,"event_name":"Drug Dealer","floor":29,"gold_loss":0,"cards_obtained":["Omniscience","JustLucky"]}],"is_beta":false,"boss_relics":[{"not_picked":["Busted Crown","Calling Bell"],"picked":"Sozu"},{"not_picked":["Tiny House","Cursed Key"],"picked":"SlaversCollar"}],"items_purged_floors":[5,19,37,46],"is_endless":false,"potions_floor_spawned":[1,8,10,12,20,22,27,33,38,39,44,45,48],"ascension_level":20,"potion_discard_per_floor":[[],[],[],[],[],[],[],[],[],[],[],[],[],[],[],[],["Ancient Potion","Fire Potion"],[],[],[],[],[],[],[],[],[],[],[],[],[],[],[],[],[],[],[],[],[],[],[],[],[],[],[],[],[],[],[],[],[],[],[],[],[],[],[],[]]}