{"neow_bonuses_skipped_log":["TRANSFORM_CARD","TRANSFORM_TWO_CARDS","BOSS_RELIC"],"potions_obtained_entropic_brew":[[],[],[],[],[],[],[],[],[],[],[],[],[],[],[],[],[],[],[],[],[],[],[],[],[]],"neow_costs_skipped_log":["NONE","CURSE","NONE"],"gold_per_floor":[111,111,134,153,153,153,191,191,218,254,93,93,93,128,128,221,221,235,235,251,251,270,5,48,48],"floor_reached":25,"playtime":694,"items_purged":["Defend_P","Defend_P"],"score":499,"play_id":"a3d7bac3-bf71-4995-9298-8ae2f81deb0f","local_time":"20240217143629","score_breakdown":["Floors Climbed (25): 125","Enemies Slain (6): 12","Exordium Elites Killed (3): 30","City Elites Killed (1): 20","Bosses Slain (1): 50","Collector (1): 25","Ascension (20): 237"],"is_ascension_mode":true,"potions_obtained_alchemize":[[],[],[],[],[],[],[],[],[],[],[],[],[],[],[],[],[],[],[],[],[],[],[],[],[]],"campfire_choices":[{"data":"Eruption","floor":6,"key":"SMITH"},{"data":"EmptyFist","floor":8,"key":"SMITH"},{"data":"Wallop","floor":13,"key":"SMITH"},{"data":"FlurryOfBlows","floor":15,"key":"SMITH"}],"lesson_learned_per_floor":[[],[],[],[],[],[],[],[],[],[],[],[],[],[],[],[],[],[],[],[],[],[],[],[],[]],"neow_cost":"NONE","improvable_cards":{},"seed_source_timestamp":9375914834539,"shop_contents":[{"floor":11,"relics":["Juzu Bracelet","Oddly Smooth Stone","ClockworkSouvenir"],"cards":["CutThroughFate","ReachHeaven","Sanctity","Halt","Mind Blast","Panache+1"],"potions":["Ambrosia","LiquidBronze","FearPotion"]},{"floor":23,"relics":["StoneCalendar","Damaru"],"cards":["FlurryOfBlows","CrushJoints","InnerPeace","Crescendo","DevaForm+1","Blind","Magnetism+1"],"potions":["SkillPotion","ColorlessPotion","SpeedPotion"]}],"circlet_count":0,"master_deck":["AscendersBane","Defend_P","Eruption+1","Vigilance","FlurryOfBlows+1","Wallop+1","EmptyFist+1","Adaptation+1","Bite","Bite","Bite","Bite","Bite","MentalFortress+1","InnerPeace","EmptyMind"],"potion_use_per_floor":[[],[],[],[],[],[],["ColorlessPotion"],[],[],[],[],[],[],[],[],[],[],["Ancient Potion"],[],[],[],[],[],["Energy Potion"],[]],"relics":["PureWater","Orichalcum","Golden Idol","Singing Bowl","Lantern","Frozen Egg 2","Gremlin Horn","Runic Dome","Orrery","Blood Vial"],"potions_floor_usage":[7,18,24],"damage_taken":[{"damage":0,"enemies":"Small Slimes","floor":1,"turns":2},{"damage":0,"enemies":"Jaw Worm","floor":3,"turns":6},{"damage":0,"enemies":"Cultist","floor":4,"turns":2},{"damage":10,"enemies":"Gremlin Nob","floor":7,"turns":3},{"damage":17,"enemies":"Lagavulin","floor":10,"turns":7},{"damage":2,"enemies":"3 Sentries","floor":14,"turns":5},{"damage":18,"enemies":"The Guardian","floor":16,"turns":11},{"damage":0,"enemies":"Chosen","floor":18,"turns":2},{"damage":0,"enemies":"Spheric Guardian","floor":20,"turns":2},{"damage":31,"enemies":"Shelled Parasite and Fungi","floor":22,"turns":5},{"damage":50,"enemies":"Book of Stabbing","floor":24,"turns":5},{"damage":30,"enemies":"Chosen and Byrds","floor":25,"turns":3}],"green_key_taken_log":7,"seed_played":"5382483100768704636","neow_bonus_log":{"cardsObtained":[],"cardsUpgraded":[],"cardsRemoved":[],"cardsTransformed":[],"relicsObtained":["Orichalcum"],"maxHpGained":0,"goldGained":0,"damageTaken":0,"goldLost":0,"maxHpLost":0},"potions_obtained":[{"floor":1,"key":"ColorlessPotion"},{"floor":3,"key":"Ancient Potion"},{"floor":16,"key":"Energy Potion"},{"floor":22,"key":"Dexterity Potion"}],"is_trial":false,"path_per_floor":["M","?","M","M","?","R","E","R","T","E","$","?","R","E","R","B",null,"M","?","M","?","M","$","E","M"],"character_chosen":"WATCHER","basemod:card_modifiers":[null,null,null,null,null,null,null,null,null,null,null,null,null,null,null,null],"items_purchased":["Adaptation+1","Orrery"],"campfire_rested":0,"item_purchase_floors":[11,23],"current_hp_per_floor":[61,61,61,61,66,66,56,56,56,41,41,34,34,34,34,18,59,61,52,52,52,37,45,17,0],"gold":48,"neow_bonus":"RANDOM_COMMON_RELIC","is_prod":false,"is_daily":false,"rewards_skipped":[],"chose_seed":false,"campfire_upgraded":4,"win_rate":0,"floor_exit_playtime":[34,38,78,93,97,103,133,139,142,191,215,220,225,278,284,380,411,433,450,477,493,560,585,651],"timestamp":1708198589,"path_taken":["M","?","M","M","?","R","E","R","T","E","$","?","R","E","R","BOSS","M","?","M","?","M","$","E","?"],"build_version":"2022-12-18","purchased_purges":2,"victory":false,"max_hp_per_floor":[68,62,62,62,67,67,67,67,67,69,69,69,69,71,71,73,73,75,52,52,52,54,62,64,64],"relic_stats":{"Blood Vial":2,"Singing Bowl":20,"Gremlin Horn":[1,1],"counters":[12,53],"Golden Idol":69,"PureWater":[7],"Orichalcum":[72],"obtain_stats":[{"Blood Vial":24,"Runic Dome":17,"Lantern":9,"Singing Bowl":7,"Gremlin Horn":14,"Golden Idol":2,"Orrery":23,"PureWater":0,"Orichalcum":0,"Frozen Egg 2":10},{"Blood Vial":11,"Runic Dome":7,"Lantern":4,"Singing Bowl":4,"Gremlin Horn":6,"Golden Idol":1,"Orrery":10,"PureWater":0,"Orichalcum":0,"Frozen Egg 2":5},{"Blood Vial":50,"Runic Dome":36,"Lantern":13,"Singing Bowl":13,"Gremlin Horn":25,"Golden Idol":2,"Orrery":45,"PureWater":0,"Orichalcum":0,"Frozen Egg 2":20}]},"card_choices":[{"not_picked":["Prostrate","BowlingBash","SashWhip"],"picked":"SKIP","floor":1},{"not_picked":["Prostrate","FollowUp"],"picked":"FlurryOfBlows","floor":3},{"not_picked":["Weave","Alpha"],"picked":"Wallop","floor":4},{"not_picked":["CrushJoints","Halt"],"picked":"EmptyFist","floor":7},{"not_picked":["ForeignInfluence","Prostrate","Ragnarok"],"picked":"Singing Bowl","floor":10},{"not_picked":["ForeignInfluence","CrushJoints","EmptyBody"],"picked":"Singing Bowl","floor":14},{"not_picked":["ConjureBlade","Devotion+1","Judgement"],"picked":"Singing Bowl","floor":16},{"not_picked":["Evaluate","Consecrate","FlurryOfBlows"],"picked":"Singing Bowl","floor":18},{"not_picked":["BowlingBash","Evaluate"],"picked":"MentalFortress+1","floor":20},{"not_picked":["Judgement","Wireheading+1","Halt","Wallop","PathToVictory","Fasting2+1","Evaluate","WindmillStrike","EmptyFist","EmptyBody","FlurryOfBlows","Perseverance","ClearTheMind","FollowUp","CutThroughFate","LikeWater+1","FlyingSleeves","Nirvana+1","WreathOfFlame"],"picked":"InnerPeace","floor":21},{"not_picked":["LikeWater+1","Prostrate","Consecrate+1"],"picked":"Singing Bowl","floor":22},{"not_picked":["PathToVictory","LikeWater+1","ThirdEye"],"picked":"Singing Bowl","floor":23},{"not_picked":["Ragnarok","FollowUp","Collect"],"picked":"Singing Bowl","floor":23},{"not_picked":["WheelKick","Conclude"],"picked":"EmptyMind","floor":23},{"not_picked":["Conclude","WreathOfFlame","EmptyBody"],"picked":"Singing Bowl","floor":23},{"not_picked":["SignatureMove","JustLucky+1","ForeignInfluence"],"picked":"Singing Bowl","floor":23},{"not_picked":["Pray","EmptyBody","Establishment+1"],"picked":"Singing Bowl","floor":24}],"player_experience":6147275,"relics_obtained":[{"floor":7,"key":"Singing Bowl"},{"floor":9,"key":"Lantern"},{"floor":10,"key":"Frozen Egg 2"},{"floor":14,"key":"Gremlin Horn"},{"floor":24,"key":"Blood Vial"}],"event_choices":[{"damage_healed":0,"gold_gain":0,"player_choice":"Lose Max HP","damage_taken":0,"relics_obtained":["Golden Idol"],"max_hp_gain":0,"max_hp_loss":6,"event_name":"Golden Idol","floor":2,"gold_loss":0},{"damage_healed":0,"gold_gain":0,"player_choice":"Donut","damage_taken":0,"max_hp_gain":5,"max_hp_loss":0,"event_name":"Big Fish","floor":5,"gold_loss":0},{"cards_removed":["Defend_P"],"damage_healed":0,"gold_gain":0,"player_choice":"Card Removal","damage_taken":7,"max_hp_gain":0,"max_hp_loss":0,"event_name":"Golden Wing","floor":12,"gold_loss":0},{"damage_healed":0,"gold_gain":0,"player_choice":"Became a vampire","damage_taken":0,"max_hp_gain":0,"max_hp_loss":23,"event_name":"Vampires","floor":19,"gold_loss":0,"cards_obtained":["Bite","Bite","Bite","Bite","Bite"]},{"damage_healed":0,"gold_gain":0,"player_choice":"Read","damage_taken":0,"max_hp_gain":0,"max_hp_loss":0,"event_name":"The Library","floor":21,"gold_loss":0,"cards_obtained":["InnerPeace"]}],"is_beta":false,"boss_relics":[{"not_picked":["Busted Crown","Snecko Eye"],"picked":"Runic Dome"}],"items_purged_floors":[11,23],"is_endless":false,"potions_floor_spawned":[1,3,16,22],"killed_by":"Chosen and Byrds","ascension_level":20,"potion_discard_per_floor":[[],[],[],[],[],[],[],[],[],[],[],[],[],[],[],[],[],[],[],[],[],[],[],[],[]]}