{"neow_bonuses_skipped_log":["RANDOM_COLORLESS","THREE_ENEMY_KILL","BOSS_RELIC"],"potions_obtained_entropic_brew":[[],[],[],[],[],[],[],[],[],[],[],[],[],[],[],[],[],[],[],[],[],[],[],[],[],[],[],[],[],[],[],[],[],[],[],[],[],[],[],[],[],[],[],[],[],[],[],[],[],[],[],[],[],[],[],[]],"neow_costs_skipped_log":["NONE","NONE","NONE"],"gold_per_floor":[16,16,36,52,71,71,88,121,168,188,188,218,218,233,233,307,307,319,319,335,335,220,220,237,237,314,314,348,367,379,397,397,473,473,491,503,516,416,416,447,447,478,478,508,518,533,559,570,570,570,570,570,570,14,42,42],"floor_reached":56,"playtime":3811,"items_purged":["Defend_P","Strike_P","Strike_P"],"score":2331,"play_id":"1584fc79-a73a-403c-96d3-3a7a7c1656b4","local_time":"20240225182040","score_breakdown":["Floors Climbed (56): 280","Enemies Slain (19): 38","Exordium Elites Killed (2): 20","City Elites Killed (1): 20","Beyond Elites Killed (4): 120","Bosses Slain (4): 500","Well Fed: 25","Champion (6): 150","Overkill: 25","Ascension (20): 1153"],"is_ascension_mode":true,"potions_obtained_alchemize":[[],[],[],[],[],[],[],[],[],[],[],[],[],[],[],[],[],[],[],[],[],[],[],[],[],[],[],[],[],[],[],[],[],[],[],[],[],[],[],[],[],[],[],[],[],[],[],[],[],[],[],[],[],[],[],[]],"campfire_choices":[{"data":"Eruption","floor":6,"key":"SMITH"},{"floor":11,"key":"REST"},{"data":"EmptyFist","floor":13,"key":"SMITH"},{"data":"Consecrate","floor":15,"key":"SMITH"},{"floor":23,"key":"REST"},{"floor":25,"key":"REST"},{"data":"RitualDagger","floor":27,"key":"SMITH"},{"data":"EmptyMind","floor":32,"key":"SMITH"},{"floor":49,"key":"RECALL"},{"data":"Vault","floor":53,"key":"SMITH"}],"lesson_learned_per_floor":[[],[],[],[],[],[],[],[],[],[],[],[],[],[],[],[],[],[],[],[],[],[],[],[],[],[],[],[],[],[],[],[],[],[],[],[],[],[],[],[],[],[],[],[],[],[],[],[],[],[],[],[],[],[],[],[]],"neow_cost":"NO_GOLD","improvable_cards":{"RitualDagger+1":[111]},"seed_source_timestamp":11424693699376,"shop_contents":[{"floor":22,"relics":["Bottled Flame","Mummified Hand","OrangePellets"],"cards":["EmptyFist","Wallop","Pray","Nirvana","Dark Shackles","HandOfGreed"],"potions":["EssenceOfSteel","SmokeBomb","Weak Potion"]},{"floor":38,"relics":["Omamori","Peace Pipe","PrismaticShard"],"cards":["Tantrum","JustLucky","Protect","EmptyBody","Fasting2","Jack Of All Trades","Apotheosis"],"potions":["FearPotion","LiquidMemories","FearPotion"]},{"floor":54,"relics":["Ice Cream","Lee\u0027s Waffle"],"cards":["SandsOfTime","Conclude","Collect","Fasting2","Deep Breath","Thinking Ahead"],"potions":["Block Potion","Ambrosia","Explosive Potion"]}],"circlet_count":0,"master_deck":["AscendersBane","Strike_P","Defend_P","Eruption+1","Vigilance","Consecrate+1","EmptyFist+1","ReachHeaven","EmptyMind+1","Wireheading","MentalFortress+1","RitualDagger+1","InnerPeace","CutThroughFate","ThirdEye+1","Tantrum+1","ClearTheMind+1","Vault+1","Sanctity+1","CutThroughFate+1","Scrawl"],"potion_use_per_floor":[[],[],[],[],[],[],[],["DistilledChaos"],[],[],[],["LiquidMemories"],[],[],[],[],[],[],[],[],[],[],[],[],[],[],[],[],[],[],[],[],[],[],[],[],[],[],[],[],[],["AttackPotion"],[],[],[],[],[],[],[],[],[],[],[],[],[],["Ancient Potion","LiquidMemories"]],"relics":["PureWater","Lantern","Dream Catcher","Pantograph","SacredBark","Singing Bowl","Toy Ornithopter","Runic Pyramid","Gremlin Horn","Ginger","Du-Vu Doll","Oddly Smooth Stone","Pear","Letter Opener"],"potions_floor_usage":[8,12,42,56,56],"damage_taken":[{"damage":0,"enemies":"Cultist","floor":1,"turns":2},{"damage":14,"enemies":"2 Louse","floor":3,"turns":2},{"damage":4,"enemies":"Jaw Worm","floor":4,"turns":3},{"damage":10,"enemies":"Large Slime","floor":5,"turns":3},{"damage":0,"enemies":"Gremlin Gang","floor":7,"turns":2},{"damage":0,"enemies":"Lagavulin","floor":8,"turns":4},{"damage":5,"enemies":"Blue Slaver","floor":10,"turns":2},{"damage":10,"enemies":"3 Sentries","floor":12,"turns":3},{"damage":7,"enemies":"3 Louse","floor":14,"turns":3},{"damage":11,"enemies":"The Guardian","floor":16,"turns":11},{"damage":25,"enemies":"2 Thieves","floor":18,"turns":3},{"damage":22,"enemies":"3 Byrds","floor":20,"turns":5},{"damage":3,"enemies":"Centurion and Healer","floor":24,"turns":4},{"damage":0,"enemies":"Gremlin Leader","floor":28,"turns":5},{"damage":0,"enemies":"3 Cultists","floor":29,"turns":4},{"damage":18,"enemies":"Snecko","floor":30,"turns":4},{"damage":0,"enemies":"Snake Plant","floor":31,"turns":2},{"damage":29,"enemies":"Automaton","floor":33,"turns":8},{"damage":0,"enemies":"3 Shapes","floor":35,"turns":4},{"damage":0,"enemies":"3 Darklings","floor":36,"turns":3},{"damage":0,"enemies":"Sphere and 2 Shapes","floor":37,"turns":3},{"damage":0,"enemies":"Nemesis","floor":40,"turns":4},{"damage":0,"enemies":"Reptomancer","floor":42,"turns":2},{"damage":0,"enemies":"Nemesis","floor":44,"turns":4},{"damage":0,"enemies":"Maw","floor":45,"turns":4},{"damage":7,"enemies":"4 Shapes","floor":46,"turns":2},{"damage":0,"enemies":"Reptomancer","floor":47,"turns":3},{"damage":6,"enemies":"Writhing Mass","floor":48,"turns":3},{"damage":26,"enemies":"Awakened One","floor":50,"turns":18},{"damage":27,"enemies":"Donu and Deca","floor":51,"turns":8},{"damage":14,"enemies":"Shield and Spear","floor":55,"turns":3},{"damage":110,"enemies":"The Heart","floor":56,"turns":10}],"green_key_taken_log":47,"seed_played":"6826522659064925931","neow_bonus_log":{"cardsObtained":[],"cardsUpgraded":[],"cardsRemoved":["Defend_P","Defend_P"],"cardsTransformed":[],"relicsObtained":[],"maxHpGained":0,"goldGained":0,"damageTaken":0,"goldLost":99,"maxHpLost":0},"potions_obtained":[{"floor":3,"key":"Ancient Potion"},{"floor":4,"key":"Weak Potion"},{"floor":5,"key":"LiquidMemories"},{"floor":7,"key":"DistilledChaos"},{"floor":18,"key":"SpeedPotion"},{"floor":24,"key":"LiquidBronze"},{"floor":28,"key":"AttackPotion"},{"floor":30,"key":"LiquidMemories"},{"floor":42,"key":"Strength Potion"},{"floor":44,"key":"SteroidPotion"},{"floor":47,"key":"Ancient Potion"}],"is_trial":false,"path_per_floor":["M","?","M","M","M","R","M","E","T","M","R","E","R","M","R","B",null,"M","?","M","?","$","R","M","R","T","R","E","M","M","M","R","B",null,"M","M","M","$","?","E","?","E","T","E","M","M","E","M","R","B","B",null,"R","$","E","B"],"character_chosen":"WATCHER","basemod:card_modifiers":[null,null,null,null,null,null,null,null,null,null,null,null,null,null,null,null,null,null,null,null,null],"items_purchased":["InnerPeace","Scrawl","Pear"],"campfire_rested":3,"item_purchase_floors":[22,54,54],"current_hp_per_floor":[61,61,47,43,33,33,33,33,33,28,48,38,38,31,31,45,62,37,31,9,9,9,29,26,46,46,46,48,48,32,32,32,28,61,63,65,67,67,67,69,69,76,76,76,78,71,73,69,69,58,56,77,77,87,75,0],"gold":42,"neow_bonus":"REMOVE_TWO","is_prod":false,"is_daily":false,"rewards_skipped":[{"floor":33,"relics":[],"potions":["EssenceOfSteel"]},{"floor":37,"relics":[],"potions":["PowerPotion"]}],"chose_seed":false,"campfire_upgraded":6,"win_rate":0,"floor_exit_playtime":[26,36,68,91,125,131,166,290,294,315,359,466,478,515,534,792,814,855,873,1004,1007,1050,1057,1120,1145,1149,1156,1289,1356,1431,1481,1488,1647,1671,1741,1784,1871,1963,1967,2016,2025,2077,2084,2156,2220,2268,2337,2373,2377,2779,2931,2943,3012,3079,3151],"timestamp":1708903240,"blue_key_relic_skipped_log":{"floor":43,"relicID":"Kunai"},"path_taken":["M","?","M","?","?","R","?","E","T","M","R","E","R","M","R","BOSS","M","?","M","?","$","R","?","R","T","R","E","M","M","M","R","BOSS","M","M","M","$","?","E","?","E","T","E","M","M","E","M","R","BOSS","BOSS","R","$","E","BOSS"],"build_version":"2022-12-18","purchased_purges":3,"victory":false,"max_hp_per_floor":[68,68,68,68,68,68,68,68,68,68,68,68,68,68,68,68,68,68,68,68,68,68,68,68,68,68,68,70,70,72,72,72,72,72,74,76,78,78,78,80,76,78,78,78,80,80,82,84,84,84,84,84,84,94,96,96],"relic_stats":{"Dream Catcher":3,"Singing Bowl":22,"Gremlin Horn":[12,12],"counters":[32,141],"Pantograph":111,"Ginger":[7],"Letter Opener":[15],"PureWater":[25],"obtain_stats":[{"Lantern":8,"Pear":54,"Singing Bowl":26,"Gremlin Horn":40,"SacredBark":17,"Oddly Smooth Stone":47,"Ginger":42,"Letter Opener":55,"Du-Vu Doll":44,"Dream Catcher":9,"Pantograph":12,"PureWater":0,"Toy Ornithopter":28,"Runic Pyramid":34},{"Lantern":6,"Pear":30,"Singing Bowl":13,"Gremlin Horn":22,"SacredBark":10,"Oddly Smooth Stone":27,"Ginger":23,"Letter Opener":31,"Du-Vu Doll":24,"Dream Catcher":6,"Pantograph":8,"PureWater":0,"Toy Ornithopter":14,"Runic Pyramid":18},{"Lantern":16,"Pear":128,"Singing Bowl":47,"Gremlin Horn":84,"SacredBark":35,"Oddly Smooth Stone":99,"Ginger":86,"Letter Opener":131,"Du-Vu Doll":90,"Dream Catcher":16,"Pantograph":21,"PureWater":0,"Toy Ornithopter":52,"Runic Pyramid":70}],"Toy Ornithopter":12},"card_choices":[{"not_picked":["JustLucky","ThirdEye"],"picked":"Consecrate","floor":1},{"not_picked":["ThirdEye","Consecrate"],"picked":"EmptyFist","floor":3},{"not_picked":["Protect","DevaForm"],"picked":"ReachHeaven","floor":4},{"not_picked":["EmptyFist","Fasting2"],"picked":"EmptyMind","floor":5},{"not_picked":["EmptyFist","Vengeance","CarveReality"],"picked":"SKIP","floor":7},{"not_picked":["Halt","Judgement","BowlingBash"],"picked":"SKIP","floor":10},{"not_picked":["ClearTheMind","Prostrate"],"picked":"Wireheading","floor":14},{"not_picked":["Omniscience","Blasphemy","Devotion"],"picked":"SKIP","floor":16},{"not_picked":["Protect+1","EmptyFist+1"],"picked":"MentalFortress+1","floor":18},{"not_picked":["Wireheading","ForeignInfluence","Weave"],"picked":"SKIP","floor":20},{"not_picked":["Collect","Evaluate"],"picked":"CutThroughFate","floor":24},{"not_picked":["Halt","Prostrate+1"],"picked":"ThirdEye+1","floor":25},{"not_picked":["Vengeance","FlurryOfBlows","FollowUp"],"picked":"Singing Bowl","floor":28},{"not_picked":["Pray","BowlingBash"],"picked":"Tantrum+1","floor":29},{"not_picked":["CrushJoints","Wish","EmptyFist"],"picked":"Singing Bowl","floor":30},{"not_picked":["JustLucky","BowlingBash"],"picked":"ClearTheMind+1","floor":31},{"not_picked":["DevaForm","ConjureBlade"],"picked":"Vault","floor":33},{"not_picked":["EmptyBody","FlurryOfBlows","WindmillStrike"],"picked":"Singing Bowl","floor":35},{"not_picked":["Prostrate","FollowUp","ClearTheMind"],"picked":"Singing Bowl","floor":36},{"not_picked":["ClearTheMind","SignatureMove","Consecrate"],"picked":"Singing Bowl","floor":37},{"not_picked":["ForeignInfluence","Omniscience","BowlingBash"],"picked":"Singing Bowl","floor":40},{"not_picked":["Vengeance+1","JustLucky+1","CarveReality"],"picked":"Singing Bowl","floor":42},{"not_picked":["BowlingBash","Fasting2"],"picked":"Sanctity+1","floor":44},{"not_picked":["JustLucky","Swivel+1","Evaluate"],"picked":"Singing Bowl","floor":45},{"not_picked":["Nirvana","ClearTheMind"],"picked":"CutThroughFate+1","floor":46},{"not_picked":["EmptyBody+1","Sanctity","CrushJoints"],"picked":"Singing Bowl","floor":47},{"not_picked":["Evaluate","FlyingSleeves","ForeignInfluence"],"picked":"Singing Bowl","floor":48},{"not_picked":["FollowUp","CrushJoints","ThirdEye+1"],"picked":"Singing Bowl","floor":55}],"player_experience":6318715,"relics_obtained":[{"floor":8,"key":"Lantern"},{"floor":9,"key":"Dream Catcher"},{"floor":12,"key":"Pantograph"},{"floor":26,"key":"Singing Bowl"},{"floor":28,"key":"Toy Ornithopter"},{"floor":40,"key":"Gremlin Horn"},{"floor":42,"key":"Ginger"},{"floor":44,"key":"Du-Vu Doll"},{"floor":47,"key":"Oddly Smooth Stone"},{"floor":55,"key":"Letter Opener"}],"event_choices":[{"cards_removed":["Strike_P"],"damage_healed":0,"gold_gain":0,"player_choice":"Offered Basic","damage_taken":0,"max_hp_gain":0,"max_hp_loss":0,"event_name":"Bonfire Elementals","floor":2,"gold_loss":0},{"damage_healed":0,"gold_gain":0,"player_choice":"Joined the Cult","damage_taken":6,"max_hp_gain":0,"max_hp_loss":0,"event_name":"Nest","floor":19,"gold_loss":0,"cards_obtained":["RitualDagger"]},{"damage_healed":0,"gold_gain":0,"player_choice":"Ignored","damage_taken":0,"max_hp_gain":0,"max_hp_loss":0,"event_name":"The Mausoleum","floor":21,"gold_loss":0},{"damage_healed":0,"gold_gain":0,"player_choice":"Ignored","damage_taken":0,"max_hp_gain":0,"max_hp_loss":0,"event_name":"SecretPortal","floor":39,"gold_loss":0},{"damage_healed":0,"gold_gain":0,"player_choice":"Max HP","damage_taken":0,"max_hp_gain":0,"max_hp_loss":4,"event_name":"Winding Halls","floor":41,"gold_loss":0}],"is_beta":false,"boss_relics":[{"not_picked":["Velvet Choker","Sozu"],"picked":"SacredBark"},{"not_picked":["Tiny House","Black Star"],"picked":"Runic Pyramid"}],"items_purged_floors":[22,38,54],"is_endless":false,"potions_floor_spawned":[3,4,5,7,18,24,28,30,33,37,42,44,47],"killed_by":"The Heart","ascension_level":20,"potion_discard_per_floor":[[],[],[],[],["Ancient Potion"],[],["Weak Potion"],[],[],[],[],[],[],[],[],[],[],[],[],[],[],[],[],[],[],[],[],["LiquidBronze"],[],["SpeedPotion"],[],[],[],[],[],[],[],[],[],[],[],[],[],["Strength Potion"],[],[],["SteroidPotion"],[],[],[],[],[],[],[],[],[]]}