{"neow_bonuses_skipped_log":["RANDOM_COLORLESS","TEN_PERCENT_HP_BONUS","RANDOM_COLORLESS_2"],"potions_obtained_entropic_brew":[[],[],[],[],[],[],[],[],[],[],[],[],[],[],[],[],[],[],[],[],[],[],[],[],[],[],[],[],[],[],[],[],[],[],[],[],[],[],[],[],[],[],[],[],[],[],[],[],[],[],[],[],[],[],[],[],[]],"neow_costs_skipped_log":["NONE","NONE","NO_GOLD"],"gold_per_floor":[112,132,49,63,63,90,90,124,124,137,156,189,201,201,201,279,279,298,298,313,38,53,53,86,86,86,119,133,133,153,480,480,557,557,575,590,353,353,353,363,363,391,438,156,191,207,224,239,239,239,239,239,239,9,39,39],"floor_reached":57,"playtime":2425,"items_purged":["PathToVictory+1","Shame","ThirdEye+1"],"score":3413,"play_id":"ca7cb0e1-bd8f-447b-a079-29d7b82cd908","local_time":"20240228220552","score_breakdown":["Floors Climbed (57): 285","Enemies Slain (17): 34","Exordium Elites Killed (3): 30","City Elites Killed (3): 60","Beyond Elites Killed (2): 60","Bosses Slain (5): 750","Light Speed: 50","Money Money (1047): 25","Champion (5): 125","Beyond Perfect: 200","Ascension (20): 1544","Heartbreaker: 250"],"is_ascension_mode":true,"potions_obtained_alchemize":[[],[],[],[],[],[],[],[],[],[],[],[],[],[],[],[],[],[],[],[],[],[],[],[],[],[],[],[],[],[],[],[],[],[],[],[],[],[],[],[],[],[],[],[],[],[],[],[],[],[],[],[],[],[],[],[],[]],"campfire_choices":[{"data":"EmptyFist","floor":7,"key":"SMITH"},{"floor":15,"key":"REST"},{"floor":23,"key":"REST"},{"data":"Adaptation","floor":25,"key":"SMITH"},{"data":"TalkToTheHand","floor":29,"key":"SMITH"},{"data":"Tantrum","floor":32,"key":"SMITH"},{"floor":41,"key":"RECALL"},{"floor":49,"key":"REST"},{"floor":53,"key":"REST"}],"lesson_learned_per_floor":[[],[],[],[],[],[],[],[],[],[],[],[],[],[],[],[],[],["LessonLearned"],[],["Halt"],[],["Adaptation"],[],["ThirdEye"],[],[],["CutThroughFate"],["PathToVictory"],[],["Tantrum"],["FlurryOfBlows"],[],["Vigilance"],[],["EmptyFist"],["Eruption"],[],[],[],["Deep Breath"],[],["EmptyMind"],[],[],["MentalFortress"],["Master of Strategy"],["ClearTheMind"],[],[],[],[],[],[],[],["Purity"],[],[]],"neow_cost":"NONE","improvable_cards":{},"seed_source_timestamp":13167055286464,"shop_contents":[{"floor":3,"relics":["TeardropLocket","Boot","Strange Spoon"],"cards":["FlyingSleeves","JustLucky","Protect","PathToVictory","Madness","The Bomb"],"potions":["SpeedPotion","GamblersBrew","SpeedPotion"]},{"floor":21,"relics":["Juzu Bracelet","Frozen Eye"],"cards":["CutThroughFate","Consecrate","Evaluate","Collect","Fasting2","Purity","Secret Weapon"],"potions":["BottledMiracle","SkillPotion","SpeedPotion"]},{"floor":37,"relics":["Blue Candle","Akabeko"],"cards":["FollowUp","Consecrate","Indignation","Wish","Nirvana","Dramatic Entrance","HandOfGreed"],"potions":["FairyPotion","CultistPotion","ColorlessPotion"]},{"floor":44,"relics":["Question Card","Bronze Scales","Melange"],"cards":["Consecrate","LessonLearned","Vengeance","Evaluate","Wireheading","Enlightenment"],"potions":["Explosive Potion","SkillPotion","DistilledChaos"]},{"floor":54,"relics":["Bottled Lightning","Whetstone","Membership Card"],"cards":["SandsOfTime","Ragnarok","Indignation","Crescendo","MentalFortress","Magnetism"],"potions":["Fire Potion","SkillPotion","Weak Potion"]}],"circlet_count":0,"master_deck":["AscendersBane","Eruption+1","Vigilance+1","FlurryOfBlows+1","Adaptation+1","EmptyFist+1","CutThroughFate+1","TalkToTheHand+1","Tantrum+1","Scrawl+1","Tantrum+1","EmptyFist+1","Adaptation+1","Halt+1","LessonLearned+1","EmptyMind+1","CutThroughFate+1","TalkToTheHand+1","Halt+1","Deep Breath+1","MentalFortress+1","Master of Strategy+1","ClearTheMind+1","Purity+1"],"potion_use_per_floor":[[],[],[],[],[],[],[],["Regen Potion","Strength Potion"],[],[],[],[],[],[],[],[],[],[],[],[],[],[],[],[],[],[],[],[],[],[],[],[],[],[],[],[],[],[],[],[],[],[],[],[],[],[],[],[],[],[],[],[],[],[],[],[],[]],"relics":["Cursed Key","Damaru","Anchor","Unceasing Top","Pandora\u0027s Box","Shuriken","Pocketwatch","FossilizedHelix","Old Coin","Runic Pyramid","ClockworkSouvenir","Bottled Tornado","Yang","Bird Faced Urn"],"potions_floor_usage":[8,8],"damage_taken":[{"damage":0,"enemies":"2 Louse","floor":1,"turns":2},{"damage":0,"enemies":"Cultist","floor":2,"turns":3},{"damage":4,"enemies":"Jaw Worm","floor":4,"turns":4},{"damage":31,"enemies":"Gremlin Nob","floor":6,"turns":4},{"damage":22,"enemies":"Lagavulin","floor":8,"turns":6},{"damage":4,"enemies":"Exordium Wildlife","floor":10,"turns":3},{"damage":0,"enemies":"Looter","floor":11,"turns":1},{"damage":12,"enemies":"3 Sentries","floor":12,"turns":8},{"damage":0,"enemies":"Large Slime","floor":13,"turns":3},{"damage":6,"enemies":"The Guardian","floor":16,"turns":7},{"damage":0,"enemies":"3 Byrds","floor":18,"turns":4},{"damage":21,"enemies":"Chosen","floor":20,"turns":4},{"damage":10,"enemies":"Snake Plant","floor":22,"turns":4},{"damage":0,"enemies":"Book of Stabbing","floor":24,"turns":3},{"damage":5,"enemies":"Gremlin Leader","floor":27,"turns":4},{"damage":0,"enemies":"Cultist and Chosen","floor":28,"turns":4},{"damage":0,"enemies":"Chosen and Byrds","floor":30,"turns":2},{"damage":0,"enemies":"Book of Stabbing","floor":31,"turns":4},{"damage":0,"enemies":"Champ","floor":33,"turns":5},{"damage":0,"enemies":"3 Darklings","floor":35,"turns":3},{"damage":0,"enemies":"Orb Walker","floor":36,"turns":2},{"damage":0,"enemies":"Sphere and 2 Shapes","floor":40,"turns":3},{"damage":0,"enemies":"Reptomancer","floor":42,"turns":4},{"damage":0,"enemies":"Nemesis","floor":45,"turns":5},{"damage":0,"enemies":"Spire Growth","floor":46,"turns":3},{"damage":0,"enemies":"4 Shapes","floor":47,"turns":3},{"damage":0,"enemies":"Sphere and 2 Shapes","floor":48,"turns":4},{"damage":0,"enemies":"Time Eater","floor":50,"turns":8},{"damage":0,"enemies":"Awakened One","floor":51,"turns":5},{"damage":0,"enemies":"Shield and Spear","floor":55,"turns":5},{"damage":0,"enemies":"The Heart","floor":56,"turns":8}],"green_key_taken_log":8,"seed_played":"2167577826485043640","neow_bonus_log":{"cardsObtained":[],"cardsUpgraded":[],"cardsRemoved":[],"cardsTransformed":[],"relicsObtained":["Cursed Key"],"maxHpGained":0,"goldGained":0,"damageTaken":0,"goldLost":0,"maxHpLost":0},"potions_obtained":[{"floor":1,"key":"Strength Potion"},{"floor":6,"key":"Regen Potion"},{"floor":12,"key":"Ancient Potion"},{"floor":13,"key":"SteroidPotion"},{"floor":28,"key":"Swift Potion"},{"floor":40,"key":"ColorlessPotion"},{"floor":46,"key":"Energy Potion"},{"floor":48,"key":"LiquidMemories"}],"is_trial":false,"path_per_floor":["M","M","$","M","?","E","R","E","T","M","M","E","M","?","R","B",null,"M","?","M","$","M","R","E","R","T","E","M","R","M","E","R","B",null,"M","M","$","?","?","M","R","E","T","$","E","M","M","M","R","B","B",null,"R","$","E","B",null],"character_chosen":"WATCHER","basemod:card_modifiers":[null,null,null,null,null,null,null,null,null,null,null,null,null,null,null,null,null,null,null,null,null,null,null,null],"items_purchased":["Adaptation","Shuriken","ClockworkSouvenir","Master of Strategy","Purity"],"campfire_rested":4,"item_purchase_floors":[3,21,37,44,54],"current_hp_per_floor":[61,61,61,57,62,31,31,24,24,20,20,8,8,8,29,23,61,61,61,40,40,30,51,51,51,51,46,46,46,46,46,46,46,66,66,66,66,66,56,56,56,56,56,56,56,56,56,56,69,69,69,69,69,69,69,69],"gold":39,"neow_bonus":"BOSS_RELIC","is_prod":false,"is_daily":false,"rewards_skipped":[{"floor":18,"relics":[],"potions":["Weak Potion"]},{"floor":20,"relics":[],"potions":["LiquidBronze"]},{"floor":30,"relics":[],"potions":["Ancient Potion"]},{"floor":33,"relics":[],"potions":["PowerPotion"]},{"floor":36,"relics":[],"potions":["SkillPotion"]}],"chose_seed":false,"campfire_upgraded":4,"win_rate":0,"floor_exit_playtime":[38,61,72,102,110,165,171,232,234,265,276,352,382,397,401,479,515,587,595,666,674,723,728,795,807,809,876,954,962,1006,1065,1084,1173,1201,1263,1293,1313,1318,1339,1424,1430,1497,1501,1526,1622,1695,1778,1846,1849,1988,2118,2129,2132,2174,2275,2425],"timestamp":1709175952,"blue_key_relic_skipped_log":{"floor":43,"relicID":"MawBank"},"path_taken":["M","M","$","M","?","E","R","E","T","M","M","E","M","?","R","BOSS","M","?","M","$","M","R","E","R","T","E","?","R","M","E","R","BOSS","M","M","$","?","?","M","R","E","T","$","E","M","M","?","R","BOSS","BOSS","R","$","E","BOSS"],"build_version":"2022-12-18","purchased_purges":3,"victory":true,"max_hp_per_floor":[68,68,68,68,73,73,73,73,73,73,73,73,73,73,73,73,73,73,73,73,73,73,73,73,73,73,73,73,73,73,73,73,73,73,73,73,73,69,69,69,69,69,69,69,69,69,69,69,69,69,69,69,69,69,69,69],"relic_stats":{"counters":[31,128],"Shuriken":[73],"Bird Faced Urn":[0],"Pandora\u0027s Box":["PathToVictory","ThirdEye","Tantrum","EmptyFist","Adaptation","Halt","LessonLearned"],"Yang":[138],"Bottled Tornado":"Adaptation","Cursed Key":1,"obtain_stats":[{"Damaru":6,"Yang":45,"Bottled Tornado":42,"Cursed Key":0,"Old Coin":31,"ClockworkSouvenir":37,"Anchor":8,"Shuriken":21,"Bird Faced Urn":55,"Pandora\u0027s Box":17,"PureWater":0,"Unceasing Top":12,"FossilizedHelix":27,"Pocketwatch":24,"Runic Pyramid":34},{"Damaru":4,"Yang":24,"Bottled Tornado":23,"Cursed Key":0,"Old Coin":18,"ClockworkSouvenir":21,"Anchor":5,"Shuriken":12,"Bird Faced Urn":30,"Pandora\u0027s Box":10,"PureWater":0,"Unceasing Top":8,"FossilizedHelix":15,"Pocketwatch":14,"Runic Pyramid":19},{"Damaru":13,"Yang":92,"Bottled Tornado":87,"Cursed Key":0,"Old Coin":70,"ClockworkSouvenir":80,"Anchor":19,"Shuriken":49,"Bird Faced Urn":120,"Pandora\u0027s Box":41,"PureWater":0,"Unceasing Top":31,"FossilizedHelix":60,"Pocketwatch":56,"Runic Pyramid":75}],"Unceasing Top":[1],"FossilizedHelix":[89],"Pocketwatch":[14]},"card_choices":[{"not_picked":["FollowUp","JustLucky"],"picked":"FlurryOfBlows","floor":2},{"not_picked":["Crescendo","Ragnarok"],"picked":"EmptyFist","floor":4},{"not_picked":["EmptyBody","JustLucky","Protect"],"picked":"SKIP","floor":6},{"not_picked":["ClearTheMind","FlyingSleeves"],"picked":"CutThroughFate","floor":10},{"not_picked":["PathToVictory","FlyingSleeves"],"picked":"TalkToTheHand","floor":11},{"not_picked":["ClearTheMind","CrushJoints"],"picked":"Tantrum","floor":13},{"not_picked":["Alpha","DeusExMachina"],"picked":"Scrawl","floor":16},{"not_picked":["Crescendo","SignatureMove","Study"],"picked":"SKIP","floor":18},{"not_picked":["Halt","CutThroughFate","EmptyBody+1"],"picked":"SKIP","floor":20},{"not_picked":["Protect","SashWhip","EmptyFist+1"],"picked":"SKIP","floor":22},{"not_picked":["Prostrate","Conclude"],"picked":"EmptyMind","floor":24},{"not_picked":["Halt","EmptyBody","DeceiveReality"],"picked":"SKIP","floor":27},{"not_picked":["DeceiveReality","CutThroughFate+1","Wallop"],"picked":"SKIP","floor":28},{"not_picked":["DeceiveReality","Wallop"],"picked":"CutThroughFate+1","floor":28},{"not_picked":["Crescendo","EmptyBody","Evaluate"],"picked":"SKIP","floor":30},{"not_picked":["BowlingBash+1","JustLucky"],"picked":"TalkToTheHand+1","floor":31},{"not_picked":["Judgement","Brilliance","LessonLearned"],"picked":"SKIP","floor":33},{"not_picked":["FlyingSleeves","ThirdEye","EmptyFist"],"picked":"SKIP","floor":35},{"not_picked":["CarveReality","Weave"],"picked":"Halt+1","floor":36},{"not_picked":["Bandage Up","Swift Strike"],"picked":"Deep Breath","floor":39},{"not_picked":["Trip","PanicButton","Panacea"],"picked":"SKIP","floor":39},{"not_picked":["Jack Of All Trades","Impatience","Panacea"],"picked":"SKIP","floor":39},{"not_picked":["CarveReality+1","DeceiveReality+1"],"picked":"MentalFortress","floor":40},{"not_picked":["ForeignInfluence+1","JustLucky","EmptyFist+1"],"picked":"SKIP","floor":42},{"not_picked":["MentalFortress","Adaptation"],"picked":"ClearTheMind","floor":45},{"not_picked":["WindmillStrike","Protect","FollowUp"],"picked":"SKIP","floor":46},{"not_picked":["MentalFortress","ForeignInfluence","Halt"],"picked":"SKIP","floor":47},{"not_picked":["Evaluate","CutThroughFate","Weave"],"picked":"SKIP","floor":48},{"not_picked":["FollowUp","LikeWater","LessonLearned"],"picked":"SKIP","floor":55}],"player_experience":6390417,"relics_obtained":[{"floor":6,"key":"Damaru"},{"floor":8,"key":"Anchor"},{"floor":12,"key":"Unceasing Top"},{"floor":24,"key":"Pocketwatch"},{"floor":27,"key":"FossilizedHelix"},{"floor":31,"key":"Old Coin"},{"floor":42,"key":"Bottled Tornado"},{"floor":45,"key":"Yang"},{"floor":55,"key":"Bird Faced Urn"}],"event_choices":[{"damage_healed":0,"gold_gain":0,"player_choice":"Donut","damage_taken":0,"max_hp_gain":5,"max_hp_loss":0,"event_name":"Big Fish","floor":5,"gold_loss":0},{"cards_removed":["Defend_P"],"damage_healed":0,"gold_gain":0,"player_choice":"Purged","damage_taken":0,"max_hp_gain":0,"max_hp_loss":0,"event_name":"Purifier","floor":14,"gold_loss":0},{"damage_healed":0,"gold_gain":0,"player_choice":"Forge","damage_taken":0,"max_hp_gain":0,"max_hp_loss":0,"event_name":"Accursed Blacksmith","floor":19,"gold_loss":0,"cards_upgraded":["Scrawl"]},{"damage_healed":0,"gold_gain":0,"player_choice":"Max HP","damage_taken":0,"max_hp_gain":0,"max_hp_loss":4,"event_name":"Winding Halls","floor":38,"gold_loss":0},{"damage_healed":0,"gold_gain":0,"player_choice":"Memory 3","damage_taken":10,"max_hp_gain":0,"max_hp_loss":0,"event_name":"SensoryStone","floor":39,"gold_loss":0}],"is_beta":false,"boss_relics":[{"not_picked":["Sozu","Astrolabe"],"picked":"Pandora\u0027s Box"},{"not_picked":["Philosopher\u0027s Stone","Busted Crown"],"picked":"Runic Pyramid"}],"items_purged_floors":[37,44,54],"is_endless":false,"potions_floor_spawned":[1,6,12,13,18,20,28,30,33,36,40,46,48],"ascension_level":20,"potion_discard_per_floor":[[],[],[],[],[],[],[],[],[],[],[],[],[],[],[],[],[],[],[],[],[],[],[],[],[],[],[],["SteroidPotion"],[],[],[],[],[],[],[],[],[],[],[],["Ancient Potion"],[],[],[],[],[],["ColorlessPotion"],[],["Energy Potion"],[],[],[],[],[],[],[],[],[]]}