{"neow_bonuses_skipped_log":["THREE_CARDS","THREE_SMALL_POTIONS","RANDOM_COLORLESS_2"],"potions_obtained_entropic_brew":[[],[],[],[],[],[],[],[],[],[],[],[],[],[],[],[]],"neow_costs_skipped_log":["NONE","NONE","NO_GOLD"],"gold_per_floor":[99,99,99,99,99,99,425,425,425,425,425,425,425,425,425,425],"floor_reached":16,"playtime":116,"items_purged":[],"score":121,"play_id":"f87732e3-7ba0-4500-89a9-8dd9722f13c4","local_time":"20220919175458","score_breakdown":["Floors Climbed (16): 80","Enemies Slain (3): 6","Exordium Elites Killed (1): 10","Bosses Slain (0): 0","Champion (1): 25"],"is_ascension_mode":false,"potions_obtained_alchemize":[[],[],[],[],[],[],[],[],[],[],[],[],[],[],[],[]],"campfire_choices":[{"floor":6,"key":"RECALL"},{"data":"Strike_G","floor":13,"key":"SMITH"},{"data":"Survivor","floor":15,"key":"SMITH"}],"lesson_learned_per_floor":[[],[],[],[],[],[],[],[],[],[],[],[],[],[],[],[]],"neow_cost":"NONE","improvable_cards":{},"seed_source_timestamp":2860886378607,"shop_contents":[{"floor":2,"relics":["Juzu Bracelet","MealTicket","Sling"],"cards":["Sucker Punch","Die Die Die","Distraction","Dodge and Roll","Well Laid Plans","Discovery","Apotheosis"],"potions":["DistilledChaos","Poison Potion","AttackPotion"]},{"floor":12,"relics":["Snake Skull","Nunchaku","Frozen Eye"],"cards":["Skewer","Unload","Reflex","Acrobatics","Accuracy","Mind Blast","Thinking Ahead"],"potions":["Fruit Juice","SpeedPotion","CunningPotion"]}],"circlet_count":0,"master_deck":["Strike_G","Strike_G","Strike_G","Strike_G+1","Strike_G","Defend_G","Defend_G","Defend_G","Defend_G","Defend_G","Survivor+1","Neutralize","Regret"],"potion_use_per_floor":[[],[],[],[],[],[],[],[],[],[],[],[],[],[],[],[]],"relics":["Coffee Dripper","WingedGreaves","NeowsBlessing","Pantograph","WingedGreaves","Old Coin","Juzu Bracelet","NeowsBlessing"],"potions_floor_usage":[],"damage_taken":[{"damage":0,"enemies":"2 Louse","floor":1,"turns":1},{"damage":3,"enemies":"3 Sentries","floor":7,"turns":2},{"damage":0,"enemies":"Cultist","floor":10,"turns":1},{"damage":0,"enemies":"Small Slimes","floor":11,"turns":1},{"damage":74,"enemies":"Slime Boss","floor":16,"turns":3}],"seed_played":"-8339337285493847048","neow_bonus_log":{"cardsObtained":[],"cardsUpgraded":[],"cardsRemoved":[],"cardsTransformed":[],"relicsObtained":["Coffee Dripper"],"maxHpGained":0,"goldGained":0,"damageTaken":0,"goldLost":0,"maxHpLost":0},"potions_obtained":[],"is_trial":false,"path_per_floor":["M","$","?","?","?","R","E","?","T","M","M","$","R","?","R","B"],"character_chosen":"THE_SILENT","items_purchased":[],"campfire_rested":0,"item_purchase_floors":[],"current_hp_per_floor":[70,70,70,70,70,70,67,67,67,67,67,67,67,67,67,0],"gold":425,"neow_bonus":"BOSS_RELIC","is_prod":false,"is_daily":false,"rewards_skipped":[{"floor":1,"relics":[],"potions":["Swift Potion"]},{"floor":10,"relics":[],"potions":["Dexterity Potion"]}],"chose_seed":false,"campfire_upgraded":2,"win_rate":0,"floor_exit_playtime":[22,25,28,34,36,42,57,62,65,75,80,83,88,91,95],"timestamp":1663624498,"blue_key_relic_skipped_log":{"floor":9,"relicID":"Kunai"},"path_taken":["M","$","?","?","?","R","E","?","T","M","M","?","R","?","R","BOSS"],"build_version":"2022-03-07","purchased_purges":0,"victory":false,"max_hp_per_floor":[70,70,70,70,70,70,70,70,70,70,70,70,70,70,70,70],"relic_stats":{"counters":[5,8],"Pantograph":3,"WingedGreaves":3,"Juzu Bracelet":1,"obtain_stats":[{"NeowsBlessing":0,"Pantograph":3,"WingedGreaves":0,"Coffee Dripper":0,"Juzu Bracelet":7,"Ring of the Snake":0,"Old Coin":7},{"NeowsBlessing":0,"Pantograph":1,"WingedGreaves":0,"Coffee Dripper":0,"Juzu Bracelet":2,"Ring of the Snake":0,"Old Coin":2},{"NeowsBlessing":0,"Pantograph":1,"WingedGreaves":0,"Coffee Dripper":0,"Juzu Bracelet":3,"Ring of the Snake":0,"Old Coin":3}]},"card_choices":[{"not_picked":["Leg Sweep","Dagger Throw","Poisoned Stab"],"picked":"SKIP","floor":1},{"not_picked":["Dash","Setup","Sucker Punch"],"picked":"SKIP","floor":7},{"not_picked":["Sucker Punch","Quick Slash","Outmaneuver"],"picked":"SKIP","floor":10},{"not_picked":["Dagger Spray","Eviscerate","Setup"],"picked":"SKIP","floor":11}],"player_experience":3966513,"relics_obtained":[{"floor":7,"key":"Old Coin"}],"event_choices":[{"damage_healed":0,"gold_gain":0,"player_choice":"Box","damage_taken":0,"relics_obtained":["Pantograph"],"max_hp_gain":0,"max_hp_loss":0,"event_name":"Big Fish","floor":3,"gold_loss":0,"cards_obtained":["Regret"]},{"damage_healed":0,"gold_gain":0,"player_choice":"Ignored","damage_taken":0,"max_hp_gain":0,"max_hp_loss":0,"event_name":"Golden Wing","floor":4,"gold_loss":0},{"damage_healed":0,"gold_gain":0,"player_choice":"Ignored","damage_taken":0,"max_hp_gain":0,"max_hp_loss":0,"event_name":"Golden Shrine","floor":5,"gold_loss":0},{"damage_healed":0,"gold_gain":0,"player_choice":"Ignored","damage_taken":0,"max_hp_gain":0,"max_hp_loss":0,"event_name":"NoteForYourself","floor":8,"gold_loss":0},{"damage_healed":0,"gold_gain":0,"player_choice":"Fled","damage_taken":0,"max_hp_gain":0,"max_hp_loss":0,"event_name":"Scrap Ooze","floor":14,"gold_loss":0}],"is_beta":false,"boss_relics":[],"items_purged_floors":[],"is_endless":false,"potions_floor_spawned":[1,10],"killed_by":"Slime Boss","ascension_level":0,"potion_discard_per_floor":[[],[],[],[],[],[],[],[],[],[],[],[],[],[],[],[]]}