{"neow_bonuses_skipped_log":["UPGRADE_CARD","RANDOM_COMMON_RELIC","BOSS_RELIC"],"potions_obtained_entropic_brew":[[],[],[],[],[],[],[],[],[],[],[],[],[],[],[],[],[],[],[],[],[],[],[],[],[],[],[],[],[],[],[],[],[],[],[],[],[],[],[],[],[],[],[],[],[],[],[],[],[],[]],"neow_costs_skipped_log":["NONE","NONE","NONE"],"gold_per_floor":[361,4,4,17,28,28,61,61,61,86,102,135,135,150,150,224,224,237,237,237,253,270,270,301,301,348,374,391,266,286,305,305,379,379,399,419,419,437,155,181,181,211,211,211,211,231,231,578,578,578],"floor_reached":50,"playtime":4055,"items_purged":["Strike_G","Defend_G","Defend_G"],"score":1295,"play_id":"aabc19b2-73b2-42cb-98c4-bc0833b46f6b","local_time":"20220930182135","score_breakdown":["Floors Climbed (50): 250","Enemies Slain (15): 30","Exordium Elites Killed (3): 30","City Elites Killed (2): 40","Beyond Elites Killed (2): 60","Bosses Slain (2): 150","Money Money (1303): 25","Perfect (1): 50","C-c-c-combo: 25","Ascension (20): 635"],"is_ascension_mode":true,"potions_obtained_alchemize":[[],[],[],[],[],[],[],[],[],[],[],[],[],[],[],[],[],[],[],[],[],[],[],[],[],[],[],[],[],[],[],[],[],[],[],[],[],[],[],[],[],[],[],[],[],[],[],[],[],[]],"campfire_choices":[{"data":"A Thousand Cuts","floor":6,"key":"SMITH"},{"floor":8,"key":"REST"},{"data":"Tools of the Trade","floor":13,"key":"SMITH"},{"data":"Defend_G","floor":15,"key":"PURGE"},{"data":"Strike_G","floor":23,"key":"PURGE"},{"data":"Strike_G","floor":25,"key":"PURGE"},{"floor":32,"key":"REST"},{"data":"Well Laid Plans","floor":41,"key":"SMITH"},{"data":"Normality","floor":44,"key":"PURGE"},{"floor":47,"key":"RECALL"},{"floor":49,"key":"REST"}],"lesson_learned_per_floor":[[],[],[],[],[],[],[],[],[],[],[],[],[],[],[],[],[],[],[],[],[],[],[],[],[],[],[],[],[],[],[],[],[],[],[],[],[],[],[],[],[],[],[],[],[],[],[],[],[],[]],"neow_cost":"TEN_PERCENT_HP_LOSS","improvable_cards":{},"seed_source_timestamp":7024282851474,"shop_contents":[{"floor":2,"relics":["Gremlin Horn","PrismaticShard"],"cards":["Finisher","Distraction","Noxious Fumes","PanicButton","Transmutation"],"potions":["Block Potion","CultistPotion","BlessingOfTheForge"]},{"floor":29,"relics":["Bag of Marbles","Ninja Scroll","Cauldron"],"cards":["Bane","Crippling Poison","Backflip","Well Laid Plans","Mind Blast","Metamorphosis"],"potions":["EssenceOfSteel","Poison Potion","GamblersBrew"]},{"floor":39,"relics":["Shovel","Bronze Scales"],"cards":["Dagger Throw","Slice","Deflect","Catalyst","Accuracy","Swift Strike","Thinking Ahead"],"potions":["CunningPotion","Regen Potion","Fire Potion"]}],"circlet_count":0,"master_deck":["AscendersBane","Defend_G","Defend_G","Survivor","Neutralize","Infinite Blades","Backstab","Terror+1","Calculated Gamble","A Thousand Cuts+1","Tools of the Trade+1","Masterful Stab","Blade Dance","Backflip","Well Laid Plans+1","Backflip","After Image","All Out Attack","Bullet Time","Reflex","PiercingWail","Eviscerate","PiercingWail","Doppelganger","Prepared","Underhanded Strike","Outmaneuver","Grand Finale","Tactician","Crippling Poison+1","Acrobatics+1","Backflip","Leg Sweep","Blur+1"],"potion_use_per_floor":[[],[],[],[],[],[],[],[],[],[],[],[],[],[],[],["Fire Potion"],[],[],[],[],[],[],[],["Regen Potion"],[],[],[],[],[],["SkillPotion"],[],[],["Swift Potion","FairyPotion"],[],[],[],[],[],[],["Strength Potion"],[],[],[],[],[],[],[],["Swift Potion"],[],["AttackPotion"]],"relics":["Ring of the Snake","PreservedInsect","Prayer Wheel","Peace Pipe","Bottled Tornado","Ice Cream","HoveringKite","Oddly Smooth Stone","Orichalcum","Cursed Key","Lee\u0027s Waffle","Darkstone Periapt","Nunchaku","Toxic Egg 2","Old Coin"],"potions_floor_usage":[16,24,30,33,40,48,50],"damage_taken":[{"damage":3,"enemies":"Jaw Worm","floor":1,"turns":6},{"damage":0,"enemies":"2 Louse","floor":4,"turns":4},{"damage":0,"enemies":"Cultist","floor":5,"turns":3},{"damage":30,"enemies":"3 Sentries","floor":7,"turns":7},{"damage":12,"enemies":"Lagavulin","floor":10,"turns":7},{"damage":8,"enemies":"Exordium Wildlife","floor":11,"turns":6},{"damage":10,"enemies":"3 Sentries","floor":12,"turns":9},{"damage":7,"enemies":"Gremlin Gang","floor":14,"turns":5},{"damage":0,"enemies":"Slime Boss","floor":16,"turns":6},{"damage":14,"enemies":"Shell Parasite","floor":18,"turns":4},{"damage":0,"enemies":"2 Thieves","floor":21,"turns":3},{"damage":11,"enemies":"Sentry and Sphere","floor":22,"turns":4},{"damage":13,"enemies":"Gremlin Leader","floor":24,"turns":6},{"damage":18,"enemies":"Slavers","floor":27,"turns":3},{"damage":4,"enemies":"Snecko","floor":28,"turns":4},{"damage":3,"enemies":"Shelled Parasite and Fungi","floor":30,"turns":3},{"damage":0,"enemies":"3 Cultists","floor":31,"turns":3},{"damage":23,"enemies":"Collector","floor":33,"turns":6},{"damage":23,"enemies":"3 Darklings","floor":35,"turns":3},{"damage":4,"enemies":"3 Shapes","floor":36,"turns":4},{"damage":1,"enemies":"Writhing Mass","floor":38,"turns":6},{"damage":26,"enemies":"Reptomancer","floor":40,"turns":4},{"damage":14,"enemies":"Nemesis","floor":42,"turns":5},{"damage":0,"enemies":"Maw","floor":46,"turns":5},{"damage":31,"enemies":"2 Orb Walkers","floor":48,"turns":5},{"damage":50,"enemies":"Time Eater","floor":50,"turns":10}],"green_key_taken_log":7,"seed_played":"-1956650426016265796","neow_bonus_log":{"cardsObtained":[],"cardsUpgraded":[],"cardsRemoved":[],"cardsTransformed":[],"relicsObtained":[],"maxHpGained":0,"goldGained":250,"damageTaken":0,"goldLost":0,"maxHpLost":6},"potions_obtained":[{"floor":4,"key":"Fire Potion"},{"floor":7,"key":"FairyPotion"},{"floor":16,"key":"Regen Potion"},{"floor":27,"key":"SkillPotion"},{"floor":30,"key":"Swift Potion"},{"floor":33,"key":"Strength Potion"},{"floor":40,"key":"Strength Potion"},{"floor":42,"key":"Swift Potion"},{"floor":48,"key":"AttackPotion"}],"is_trial":false,"path_per_floor":["M","$","?","M","M","R","E","R","T","E","M","E","R","M","R","B",null,"M","?","?","M","M","R","E","R","T","E","M","$","M","M","R","B",null,"M","M","?","M","$","E","R","E","T","R","?","M","R","?","R","B"],"character_chosen":"THE_SILENT","items_purchased":["PreservedInsect","Backstab","Terror","Underhanded Strike","Lee\u0027s Waffle"],"campfire_rested":3,"item_purchase_floors":[2,2,2,29,39],"current_hp_per_floor":[56,56,61,61,61,61,31,50,50,38,30,20,20,13,13,13,52,38,38,38,38,27,27,29,29,29,11,7,7,4,4,23,19,54,31,27,27,26,72,46,46,32,38,38,38,38,38,7,30,0],"gold":578,"neow_bonus":"TWO_FIFTY_GOLD","is_prod":false,"is_daily":false,"rewards_skipped":[{"floor":10,"relics":[],"potions":["Strength Potion"]},{"floor":22,"relics":[],"potions":["Fruit Juice"]},{"floor":28,"relics":[],"potions":["Ancient Potion"]},{"floor":46,"relics":[],"potions":["Strength Potion"]}],"chose_seed":false,"campfire_upgraded":3,"win_rate":0,"floor_exit_playtime":[81,108,115,154,186,192,343,346,350,487,557,708,739,876,898,1001,1049,1177,1197,1208,1352,1456,1465,1576,1601,1620,1692,1818,1907,2025,2119,2129,2420,2527,2621,2738,2759,2959,3029,3126,3134,3267,3279,3288,3307,3468,3472,3626,3637],"timestamp":1664576495,"blue_key_relic_skipped_log":{"floor":26,"relicID":"Strawberry"},"path_taken":["M","$","?","M","M","R","E","R","T","E","M","E","R","M","R","BOSS","M","?","?","M","M","R","E","R","T","E","M","$","M","?","R","BOSS","M","M","?","?","$","E","R","E","T","R","?","?","R","?","R","BOSS"],"build_version":"2022-03-07","purchased_purges":3,"victory":false,"max_hp_per_floor":[60,60,65,65,65,65,65,65,65,65,65,65,65,65,65,65,65,65,65,65,65,65,65,65,65,65,65,65,65,65,65,65,65,65,65,65,65,65,72,72,72,72,78,78,78,78,78,78,78,78],"relic_stats":{"Ice Cream":[126],"Darkstone Periapt":6,"Lee\u0027s Waffle":46,"counters":[26,131],"HoveringKite":[69],"PreservedInsect":295,"Bottled Tornado":"Tools of the Trade","Orichalcum":[60],"Cursed Key":1,"Peace Pipe":4,"Nunchaku":[4],"Prayer Wheel":12,"obtain_stats":[{"Ice Cream":12,"Darkstone Periapt":40,"Lee\u0027s Waffle":39,"HoveringKite":17,"Oddly Smooth Stone":24,"PreservedInsect":2,"Bottled Tornado":10,"Orichalcum":27,"Cursed Key":34,"Old Coin":48,"Peace Pipe":9,"Nunchaku":42,"Prayer Wheel":7,"Toxic Egg 2":43,"Ring of the Snake":0},{"Ice Cream":7,"Darkstone Periapt":22,"Lee\u0027s Waffle":21,"HoveringKite":9,"Oddly Smooth Stone":13,"PreservedInsect":1,"Bottled Tornado":5,"Orichalcum":14,"Cursed Key":18,"Old Coin":25,"Peace Pipe":4,"Nunchaku":23,"Prayer Wheel":4,"Toxic Egg 2":23,"Ring of the Snake":0},{"Ice Cream":42,"Darkstone Periapt":106,"Lee\u0027s Waffle":102,"HoveringKite":53,"Oddly Smooth Stone":70,"PreservedInsect":6,"Bottled Tornado":27,"Orichalcum":73,"Cursed Key":89,"Old Coin":121,"Peace Pipe":20,"Nunchaku":111,"Prayer Wheel":20,"Toxic Egg 2":111,"Ring of the Snake":0}],"Ring of the Snake":[52]},"card_choices":[{"not_picked":["Slice","Flying Knee"],"picked":"Infinite Blades","floor":1},{"not_picked":["Deflect","Outmaneuver"],"picked":"Calculated Gamble","floor":4},{"not_picked":["Escape Plan","Dagger Throw"],"picked":"A Thousand Cuts","floor":5},{"not_picked":["Caltrops","Outmaneuver"],"picked":"Tools of the Trade","floor":7},{"not_picked":["Bouncing Flask","Backflip"],"picked":"Masterful Stab","floor":10},{"not_picked":["Underhanded Strike","Prepared"],"picked":"Blade Dance","floor":11},{"not_picked":["PiercingWail","Choke"],"picked":"Backflip","floor":11},{"not_picked":["Quick Slash","Dodge and Roll","Deflect"],"picked":"SKIP","floor":12},{"not_picked":["Blur","Blade Dance"],"picked":"Well Laid Plans","floor":14},{"not_picked":["Dodge and Roll","Sucker Punch"],"picked":"Backflip","floor":14},{"not_picked":["Storm of Steel","Burst"],"picked":"After Image","floor":16},{"not_picked":["Expertise","Predator"],"picked":"All Out Attack","floor":18},{"not_picked":["Flying Knee","Quick Slash+1","Noxious Fumes"],"picked":"SKIP","floor":18},{"not_picked":["Blade Dance","Masterful Stab"],"picked":"Reflex","floor":21},{"not_picked":["Dodge and Roll","Sucker Punch","Deflect"],"picked":"SKIP","floor":21},{"not_picked":["Cloak And Dagger","Tools of the Trade"],"picked":"PiercingWail","floor":22},{"not_picked":["Well Laid Plans","Poisoned Stab"],"picked":"Eviscerate","floor":22},{"not_picked":["Flechettes","Bane"],"picked":"PiercingWail","floor":24},{"not_picked":["Finisher","Dagger Throw"],"picked":"Doppelganger","floor":27},{"not_picked":["Backstab","All Out Attack"],"picked":"Prepared","floor":28},{"not_picked":["Predator","Catalyst","Cloak And Dagger"],"picked":"SKIP","floor":28},{"not_picked":["Dash","Deadly Poison"],"picked":"Outmaneuver","floor":30},{"not_picked":["Dodge and Roll","Quick Slash","Storm of Steel"],"picked":"SKIP","floor":30},{"not_picked":["Sucker Punch","Bouncing Flask","PiercingWail"],"picked":"SKIP","floor":31},{"not_picked":["PiercingWail","Eviscerate","Cloak And Dagger"],"picked":"SKIP","floor":31},{"not_picked":["Burst","Die Die Die"],"picked":"Grand Finale","floor":33},{"not_picked":["PiercingWail","Quick Slash"],"picked":"Tactician","floor":35},{"not_picked":["Blade Dance","Flying Knee"],"picked":"Crippling Poison+1","floor":35},{"not_picked":["Expertise+1","Prepared+1"],"picked":"Acrobatics","floor":36},{"not_picked":["Poisoned Stab","Backstab","Deflect"],"picked":"SKIP","floor":36},{"not_picked":["Deadly Poison","Deflect+1"],"picked":"Backflip","floor":38},{"not_picked":["Slice","Blur"],"picked":"Leg Sweep","floor":38},{"not_picked":["Crippling Poison","Underhanded Strike","A Thousand Cuts"],"picked":"SKIP","floor":40},{"not_picked":["A Thousand Cuts","Dagger Throw","Caltrops"],"picked":"SKIP","floor":42},{"not_picked":["Bane","Choke"],"picked":"Blur+1","floor":46},{"not_picked":["Setup+1","Blade Dance+1","Underhanded Strike"],"picked":"SKIP","floor":46},{"not_picked":["Endless Agony+1","Concentrate+1","Blade Dance+1"],"picked":"SKIP","floor":48}],"player_experience":4041385,"relics_obtained":[{"floor":7,"key":"Prayer Wheel"},{"floor":9,"key":"Peace Pipe"},{"floor":10,"key":"Bottled Tornado"},{"floor":12,"key":"Ice Cream"},{"floor":24,"key":"Oddly Smooth Stone"},{"floor":27,"key":"Orichalcum"},{"floor":40,"key":"Darkstone Periapt"},{"floor":42,"key":"Nunchaku"},{"floor":43,"key":"Toxic Egg 2"},{"floor":48,"key":"Old Coin"}],"event_choices":[{"damage_healed":0,"gold_gain":0,"player_choice":"Donut","damage_taken":0,"max_hp_gain":5,"max_hp_loss":0,"event_name":"Big Fish","floor":3,"gold_loss":0},{"damage_healed":0,"gold_gain":0,"cards_transformed":["Strike_G","Strike_G"],"player_choice":"Became Test Subject","damage_taken":0,"max_hp_gain":0,"max_hp_loss":0,"event_name":"Drug Dealer","floor":19,"gold_loss":0,"cards_obtained":["Bullet Time","Unload"]},{"damage_healed":0,"gold_gain":0,"player_choice":"Upgraded","damage_taken":0,"max_hp_gain":0,"max_hp_loss":0,"event_name":"Upgrade Shrine","floor":20,"gold_loss":0,"cards_upgraded":["Terror"]},{"damage_healed":0,"gold_gain":0,"player_choice":"Forge","damage_taken":0,"max_hp_gain":0,"max_hp_loss":0,"event_name":"Accursed Blacksmith","floor":37,"gold_loss":0,"cards_upgraded":["Acrobatics"]},{"cards_removed":["Unload"],"damage_healed":0,"gold_gain":0,"player_choice":"Purged","damage_taken":0,"max_hp_gain":0,"max_hp_loss":0,"event_name":"Purifier","floor":45,"gold_loss":0},{"damage_healed":0,"gold_gain":0,"player_choice":"Fight","damage_taken":0,"max_hp_gain":0,"max_hp_loss":0,"event_name":"Mysterious Sphere","floor":48,"gold_loss":0}],"is_beta":false,"boss_relics":[{"not_picked":["Coffee Dripper","Pandora\u0027s Box"],"picked":"HoveringKite"},{"not_picked":["Busted Crown","Snecko Eye"],"picked":"Cursed Key"}],"items_purged_floors":[2,29,39],"is_endless":false,"potions_floor_spawned":[4,7,10,16,22,27,28,30,33,40,42,46,48],"killed_by":"Time Eater","ascension_level":20,"potion_discard_per_floor":[[],[],[],[],[],[],[],[],[],[],[],[],[],[],[],[],[],[],[],[],[],[],[],[],[],[],[],[],[],[],[],[],[],[],[],[],[],[],[],[],[],[],[],[],[],[],[],[],[],[]]}