{"neow_bonuses_skipped_log":["RANDOM_COLORLESS","HUNDRED_GOLD","BOSS_RELIC"],"neow_costs_skipped_log":["NONE","NONE","NONE"],"potions_obtained_entropic_brew":[[],[],[],[],[],[],[],[],[],[],[],[],[],[],[],[]],"gold_per_floor":[40,100,135,166,201,201,229,242,242,302,577,65,65,67,67,67],"floor_reached":16,"playtime":1242,"items_purged":["Strike_G"],"score":228,"play_id":"203a7a3c-5333-4bf6-9688-14f43dc86ec7","local_time":"20220924185120","score_breakdown":["Floors Climbed (16): 80","Enemies Slain (7): 14","Exordium Elites Killed (2): 20","Bosses Slain (0): 0","Ascension (20): 114"],"is_ascension_mode":true,"potions_obtained_alchemize":[[],[],[],[],[],[],[],[],[],[],[],[],[],[],[],[]],"campfire_choices":[{"data":"HandOfGreed","floor":6,"key":"SMITH"},{"floor":13,"key":"REST"},{"data":"Footwork","floor":15,"key":"SMITH"}],"lesson_learned_per_floor":[[],[],[],[],[],[],[],[],[],[],[],[],[],[],[],[]],"neow_cost":"NO_GOLD","improvable_cards":{},"seed_source_timestamp":14325657119020,"shop_contents":[{"floor":12,"relics":["Chemical X"],"cards":["Dagger Spray","All Out Attack","Outmaneuver+1","Backflip+1","Well Laid Plans","Mind Blast","Secret Weapon+1"],"potions":["Regen Potion","DuplicationPotion","GamblersBrew"]}],"circlet_count":0,"master_deck":["AscendersBane","Strike_G","Strike_G","Strike_G","Strike_G","Defend_G","Defend_G","Defend_G","Defend_G","Defend_G","Survivor","Neutralize","HandOfGreed+1","Sucker Punch","Dagger Spray","PiercingWail","Backflip","Footwork+1","Dodge and Roll+1","Prepared+1","Blade Dance+1","Regret","Dagger Throw"],"potion_use_per_floor":[[],[],[],[],[],[],["Strength Potion","SteroidPotion"],[],[],[],[],[],["Fruit Juice"],[],[],["Explosive Potion"]],"relics":["Ring of the Snake","Toxic Egg 2","Boot","Oddly Smooth Stone","White Beast Statue","Bag of Preparation"],"potions_floor_usage":[7,7,13,16],"damage_taken":[{"damage":1,"enemies":"Cultist","floor":1,"turns":4},{"damage":4,"enemies":"Small Slimes","floor":2,"turns":5},{"damage":0,"enemies":"Jaw Worm","floor":3,"turns":3},{"damage":6,"enemies":"Large Slime","floor":4,"turns":5},{"damage":9,"enemies":"Blue Slaver","floor":5,"turns":3},{"damage":7,"enemies":"Gremlin Nob","floor":7,"turns":3},{"damage":0,"enemies":"Looter","floor":8,"turns":4},{"damage":21,"enemies":"3 Sentries","floor":10,"turns":8},{"damage":2,"enemies":"Exordium Thugs","floor":14,"turns":4},{"damage":39,"enemies":"Hexaghost","floor":16,"turns":9}],"green_key_taken_log":7,"seed_played":"-6586232357137342062","neow_bonus_log":{"cardsObtained":[],"cardsUpgraded":[],"cardsRemoved":[],"cardsTransformed":[],"relicsObtained":[],"maxHpGained":0,"goldGained":0,"damageTaken":0,"goldLost":99,"maxHpLost":0},"potions_obtained":[{"floor":1,"key":"SteroidPotion"},{"floor":5,"key":"Strength Potion"},{"floor":8,"key":"Fruit Juice"},{"floor":14,"key":"Explosive Potion"}],"is_trial":false,"path_per_floor":["M","M","M","M","M","R","E","M","T","E","?","$","R","M","R","B"],"character_chosen":"THE_SILENT","items_purchased":["White Beast Statue","Bag of Preparation"],"campfire_rested":1,"item_purchase_floors":[12,12],"current_hp_per_floor":[58,54,54,48,39,39,32,32,32,11,11,11,37,35,35,0],"gold":67,"neow_bonus":"RANDOM_COLORLESS_2","is_prod":false,"is_daily":false,"rewards_skipped":[],"chose_seed":false,"campfire_upgraded":2,"win_rate":0,"floor_exit_playtime":[125,180,226,298,396,404,511,597,608,717,726,769,778,911,1075],"timestamp":1664059880,"path_taken":["M","M","M","M","M","R","E","M","T","E","?","$","R","M","R","BOSS"],"build_version":"2022-03-07","purchased_purges":1,"victory":false,"max_hp_per_floor":[66,66,66,66,66,66,66,66,66,66,66,66,71,71,71,71],"relic_stats":{"counters":[10,48],"Bag of Preparation":[4],"Boot":[39],"obtain_stats":[{"Oddly Smooth Stone":10,"Bag of Preparation":12,"Toxic Egg 2":7,"Boot":9,"White Beast Statue":12,"Ring of the Snake":0},{"Oddly Smooth Stone":8,"Bag of Preparation":8,"Toxic Egg 2":6,"Boot":7,"White Beast Statue":8,"Ring of the Snake":0},{"Oddly Smooth Stone":35,"Bag of Preparation":35,"Toxic Egg 2":23,"Boot":27,"White Beast Statue":35,"Ring of the Snake":0}],"White Beast Statue":[0.0,0.0,0.0,0.0,0.0,0.6000000000000001,0.0,0.4,0.0,0.0,0.0,0.6000000000000001],"Ring of the Snake":[20]},"card_choices":[{"not_picked":["Secret Technique","Secret Weapon"],"picked":"HandOfGreed","floor":0},{"not_picked":["Prepared","Setup"],"picked":"Sucker Punch","floor":1},{"not_picked":["Flechettes","Cloak And Dagger"],"picked":"Dagger Spray","floor":2},{"not_picked":["Prepared","Deadly Poison"],"picked":"PiercingWail","floor":3},{"not_picked":["Deflect","Caltrops"],"picked":"Backflip","floor":4},{"not_picked":["Crippling Poison","Prepared"],"picked":"Footwork","floor":5},{"not_picked":["Slice","Cloak And Dagger+1"],"picked":"Dodge and Roll+1","floor":7},{"not_picked":["Quick Slash","Outmaneuver+1"],"picked":"Prepared+1","floor":8},{"not_picked":["PiercingWail+1","Slice"],"picked":"Blade Dance+1","floor":10},{"not_picked":["Flying Knee","Skewer"],"picked":"Dagger Throw","floor":14}],"player_experience":3990021,"relics_obtained":[{"floor":7,"key":"Toxic Egg 2"},{"floor":9,"key":"Boot"},{"floor":10,"key":"Oddly Smooth Stone"}],"event_choices":[{"damage_healed":0,"gold_gain":275,"player_choice":"Desecrate","damage_taken":0,"max_hp_gain":0,"max_hp_loss":0,"event_name":"Golden Shrine","floor":11,"gold_loss":0,"cards_obtained":["Regret"]}],"is_beta":false,"boss_relics":[],"items_purged_floors":[12],"is_endless":false,"potions_floor_spawned":[1,5,8,14],"killed_by":"Hexaghost","ascension_level":20,"potion_discard_per_floor":[[],[],[],[],[],[],[],[],[],[],[],[],[],[],[],[]]}