{"neow_bonuses_skipped_log":["TEN_PERCENT_HP_BONUS","TRANSFORM_TWO_CARDS","BOSS_RELIC"],"potions_obtained_entropic_brew":[[],[],[],[],[],[],[],[],[],[],[],[],[],[],[],[],[],[],[],[],[],[],[],[],[],[],[],[],[],[],[],[],[]],"neow_costs_skipped_log":["NONE","CURSE","NONE"],"gold_per_floor":[119,119,139,158,176,176,207,218,241,316,370,370,370,398,398,476,476,488,488,488,522,522,557,557,586,586,597,697,714,727,176,176,176],"floor_reached":33,"playtime":4461,"items_purged":["Strike_G"],"score":611,"play_id":"03f54df9-837d-4e13-829a-e9e1011e34e0","local_time":"20221003181625","score_breakdown":["Floors Climbed (33): 165","Enemies Slain (9): 18","Exordium Elites Killed (2): 20","City Elites Killed (2): 40","Bosses Slain (1): 50","Well Fed: 25","Ascension (20): 293"],"is_ascension_mode":true,"potions_obtained_alchemize":[[],[],[],[],[],[],[],[],[],[],[],[],[],[],[],[],[],[],[],[],[],[],[],[],[],[],[],[],[],[],[],[],[]],"campfire_choices":[{"data":"Cloak And Dagger","floor":6,"key":"SMITH"},{"floor":12,"key":"REST"},{"data":"Blade Dance","floor":15,"key":"SMITH"},{"data":"Expertise","floor":24,"key":"SMITH"},{"data":"Bullet Time","floor":32,"key":"SMITH"}],"lesson_learned_per_floor":[[],[],[],[],[],[],[],[],[],[],[],[],[],[],[],[],[],[],[],[],[],[],[],[],[],[],[],[],[],[],[],[],[]],"neow_cost":"NONE","improvable_cards":{},"seed_source_timestamp":5945721789374,"shop_contents":[{"floor":31,"relics":["Pen Nib"],"cards":["Dagger Spray","Bane","Escape Plan+1","Noxious Fumes","Swift Strike","Panache"],"potions":["SneckoOil","Poison Potion","DuplicationPotion"]}],"circlet_count":0,"master_deck":["AscendersBane","Strike_G","Strike_G","Strike_G","Defend_G","Defend_G","Defend_G","Defend_G","Survivor","Neutralize","Dark Shackles","Choke","Cloak And Dagger+1","Bouncing Flask","Backstab","Blade Dance+1","Masterful Stab","Underhanded Strike","PiercingWail","Skewer","Expertise+1","Bullet Time+1","Catalyst+1","Dodge and Roll+1","Deadly Poison+1","Acrobatics+1","Prepared+1","Crippling Poison+1","Leg Sweep+1","Concentrate+1","Acrobatics+1"],"potion_use_per_floor":[[],[],[],[],[],[],[],["Swift Potion"],[],[],[],[],[],[],[],[],[],[],[],[],[],[],[],[],["Energy Potion","DistilledChaos"],[],[],[],[],[],[],[],["Weak Potion"]],"relics":["Ring of the Snake","Juzu Bracelet","Strawberry","Nunchaku","Boot","Coffee Dripper","Red Mask","Happy Flower","Toxic Egg 2","Lizard Tail","Calipers","Ornamental Fan","Orrery","Mercury Hourglass"],"potions_floor_usage":[8,25,25,33],"damage_taken":[{"damage":6,"enemies":"Jaw Worm","floor":1,"turns":6},{"damage":7,"enemies":"Small Slimes","floor":3,"turns":3},{"damage":0,"enemies":"Cultist","floor":4,"turns":3},{"damage":0,"enemies":"Blue Slaver","floor":5,"turns":3},{"damage":20,"enemies":"3 Sentries","floor":7,"turns":8},{"damage":3,"enemies":"Gremlin Gang","floor":8,"turns":5},{"damage":11,"enemies":"Gremlin Nob","floor":14,"turns":3},{"damage":15,"enemies":"The Guardian","floor":16,"turns":11},{"damage":2,"enemies":"2 Thieves","floor":18,"turns":3},{"damage":2,"enemies":"Masked Bandits","floor":21,"turns":3},{"damage":15,"enemies":"Slavers","floor":23,"turns":6},{"damage":20,"enemies":"Book of Stabbing","floor":25,"turns":5},{"damage":9,"enemies":"Shell Parasite","floor":27,"turns":2},{"damage":6,"enemies":"Colosseum Slavers","floor":28,"turns":4},{"damage":29,"enemies":"Colosseum Nobs","floor":28,"turns":5},{"damage":0,"enemies":"Snake Plant","floor":29,"turns":3},{"damage":0,"enemies":"3 Cultists","floor":30,"turns":4},{"damage":67,"enemies":"Champ","floor":33,"turns":13}],"green_key_taken_log":25,"seed_played":"-8598086541703116024","neow_bonus_log":{"cardsObtained":[],"cardsUpgraded":[],"cardsRemoved":[],"cardsTransformed":[],"relicsObtained":[],"maxHpGained":0,"goldGained":0,"damageTaken":0,"goldLost":0,"maxHpLost":0},"potions_obtained":[{"floor":1,"key":"Swift Potion"},{"floor":3,"key":"Energy Potion"},{"floor":8,"key":"DistilledChaos"},{"floor":28,"key":"Weak Potion"}],"is_trial":false,"path_per_floor":["M","?","M","M","M","R","E","M","T","?","T","R","?","E","R","B",null,"M","?","?","?","?","E","R","E","T","M","?","M","M","$","R","B"],"character_chosen":"THE_SILENT","items_purchased":["Orrery","Acrobatics+1","Mercury Hourglass"],"campfire_rested":1,"item_purchase_floors":[31,31,31],"current_hp_per_floor":[53,46,39,39,39,39,19,16,23,12,12,33,33,22,22,7,57,55,34,88,86,86,71,71,51,51,42,7,7,7,7,7,0],"gold":176,"neow_bonus":"RANDOM_COLORLESS","is_prod":false,"is_daily":false,"rewards_skipped":[{"floor":18,"relics":[],"potions":["EssenceOfSteel"]},{"floor":21,"relics":[],"potions":["Dexterity Potion"]},{"floor":22,"relics":[],"potions":["SpeedPotion","SmokeBomb"]}],"chose_seed":false,"campfire_upgraded":4,"win_rate":0,"floor_exit_playtime":[232,287,386,464,524,531,854,1107,1111,1145,1157,1163,1230,1447,1590,1991,2166,2270,2310,2352,2544,2553,2733,2742,2995,2999,3076,3272,3417,3527,3662,3683],"timestamp":1664835385,"path_taken":["M","?","M","M","M","R","E","M","T","?","?","R","?","E","R","BOSS","M","?","?","?","?","E","R","E","T","M","?","M","M","$","R","BOSS"],"build_version":"2022-03-07","purchased_purges":1,"victory":false,"max_hp_per_floor":[66,66,66,66,66,66,66,66,73,73,73,73,73,73,73,73,73,73,78,88,88,88,88,88,88,88,88,88,88,88,88,88,88],"relic_stats":{"Nunchaku":[18],"Lizard Tail":44,"Calipers":[1],"Happy Flower":[12],"counters":[18,90],"Ornamental Fan":[40],"Juzu Bracelet":2,"Boot":[132],"obtain_stats":[{"Calipers":28,"Happy Flower":23,"Juzu Bracelet":7,"Boot":14,"Mercury Hourglass":31,"Nunchaku":11,"Lizard Tail":26,"Ornamental Fan":28,"Strawberry":9,"Orrery":31,"Coffee Dripper":17,"Red Mask":21,"Toxic Egg 2":25,"Ring of the Snake":0},{"Calipers":15,"Happy Flower":11,"Juzu Bracelet":5,"Boot":7,"Mercury Hourglass":17,"Nunchaku":6,"Lizard Tail":12,"Ornamental Fan":15,"Strawberry":6,"Orrery":17,"Coffee Dripper":8,"Red Mask":10,"Toxic Egg 2":12,"Ring of the Snake":0},{"Calipers":70,"Happy Flower":54,"Juzu Bracelet":23,"Boot":31,"Mercury Hourglass":77,"Nunchaku":28,"Lizard Tail":59,"Ornamental Fan":70,"Strawberry":28,"Orrery":77,"Coffee Dripper":42,"Red Mask":48,"Toxic Egg 2":59,"Ring of the Snake":0}],"Ring of the Snake":[36],"Mercury Hourglass":[3]},"card_choices":[{"not_picked":["Panacea","Good Instincts"],"picked":"Dark Shackles","floor":0},{"not_picked":["Caltrops","Deflect"],"picked":"Choke","floor":1},{"not_picked":["Catalyst","PiercingWail"],"picked":"Cloak And Dagger","floor":3},{"not_picked":["Bane","Outmaneuver"],"picked":"Bouncing Flask","floor":4},{"not_picked":["All Out Attack","Acrobatics"],"picked":"Backstab","floor":5},{"not_picked":["Poisoned Stab","Tools of the Trade"],"picked":"Blade Dance","floor":7},{"not_picked":["Dodge and Roll","Sucker Punch"],"picked":"Masterful Stab","floor":8},{"not_picked":["Infinite Blades","Bane"],"picked":"PiercingWail","floor":14},{"not_picked":["Night Terror","Grand Finale"],"picked":"Bullet Time","floor":16},{"not_picked":["Blade Dance","Bane"],"picked":"Skewer","floor":18},{"not_picked":["Backstab+1","Poisoned Stab"],"picked":"Expertise","floor":21},{"not_picked":["Dagger Spray","Dodge and Roll"],"picked":"Bullet Time","floor":23},{"not_picked":["Noxious Fumes+1","Blur+1"],"picked":"Catalyst+1","floor":25},{"not_picked":["Flying Knee","Underhanded Strike","Outmaneuver+1"],"picked":"SKIP","floor":27},{"not_picked":["Dagger Throw","Blade Dance+1"],"picked":"Dodge and Roll+1","floor":28},{"not_picked":["Expertise+1","Night Terror+1"],"picked":"Deadly Poison+1","floor":29},{"not_picked":["Cloak And Dagger+1","Deflect+1"],"picked":"Acrobatics+1","floor":30},{"not_picked":["Grand Finale","Poisoned Stab+1"],"picked":"Prepared+1","floor":31},{"not_picked":["Slice+1","Prepared+1"],"picked":"Crippling Poison+1","floor":31},{"not_picked":["Escape Plan+1","Choke"],"picked":"Leg Sweep+1","floor":31},{"not_picked":["Deadly Poison+1","Heel Hook"],"picked":"Concentrate+1","floor":31},{"not_picked":["Heel Hook","Dagger Spray","Quick Slash"],"picked":"SKIP","floor":31}],"player_experience":4053617,"relics_obtained":[{"floor":7,"key":"Juzu Bracelet"},{"floor":9,"key":"Strawberry"},{"floor":11,"key":"Nunchaku"},{"floor":14,"key":"Boot"},{"floor":21,"key":"Red Mask"},{"floor":23,"key":"Happy Flower"},{"floor":25,"key":"Toxic Egg 2"},{"floor":26,"key":"Lizard Tail"},{"floor":28,"key":"Calipers"},{"floor":28,"key":"Ornamental Fan"}],"event_choices":[{"cards_removed":["Defend_G"],"damage_healed":0,"gold_gain":0,"player_choice":"Card Removal","damage_taken":7,"max_hp_gain":0,"max_hp_loss":0,"event_name":"Golden Wing","floor":2,"gold_loss":0},{"damage_healed":0,"gold_gain":75,"player_choice":"Gather Gold","damage_taken":11,"max_hp_gain":0,"max_hp_loss":0,"event_name":"World of Goop","floor":10,"gold_loss":0},{"damage_healed":0,"gold_gain":0,"cards_transformed":["Strike_G"],"player_choice":"Change","damage_taken":0,"max_hp_gain":0,"max_hp_loss":0,"event_name":"Living Wall","floor":13,"gold_loss":0,"cards_obtained":["Underhanded Strike"]},{"damage_healed":0,"gold_gain":0,"player_choice":"Shed Blood","damage_taken":26,"max_hp_gain":5,"max_hp_loss":0,"event_name":"Forgotten Altar","floor":19,"gold_loss":0},{"cards_removed":["Bullet Time"],"damage_healed":44,"gold_gain":0,"player_choice":"Offered Rare","damage_taken":0,"max_hp_gain":10,"max_hp_loss":0,"event_name":"Bonfire Elementals","floor":20,"gold_loss":0},{"damage_healed":0,"gold_gain":0,"player_choice":"Fought Bandits","damage_taken":0,"max_hp_gain":0,"max_hp_loss":0,"event_name":"Masked Bandits","floor":21,"gold_loss":0},{"damage_healed":0,"gold_gain":0,"player_choice":"Got Potions","damage_taken":0,"max_hp_gain":0,"max_hp_loss":0,"event_name":"Lab","floor":22,"gold_loss":0},{"damage_healed":0,"gold_gain":0,"player_choice":"Fight","damage_taken":0,"max_hp_gain":0,"max_hp_loss":0,"event_name":"Colosseum","floor":28,"gold_loss":0},{"damage_healed":0,"gold_gain":0,"player_choice":"Fought Nobs","damage_taken":0,"max_hp_gain":0,"max_hp_loss":0,"event_name":"Colosseum","floor":28,"gold_loss":0}],"is_beta":false,"boss_relics":[{"not_picked":["Cursed Key","Sozu"],"picked":"Coffee Dripper"}],"items_purged_floors":[31],"is_endless":false,"potions_floor_spawned":[1,3,8,18,21,28],"killed_by":"Champ","ascension_level":20,"potion_discard_per_floor":[[],[],[],[],[],[],[],[],[],[],[],[],[],[],[],[],[],[],[],[],[],[],[],[],[],[],[],[],[],[],[],[],[]]}