{"neow_bonuses_skipped_log":["ONE_RANDOM_RARE_CARD","HUNDRED_GOLD","BOSS_RELIC"],"neow_costs_skipped_log":["NONE","NONE","NONE"],"potions_obtained_entropic_brew":[[],[],[],[],[],[],[],[],[],[],[],[],[],[],[],[],[],[],[],[],[],[],[],[],[],[],[],[],[],[],[],[],[],[],[],[],[],[],[],[],[],[],[],[],[],[],[],[],[],[],[]],"gold_per_floor":[111,124,142,142,158,158,191,215,215,239,274,274,274,299,299,395,395,416,434,359,359,22,22,58,74,97,97,116,141,181,28,28,121,121,145,105,105,124,147,147,178,178,178,138,177,177,193,68,68,68,68],"floor_reached":51,"playtime":5842,"items_purged":["Strike_G","Strike_G","Dramatic Entrance"],"score":1614,"play_id":"ceac19ac-4f14-4b98-b7bc-1a2e9a6108a7","local_time":"20221004204116","score_breakdown":["Floors Climbed (51): 255","Enemies Slain (16): 32","Exordium Elites Killed (2): 20","City Elites Killed (2): 40","Beyond Elites Killed (2): 60","Bosses Slain (3): 300","Champion (1): 25","Perfect (1): 50","Overkill: 25","Ascension (20): 807"],"is_ascension_mode":true,"potions_obtained_alchemize":[[],[],[],[],[],[],[],[],[],[],[],[],[],[],[],[],[],[],[],[],[],[],[],[],[],[],[],[],[],[],[],[],[],[],[],[],[],[],[],[],[],[],[],[],[],[],[],[],[],[],[]],"campfire_choices":[{"data":"Noxious Fumes","floor":6.0,"key":"SMITH"},{"data":"Prepared","floor":13.0,"key":"SMITH"},{"floor":15.0,"key":"REST"},{"data":"Catalyst","floor":23.0,"key":"SMITH"},{"data":"Night Terror","floor":27.0,"key":"SMITH"},{"data":"Prepared","floor":32.0,"key":"SMITH"},{"data":"Night Terror","floor":40.0,"key":"SMITH"},{"data":"Ghostly","floor":42.0,"key":"SMITH"},{"floor":46.0,"key":"RECALL"},{"data":"Masterful Stab","floor":49.0,"key":"PURGE"}],"lesson_learned_per_floor":[[],[],[],[],[],[],[],[],[],[],[],[],[],[],[],[],[],[],[],[],[],[],[],[],[],[],[],[],[],[],[],[],[],[],[],[],[],[],[],[],[],[],[],[],[],[],[],[],[],[],[]],"neow_cost":"TEN_PERCENT_HP_LOSS","improvable_cards":{},"seed_source_timestamp":5833697813117,"shop_contents":[{"floor":22,"relics":["Prayer Wheel","Ice Cream"],"cards":["Choke","Quick Slash","Bouncing Flask","Cloak And Dagger","Caltrops","Apotheosis"],"potions":["BlessingOfTheForge","FearPotion","ColorlessPotion"]},{"floor":31,"relics":["Molten Egg 2","Boot","ClockworkSouvenir"],"cards":["Flying Knee","Poisoned Stab","Doppelganger","Footwork+1","Discovery","Sadistic Nature+1"],"potions":["CunningPotion","Explosive Potion","Ancient Potion"]},{"floor":36,"relics":["War Paint","MealTicket","Chemical X"],"cards":["Flechettes","Bane","Crippling Poison","Catalyst","Blind","Secret Weapon"],"potions":["CunningPotion","CunningPotion","Block Potion"]},{"floor":48,"relics":["Bronze Scales","Orichalcum","Medical Kit"],"cards":["Slice","Riddle With Holes","Cloak And Dagger","Calculated Gamble","Envenom+1","Purity","Apotheosis"],"potions":["CunningPotion","Energy Potion","FearPotion"]}],"circlet_count":0,"master_deck":["AscendersBane","Defend_G","Defend_G","Defend_G","Defend_G","Defend_G","Survivor","Neutralize","Well Laid Plans","Flying Knee","Noxious Fumes+1","Eviscerate","Catalyst+1","Night Terror+1","Prepared+1","Deadly Poison","After Image","Dagger Spray","Ghostly+1","Ghostly","Ghostly","Calculated Gamble","Tactician","Backflip","Acrobatics+1","Prepared+1","Night Terror+1","Backflip","Well Laid Plans+1","Bouncing Flask","PiercingWail","Calculated Gamble+1"],"special_seed":0,"potion_use_per_floor":[[],[],[],[],[],[],["ColorlessPotion"],[],[],["ColorlessPotion"],["Block Potion","FairyPotion"],[],[],[],[],["BlessingOfTheForge"],[],[],["ColorlessPotion"],[],[],[],[],["AttackPotion"],["FairyPotion"],[],[],[],["Fruit Juice"],["Strength Potion"],[],[],["SpeedPotion"],[],["Poison Potion"],[],[],["Strength Potion"],["Regen Potion"],[],["Block Potion","GhostInAJar"],[],[],[],[],[],[],[],[],[],["SneckoOil","DuplicationPotion"]],"relics":["Ring of the Snake","Peace Pipe","Golden Idol","Bag of Marbles","White Beast Statue","Ninja Scroll","Empty Cage","Cauldron","Frozen Egg 2","Art of War","TungstenRod","Runic Dome","Turnip","Thread and Needle"],"potions_floor_usage":[51,51],"damage_taken":[{"damage":6.0,"enemies":"Cultist","floor":1.0,"turns":5.0},{"damage":0.0,"enemies":"Jaw Worm","floor":2.0,"turns":4.0},{"damage":0.0,"enemies":"2 Louse","floor":3.0,"turns":2.0},{"damage":8.0,"enemies":"Blue Slaver","floor":5.0,"turns":5.0},{"damage":32.0,"enemies":"Gremlin Nob","floor":7.0,"turns":4.0},{"damage":0.0,"enemies":"Looter","floor":8.0,"turns":2.0},{"damage":0.0,"enemies":"Large Slime","floor":10.0,"turns":4.0},{"damage":25.0,"enemies":"Lagavulin","floor":11.0,"turns":8.0},{"damage":5.0,"enemies":"Exordium Thugs","floor":14.0,"turns":4.0},{"damage":13.0,"enemies":"The Guardian","floor":16.0,"turns":8.0},{"damage":28.0,"enemies":"Shell Parasite","floor":18.0,"turns":8.0},{"damage":12.0,"enemies":"Spheric Guardian","floor":19.0,"turns":7.0},{"damage":3.0,"enemies":"Slavers","floor":24.0,"turns":5.0},{"damage":8.0,"enemies":"Centurion and Healer","floor":25.0,"turns":6.0},{"damage":0.0,"enemies":"Sentry and Sphere","floor":28.0,"turns":5.0},{"damage":1.0,"enemies":"Snake Plant","floor":29.0,"turns":6.0},{"damage":0.0,"enemies":"Gremlin Leader","floor":30.0,"turns":5.0},{"damage":4.0,"enemies":"Champ","floor":33.0,"turns":8.0},{"damage":15.0,"enemies":"3 Darklings","floor":35.0,"turns":5.0},{"damage":0.0,"enemies":"Orb Walker","floor":38.0,"turns":2.0},{"damage":0.0,"enemies":"Maw","floor":39.0,"turns":8.0},{"damage":12.0,"enemies":"Giant Head","floor":41.0,"turns":6.0},{"damage":4.0,"enemies":"Nemesis","floor":45.0,"turns":17.0},{"damage":0.0,"enemies":"Transient","floor":47.0,"turns":6.0},{"damage":0.0,"enemies":"Time Eater","floor":50.0,"turns":14.0},{"damage":13,"enemies":"Awakened One","floor":51,"turns":2}],"green_key_taken_log":11,"seed_played":"8520762969956217083","neow_bonus_log":{"cardsObtained":[],"cardsUpgraded":[],"cardsRemoved":[],"cardsTransformed":[],"relicsObtained":["Peace Pipe"],"maxHpGained":0,"goldGained":0,"damageTaken":0,"goldLost":0,"maxHpLost":6},"potions_obtained":[{"floor":1.0,"key":"FairyPotion"},{"floor":2.0,"key":"ColorlessPotion"},{"floor":8.0,"key":"ColorlessPotion"},{"floor":10.0,"key":"Block Potion"},{"floor":11.0,"key":"BlessingOfTheForge"},{"floor":14.0,"key":"SmokeBomb"},{"floor":16.0,"key":"LiquidBronze"},{"floor":18.0,"key":"ColorlessPotion"},{"floor":19.0,"key":"SkillPotion"},{"floor":22.0,"key":"FairyPotion"},{"floor":22.0,"key":"AttackPotion"},{"floor":24.0,"key":"SteroidPotion"},{"floor":25.0,"key":"SpeedPotion"},{"floor":28.0,"key":"Fruit Juice"},{"floor":29.0,"key":"Strength Potion"},{"floor":30.0,"key":"GhostInAJar"},{"floor":33.0,"key":"Poison Potion"},{"floor":35.0,"key":"Strength Potion"},{"floor":38.0,"key":"Regen Potion"},{"floor":39.0,"key":"Block Potion"},{"floor":41.0,"key":"Strength Potion"},{"floor":44.0,"key":"SneckoOil"},{"floor":44.0,"key":"CunningPotion"},{"floor":45.0,"key":"DuplicationPotion"}],"is_trial":false,"path_per_floor":["M","M","M","?","M","R","E","M","T","M","E","?","R","M","R","B",null,"M","M","?","?","$","R","E","M","T","R","M","M","E","$","R","B",null,"M","$","?","M","M","R","E","R","T","?","E","R","M","$","R","B","B"],"character_chosen":"THE_SILENT","items_purchased":["Dramatic Entrance","Cauldron","Prepared","Well Laid Plans+1"],"campfire_rested":1,"item_purchase_floors":[22,22,31,36],"current_hp_per_floor":[53,53,53,53,45,45,13,13,13,13,16,16,16,11,27,14,44,16,4,4,4,4,4,1,8,8,8,8,12,12,12,12,8,26,11,11,11,11,26,26,14,14,14,14,10,10,10,10,10,10,0],"gold":68,"neow_bonus":"ONE_RARE_RELIC","is_prod":false,"is_daily":false,"rewards_skipped":[{"floor":22,"relics":[],"potions":["CultistPotion","CultistPotion","Poison Potion"]},{"floor":44,"relics":[],"potions":["AttackPotion"]},{"floor":47,"relics":[],"potions":["PowerPotion"]}],"chose_seed":false,"campfire_upgraded":7,"win_rate":0,"floor_exit_playtime":[214,246,282,287,342,348,451,489,497,542,678,683,691,757,769,884,943,1128,1254,1259,1289,1472,1487,1755,2006,2071,2087,2333,2581,2853,2951,3001,3404,3521,3732,3809,3818,3879,4042,4077,4470,4490,4492,4512,4982,4986,5070,5131,5158,5700],"timestamp":1664930476,"blue_key_relic_skipped_log":{"floor":43,"relicID":"Kunai"},"path_taken":["M","?","M","?","M","R","E","M","T","M","E","?","R","M","R","BOSS","M","M","?","?","$","R","E","M","T","R","M","M","E","$","R","BOSS","M","$","?","M","M","R","E","R","T","?","E","R","?","$","R","BOSS","BOSS"],"build_version":"2022-03-07","purchased_purges":3,"victory":false,"max_hp_per_floor":[60,60,60,54,54,54,54,54,54,54,54,54,54,54,54,54,54,54,54,54,27,27,27,27,27,27,27,27,32,32,32,32,32,32,32,32,30,30,30,30,30,30,30,30,30,30,30,30,30,30,30],"relic_stats":{"Peace Pipe":1,"Cauldron":2,"counters":[26,156],"Golden Idol":155,"Turnip":[2],"Art of War":[53],"obtain_stats":[{"Golden Idol":4,"Thread and Needle":45,"Frozen Egg 2":24,"Empty Cage":17,"White Beast Statue":9,"Peace Pipe":0,"Cauldron":22,"Runic Dome":34,"Ninja Scroll":11,"Turnip":41,"Bag of Marbles":7,"Art of War":26,"TungstenRod":30,"Ring of the Snake":0},{"Golden Idol":3,"Thread and Needle":23,"Frozen Egg 2":13,"Empty Cage":10,"White Beast Statue":6,"Peace Pipe":0,"Cauldron":12,"Runic Dome":18,"Ninja Scroll":8,"Turnip":22,"Bag of Marbles":5,"Art of War":14,"TungstenRod":17,"Ring of the Snake":0},{"Golden Idol":11,"Thread and Needle":134,"Frozen Egg 2":66,"Empty Cage":46,"White Beast Statue":22,"Peace Pipe":0,"Cauldron":61,"Runic Dome":96,"Ninja Scroll":34,"Turnip":117,"Bag of Marbles":20,"Art of War":72,"TungstenRod":88,"Ring of the Snake":0}],"White Beast Statue":[0.002640000000000001,0.0,0.11179200000000004,0.0,0.45788800000000024,0.0,0.3700800000000002,0.0,0.05688000000000003,0.0,7.200000000000003E-4,7.919758080000002],"TungstenRod":40,"Ring of the Snake":[52]},"card_choices":[{"not_picked":["Finisher","Leg Sweep"],"picked":"Masterful Stab","floor":1.0},{"not_picked":["Slice","Concentrate"],"picked":"Well Laid Plans","floor":2.0},{"not_picked":["Deflect","Bane"],"picked":"Flying Knee","floor":3.0},{"not_picked":["Prepared","Sucker Punch"],"picked":"Noxious Fumes","floor":5.0},{"not_picked":["Accuracy","Distraction"],"picked":"Eviscerate","floor":7.0},{"not_picked":["Well Laid Plans","Dodge and Roll"],"picked":"Catalyst","floor":8.0},{"not_picked":["Blur","Quick Slash"],"picked":"Night Terror","floor":10.0},{"not_picked":["Dagger Throw","Blade Dance"],"picked":"Prepared","floor":11.0},{"not_picked":["Dagger Throw","Well Laid Plans"],"picked":"Deadly Poison","floor":14.0},{"not_picked":["Envenom","A Thousand Cuts"],"picked":"After Image","floor":16.0},{"not_picked":["Underhanded Strike","Blur"],"picked":"Dagger Spray","floor":18.0},{"not_picked":["Flying Knee","Deadly Poison","Blade Dance"],"picked":"SKIP","floor":19.0},{"not_picked":["Blade Dance","Sucker Punch"],"picked":"Calculated Gamble","floor":24.0},{"not_picked":["Slice","Deflect"],"picked":"Tactician","floor":25.0},{"not_picked":["Blade Dance","Dodge and Roll"],"picked":"Backflip","floor":28.0},{"not_picked":["Envenom+1","Slice"],"picked":"Acrobatics+1","floor":29.0},{"not_picked":["Predator+1","Deadly Poison","Endless Agony+1"],"picked":"SKIP","floor":30.0},{"not_picked":["Corpse Explosion","Burst"],"picked":"Night Terror","floor":33.0},{"not_picked":["Prepared","Quick Slash"],"picked":"Backflip","floor":35.0},{"not_picked":["PiercingWail","Dagger Spray"],"picked":"Bouncing Flask","floor":38.0},{"not_picked":["Concentrate","Blade Dance","Outmaneuver"],"picked":"SKIP","floor":39.0},{"not_picked":["Endless Agony","Outmaneuver+1"],"picked":"PiercingWail","floor":41.0},{"not_picked":["Prepared","Deflect+1"],"picked":"Calculated Gamble+1","floor":45.0}],"player_experience":4069055,"relics_obtained":[{"floor":7.0,"key":"Bag of Marbles"},{"floor":9.0,"key":"White Beast Statue"},{"floor":11.0,"key":"Ninja Scroll"},{"floor":24.0,"key":"Frozen Egg 2"},{"floor":26.0,"key":"Art of War"},{"floor":30.0,"key":"TungstenRod"},{"floor":41.0,"key":"Turnip"},{"floor":45.0,"key":"Thread and Needle"}],"event_choices":[{"damage_healed":0.0,"max_hp_gain":0.0,"max_hp_loss":6.0,"gold_gain":0.0,"event_name":"Golden Idol","player_choice":"Lose Max HP","floor":4.0,"gold_loss":0.0,"damage_taken":0.0,"relics_obtained":["Golden Idol"]},{"damage_healed":0.0,"max_hp_gain":0.0,"max_hp_loss":0.0,"gold_gain":0.0,"event_name":"Shining Light","player_choice":"Ignored","floor":12.0,"gold_loss":0.0,"damage_taken":0.0},{"cards_removed":["Strike_G"],"damage_healed":0.0,"max_hp_gain":0.0,"max_hp_loss":0.0,"gold_gain":0.0,"event_name":"Beggar","player_choice":"Gave Gold","floor":20.0,"gold_loss":75.0,"damage_taken":0.0},{"damage_healed":0.0,"max_hp_gain":0.0,"max_hp_loss":27.0,"gold_gain":0.0,"event_name":"Ghosts","player_choice":"Became a Ghost","floor":21.0,"gold_loss":0.0,"damage_taken":0.0,"cards_obtained":["Ghostly","Ghostly","Ghostly"]},{"damage_healed":0.0,"max_hp_gain":0.0,"max_hp_loss":2.0,"gold_gain":0.0,"event_name":"Winding Halls","player_choice":"Max HP","floor":37.0,"gold_loss":0.0,"damage_taken":0.0},{"damage_healed":0.0,"max_hp_gain":0.0,"max_hp_loss":0.0,"gold_gain":0.0,"event_name":"The Woman in Blue","player_choice":"Bought 3 Potions","floor":44.0,"gold_loss":0.0,"damage_taken":0.0}],"is_beta":false,"boss_relics":[{"not_picked":["Velvet Choker","Black Star"],"picked":"Empty Cage"},{"not_picked":["Fusion Hammer","WristBlade"],"picked":"Runic Dome"}],"items_purged_floors":[22,31,48],"is_endless":false,"potions_floor_spawned":[1,2,8,10,11,14,16,18,19,24,25,28,29,30,33,35,38,39,41,45,47],"killed_by":"Awakened One","ascension_level":20,"potion_discard_per_floor":[[],[],[],[],[],[],[],[],[],[],[],[],[],[],[],[],[],["SmokeBomb"],[],[],[],["LiquidBronze","SkillPotion"],[],[],[],[],[],["SteroidPotion"],[],[],[],[],[],[],[],[],[],[],[],[],[],[],[],["Strength Potion"],["CunningPotion"],[],[],[],[],[],[]]}