{"neow_bonuses_skipped_log":["REMOVE_CARD","TWENTY_PERCENT_HP_BONUS","BOSS_RELIC"],"neow_costs_skipped_log":["NONE","CURSE","NONE"],"potions_obtained_entropic_brew":[[],[],[],[],[],[],[],[],[],[],[],[],[],[],[],[],[],[],[],[],[],[],[],[],[],[],[],[],[],[],[],[],[],[],[],[],[],[],[],[],[],[],[],[],[],[],[],[],[],[],[]],"gold_per_floor":[114,114,134,134,148,148,174,174,199,218,293,293,323,353,365,451,463,488,520,195,209,124,124,154,154,178,178,178,191,205,234,234,311,311,327,352,352,363,44,78,78,107,158,188,188,188,204,234,234,234,234],"floor_reached":51,"playtime":6139,"items_purged":["Noxious Fumes","Unload+1"],"score":1722,"play_id":"e470f916-6e33-46ee-bc0b-8f6eda2d83dd","local_time":"20221007200130","score_breakdown":["Floors Climbed (51): 255","Enemies Slain (13): 26","Exordium Elites Killed (2): 20","City Elites Killed (2): 40","Beyond Elites Killed (4): 120","Bosses Slain (3): 300","Champion (3): 75","C-c-c-combo: 25","Ascension (20): 861"],"is_ascension_mode":true,"potions_obtained_alchemize":[[],[],[],[],[],[],[],[],[],[],[],[],[],[],[],[],[],["PowerPotion"],[],[],["DistilledChaos"],[],[],["EssenceOfSteel"],[],[],[],[],["BlessingOfTheForge"],["DistilledChaos"],["Dexterity Potion"],[],["Block Potion"],[],[],[],[],[],[],["Fire Potion"],[],["LiquidBronze"],[],["SpeedPotion"],[],[],["Regen Potion"],["AttackPotion"],[],["Explosive Potion"],["EssenceOfSteel"]],"campfire_choices":[{"data":"Unload","floor":6,"key":"SMITH"},{"data":"Dagger Throw","floor":8,"key":"SMITH"},{"data":"Bullet Time","floor":15,"key":"SMITH"},{"data":"Acrobatics","floor":23,"key":"SMITH"},{"data":"Tactician","floor":25,"key":"SMITH"},{"floor":27,"key":"REST"},{"data":"Footwork","floor":32,"key":"SMITH"},{"floor":41,"key":"RECALL"},{"data":"Prepared","floor":46,"key":"SMITH"},{"data":"Reflex","floor":49,"key":"SMITH"}],"lesson_learned_per_floor":[[],[],[],[],[],[],[],[],[],[],[],[],[],[],[],[],[],[],[],[],[],[],[],[],[],[],[],[],[],[],[],[],[],[],[],[],[],[],[],[],[],[],[],[],[],[],[],[],[],[],[]],"neow_cost":"NONE","improvable_cards":{},"seed_source_timestamp":8548226653911,"shop_contents":[{"floor":20,"relics":["Thread and Needle","Dream Catcher"],"cards":["Underhanded Strike","Flechettes","Catalyst","Cloak And Dagger","Caltrops","Metamorphosis"],"potions":["Explosive Potion","Swift Potion","DistilledChaos"]},{"floor":39,"relics":["Lantern","Bottled Flame"],"cards":["Poisoned Stab","Flying Knee","Dodge and Roll","Caltrops","Blind","Panache"],"potions":["PowerPotion","SmokeBomb","Poison Potion"]}],"circlet_count":0,"master_deck":["AscendersBane","Survivor","Neutralize","Backstab","Acrobatics+1","Dagger Throw+1","Backflip","Bullet Time+1","Venomology","Footwork+1","Noxious Fumes","Underhanded Strike","Skewer","Dagger Spray","Doppelganger","Predator","PiercingWail","Acrobatics+1","Blind","Predator+1","Tactician+1","Cloak And Dagger+1","After Image","Concentrate+1","Backflip","Acrobatics","Prepared+1","PiercingWail","Decay","Madness","Thinking Ahead","Reflex+1"],"potion_use_per_floor":[[],[],[],[],[],[],[],[],[],[],[],[],["ColorlessPotion"],[],[],["Dexterity Potion"],[],[],[],[],["SteroidPotion","DistilledChaos"],[],[],["LiquidMemories","EssenceOfSteel"],[],[],[],[],[],["BlessingOfTheForge","DistilledChaos"],["Energy Potion"],[],["Dexterity Potion"],[],[],[],[],[],[],["Swift Potion"],[],["Fire Potion"],[],[],[],[],["LiquidBronze","Regen Potion"],[],[],["AttackPotion"],["Dexterity Potion","EssenceOfSteel","Ancient Potion","SpeedPotion"]],"relics":["Ring of the Snake","NeowsBlessing","Vajra","Strawberry","Pantograph","MawBank","Pandora\u0027s Box","DollysMirror","Nunchaku","Calipers","Oddly Smooth Stone","Bottled Lightning","Cursed Key","Girya","ClockworkSouvenir","Art of War","Potion Belt","Darkstone Periapt","StrikeDummy"],"potions_floor_usage":[13,16,21,21,24,24,30,30,31,33,40,42,47,47,50,51,51,51,51],"damage_taken":[{"damage":0,"enemies":"Cultist","floor":1,"turns":1},{"damage":0,"enemies":"Small Slimes","floor":3,"turns":1},{"damage":0,"enemies":"2 Louse","floor":5,"turns":1},{"damage":17,"enemies":"3 Sentries","floor":7,"turns":8},{"damage":0,"enemies":"Blue Slaver","floor":10,"turns":2},{"damage":25,"enemies":"Lagavulin","floor":13,"turns":4},{"damage":0,"enemies":"Looter","floor":14,"turns":2},{"damage":5,"enemies":"The Guardian","floor":16,"turns":16},{"damage":23,"enemies":"Shell Parasite","floor":18,"turns":3},{"damage":1,"enemies":"Spheric Guardian","floor":19,"turns":3},{"damage":6,"enemies":"3 Cultists","floor":21,"turns":3},{"damage":16,"enemies":"Slavers","floor":24,"turns":4},{"damage":0,"enemies":"Sentry and Sphere","floor":29,"turns":3},{"damage":0,"enemies":"Shelled Parasite and Fungi","floor":30,"turns":2},{"damage":0,"enemies":"Gremlin Leader","floor":31,"turns":5},{"damage":20,"enemies":"Automaton","floor":33,"turns":8},{"damage":0,"enemies":"3 Darklings","floor":35,"turns":3},{"damage":2,"enemies":"Mind Bloom Boss Battle","floor":36,"turns":4},{"damage":0,"enemies":"3 Shapes","floor":38,"turns":4},{"damage":0,"enemies":"Reptomancer","floor":40,"turns":5},{"damage":24,"enemies":"Giant Head","floor":42,"turns":7},{"damage":15,"enemies":"Reptomancer","floor":44,"turns":8},{"damage":5,"enemies":"Spire Growth","floor":47,"turns":6},{"damage":0,"enemies":"Giant Head","floor":48,"turns":6},{"damage":7,"enemies":"Donu and Deca","floor":50,"turns":9},{"damage":73,"enemies":"Time Eater","floor":51,"turns":16}],"green_key_taken_log":7,"seed_played":"31378777705179448","neow_bonus_log":{"cardsObtained":[],"cardsUpgraded":[],"cardsRemoved":[],"cardsTransformed":[],"relicsObtained":["NeowsBlessing"],"maxHpGained":0,"goldGained":0,"damageTaken":0,"goldLost":0,"maxHpLost":0},"potions_obtained":[{"floor":5,"key":"Ancient Potion"},{"floor":10,"key":"ColorlessPotion"},{"floor":13,"key":"Dexterity Potion"},{"floor":14,"key":"LiquidMemories"},{"floor":18,"key":"SteroidPotion"},{"floor":21,"key":"Energy Potion"},{"floor":30,"key":"Swift Potion"},{"floor":36,"key":"Ancient Potion"},{"floor":44,"key":"Dexterity Potion"}],"is_trial":false,"path_per_floor":["M","?","M","?","M","R","E","R","T","M","?","T","E","M","R","B",null,"M","M","$","M","?","R","E","R","T","R","?","M","M","E","R","B",null,"M","?","?","M","$","E","R","E","T","E","?","R","M","E","R","B","B"],"character_chosen":"THE_SILENT","items_purchased":["DollysMirror","Blind","ClockworkSouvenir","Prepared"],"campfire_rested":1,"item_purchase_floors":[20,20,39,39],"current_hp_per_floor":[59,59,59,59,59,59,42,42,49,49,38,38,13,13,13,33,63,40,39,39,33,33,33,17,17,17,38,38,38,38,38,38,43,66,66,71,71,71,71,71,71,47,47,32,22,22,32,32,32,50,0],"gold":234,"neow_bonus":"THREE_ENEMY_KILL","is_prod":false,"is_daily":false,"rewards_skipped":[{"floor":31,"relics":[],"potions":["Weak Potion"]},{"floor":38,"relics":[],"potions":["Block Potion"]}],"chose_seed":false,"campfire_upgraded":8,"win_rate":0,"floor_exit_playtime":[43,57,66,81,92,117,204,220,224,241,250,254,357,406,412,632,802,872,989,1099,1199,1233,1244,1421,1428,1434,1438,1465,1566,1669,1856,1874,2180,2321,2435,2672,2735,2842,2929,3310,3317,3632,3639,4005,4053,4061,4403,4762,4767,5361],"timestamp":1665187290,"blue_key_relic_skipped_log":{"floor":43,"relicID":"Ancient Tea Set"},"path_taken":["M","?","?","?","?","R","E","R","T","M","?","?","E","M","R","BOSS","M","M","$","M","?","R","E","R","T","R","?","M","?","E","R","BOSS","M","?","?","?","$","E","R","E","T","E","?","R","M","E","R","BOSS","BOSS"],"build_version":"2022-10-04","purchased_purges":2,"victory":false,"max_hp_per_floor":[66,66,66,66,66,66,66,66,73,73,73,73,73,73,73,73,73,73,73,73,73,73,73,73,73,73,73,73,73,73,73,73,73,73,73,73,73,73,73,73,73,73,73,73,73,73,73,73,73,73,73],"relic_stats":{"Darkstone Periapt":0,"Girya":0,"Calipers":[919],"counters":[26,134],"MawBank":84,"Cursed Key":1,"Nunchaku":[35],"Pantograph":105,"Pandora\u0027s Box":["Footwork","Noxious Fumes","Underhanded Strike","Masterful Stab","Skewer","Noxious Fumes","Dagger Spray","Doppelganger"],"Art of War":[2],"Bottled Lightning":"Acrobatics","obtain_stats":[{"Potion Belt":42,"Darkstone Periapt":44,"Girya":36,"Calipers":24,"NeowsBlessing":0,"Vajra":7,"Oddly Smooth Stone":26,"MawBank":13,"Cursed Key":34,"ClockworkSouvenir":39,"Nunchaku":22,"DollysMirror":20,"Strawberry":9,"Pantograph":12,"Pandora\u0027s Box":17,"Art of War":40,"Bottled Lightning":31,"StrikeDummy":48,"Ring of the Snake":0},{"Potion Belt":21,"Darkstone Periapt":22,"Girya":18,"Calipers":12,"NeowsBlessing":0,"Vajra":4,"Oddly Smooth Stone":12,"MawBank":6,"Cursed Key":16,"ClockworkSouvenir":19,"Nunchaku":11,"DollysMirror":10,"Strawberry":4,"Pantograph":5,"Pandora\u0027s Box":8,"Art of War":20,"Bottled Lightning":15,"StrikeDummy":24,"Ring of the Snake":0},{"Potion Belt":89,"Darkstone Periapt":97,"Girya":73,"Calipers":48,"NeowsBlessing":0,"Vajra":11,"Oddly Smooth Stone":48,"MawBank":17,"Cursed Key":66,"ClockworkSouvenir":77,"Nunchaku":44,"DollysMirror":41,"Strawberry":11,"Pantograph":13,"Pandora\u0027s Box":35,"Art of War":82,"Bottled Lightning":58,"StrikeDummy":109,"Ring of the Snake":0}],"Ring of the Snake":[52]},"card_choices":[{"not_picked":["Prepared","Choke"],"picked":"Backstab","floor":1},{"not_picked":["Concentrate","Quick Slash"],"picked":"Acrobatics","floor":3},{"not_picked":["Backflip","Prepared"],"picked":"Dagger Throw","floor":5},{"not_picked":["Unload","Accuracy","Caltrops"],"picked":"SKIP","floor":7},{"not_picked":["Deflect","Outmaneuver"],"picked":"Backflip","floor":10},{"not_picked":["Bane","Concentrate"],"picked":"Bullet Time","floor":13},{"not_picked":["Expertise","Poisoned Stab","Deflect"],"picked":"SKIP","floor":14},{"not_picked":["Storm of Steel","Unload"],"picked":"Venomology","floor":16},{"not_picked":["Bane","All Out Attack"],"picked":"Predator","floor":18},{"not_picked":["Dagger Spray","Cloak And Dagger+1"],"picked":"PiercingWail","floor":19},{"not_picked":["Bane","Deadly Poison"],"picked":"Predator+1","floor":21},{"not_picked":["Dodge and Roll+1","Calculated Gamble"],"picked":"Tactician","floor":24},{"not_picked":["Distraction","Skewer","Quick Slash"],"picked":"SKIP","floor":29},{"not_picked":["Distraction","Poisoned Stab"],"picked":"Cloak And Dagger+1","floor":30},{"not_picked":["Bane","Backstab","Skewer"],"picked":"SKIP","floor":31},{"not_picked":["Storm of Steel","Envenom"],"picked":"After Image","floor":33},{"not_picked":["Masterful Stab+1","Poisoned Stab"],"picked":"Concentrate+1","floor":35},{"not_picked":["Dagger Spray","Outmaneuver+1"],"picked":"Backflip","floor":36},{"not_picked":["Flying Knee","Deflect+1"],"picked":"Acrobatics","floor":38},{"not_picked":["Cloak And Dagger","Underhanded Strike"],"picked":"PiercingWail","floor":40},{"not_picked":["Cloak And Dagger","Dagger Throw","Bouncing Flask"],"picked":"SKIP","floor":42},{"not_picked":["Unload","Prepared","Backstab"],"picked":"SKIP","floor":44},{"not_picked":["Chrysalis","Jack Of All Trades"],"picked":"Madness","floor":45},{"not_picked":["Discovery","Violence"],"picked":"Thinking Ahead","floor":45},{"not_picked":["Magnetism","Jack Of All Trades","HandOfGreed"],"picked":"SKIP","floor":45},{"not_picked":["Cloak And Dagger","Blade Dance","Quick Slash+1"],"picked":"SKIP","floor":47},{"not_picked":["Die Die Die","Sucker Punch"],"picked":"Reflex","floor":48}],"player_experience":4101702,"relics_obtained":[{"floor":7,"key":"Vajra"},{"floor":9,"key":"Strawberry"},{"floor":12,"key":"Pantograph"},{"floor":13,"key":"MawBank"},{"floor":24,"key":"Calipers"},{"floor":26,"key":"Oddly Smooth Stone"},{"floor":31,"key":"Bottled Lightning"},{"floor":36,"key":"Girya"},{"floor":40,"key":"Art of War"},{"floor":42,"key":"Potion Belt"},{"floor":44,"key":"Darkstone Periapt"},{"floor":48,"key":"StrikeDummy"}],"event_choices":[{"damage_healed":0,"gold_gain":0,"cards_transformed":["Strike_G"],"player_choice":"Transformed","damage_taken":0,"max_hp_gain":0,"max_hp_loss":0,"event_name":"Transmorgrifier","floor":2,"gold_loss":0,"cards_obtained":["Unload"]},{"cards_removed":["Strike_G"],"damage_healed":0,"gold_gain":0,"player_choice":"Purged","damage_taken":0,"max_hp_gain":0,"max_hp_loss":0,"event_name":"Purifier","floor":4,"gold_loss":0},{"damage_healed":0,"gold_gain":75,"player_choice":"Gather Gold","damage_taken":11,"max_hp_gain":0,"max_hp_loss":0,"event_name":"World of Goop","floor":11,"gold_loss":0},{"damage_healed":0,"gold_gain":0,"player_choice":"Obtained Relic","damage_taken":0,"relics_obtained":["Nunchaku"],"max_hp_gain":0,"max_hp_loss":0,"event_name":"Addict","floor":22,"gold_loss":85},{"cards_removed":["Masterful Stab"],"damage_healed":0,"gold_gain":0,"player_choice":"Purged","damage_taken":0,"max_hp_gain":0,"max_hp_loss":0,"event_name":"Purifier","floor":28,"gold_loss":0},{"damage_healed":0,"gold_gain":0,"player_choice":"Fight","damage_taken":0,"max_hp_gain":0,"max_hp_loss":0,"event_name":"MindBloom","floor":36,"gold_loss":0},{"damage_healed":0,"gold_gain":0,"player_choice":"Forge","damage_taken":0,"max_hp_gain":0,"max_hp_loss":0,"event_name":"Accursed Blacksmith","floor":37,"gold_loss":0,"cards_upgraded":["Acrobatics"]},{"damage_healed":0,"gold_gain":0,"player_choice":"Memory 3","damage_taken":10,"max_hp_gain":0,"max_hp_loss":0,"event_name":"SensoryStone","floor":45,"gold_loss":0}],"is_beta":false,"boss_relics":[{"not_picked":["Fusion Hammer","SacredBark"],"picked":"Pandora\u0027s Box"},{"not_picked":["WristBlade","Runic Dome"],"picked":"Cursed Key"}],"items_purged_floors":[20,39],"is_endless":false,"potions_floor_spawned":[5,10,13,14,18,21,30,31,36,38,44],"killed_by":"Time Eater","ascension_level":20,"potion_discard_per_floor":[[],[],[],[],[],[],[],[],[],[],[],[],[],["Ancient Potion"],[],[],[],["PowerPotion"],[],[],[],[],[],[],[],[],[],[],[],[],[],[],[],[],[],["Block Potion"],[],[],[],[],[],[],[],[],[],[],[],[],[],[],[]]}