{
  "neow_bonuses_skipped_log": ["TEN_PERCENT_HP_BONUS"],
  "potions_obtained_entropic_brew": [
    [],
    [],
    [],
    [],
    [],
    [],
    [],
    [],
    [],
    [],
    [],
    [],
    [],
    [],
    [],
    [],
    [],
    [],
    [],
    [],
    [],
    [],
    [],
    [],
    [],
    [],
    [],
    [],
    [],
    [],
    [],
    [],
    []
  ],
  "neow_costs_skipped_log": ["NONE"],
  "gold_per_floor": [
    116, 266, 191, 28, 28, 57, 132, 132, 132, 182, 182, 197, 217, 10, 10, 82,
    82, 101, 117, 207, 221, 240, 240, 267, 267, 293, 312, 344, 344, 377, 2, 2,
    75
  ],
  "floor_reached": 33,
  "playtime": 7386,
  "items_purged": ["Strike_G"],
  "score": 872,
  "play_id": "aa6ea94e-bdd3-4062-80fc-f8a57493919b",
  "local_time": "20221011200303",
  "score_breakdown": [
    "Floors Climbed (33): 175",
    "Enemies Slain (8): 16",
    "Exordium Elites Killed (1): 10",
    "City Elites Killed (3): 60",
    "Beyond Elites Killed (0): 0",
    "Bosses Slain (2): 150",
    "Champion (1): 25",
    "Ascension (20): 436"
  ],
  "is_ascension_mode": true,
  "potions_obtained_alchemize": [
    [],
    [],
    [],
    [],
    [],
    [],
    [],
    [],
    [],
    [],
    [],
    [],
    [],
    [],
    [],
    [],
    [],
    [],
    [],
    [],
    [],
    [],
    [],
    [],
    [],
    [],
    [],
    [],
    [],
    [],
    [],
    [],
    []
  ],
  "campfire_choices": [
    { "data": "Dagger Spray", "floor": 8, "key": "SMITH" },
    { "floor": 11, "key": "REST" },
    { "data": "Predator", "floor": 15, "key": "SMITH" },
    { "floor": 23, "key": "REST" },
    { "floor": 25, "key": "REST" },
    { "floor": 29, "key": "REST" },
    { "data": "Apotheosis", "floor": 32, "key": "SMITH" }
  ],
  "lesson_learned_per_floor": [
    [],
    [],
    [],
    [],
    [],
    [],
    [],
    [],
    [],
    [],
    [],
    [],
    [],
    [],
    [],
    [],
    [],
    [],
    [],
    [],
    [],
    [],
    [],
    [],
    [],
    [],
    [],
    [],
    [],
    [],
    [],
    [],
    []
  ],
  "neow_cost": "NONE",
  "improvable_cards": {},
  "seed_source_timestamp": 5282934403442,
  "shop_contents": [
    {
      "floor": 4,
      "relics": ["Blue Candle", "Cauldron"],
      "cards": [
        "Underhanded Strike",
        "Predator",
        "Catalyst",
        "Burst",
        "Footwork",
        "PanicButton",
        "Violence"
      ],
      "potions": ["CultistPotion", "Ancient Potion", "ColorlessPotion"]
    },
    {
      "floor": 14,
      "relics": ["Art of War", "CeramicFish"],
      "cards": [
        "Dagger Spray",
        "Poisoned Stab",
        "Bullet Time",
        "Deadly Poison",
        "Well Laid Plans",
        "Transmutation"
      ],
      "potions": ["EssenceOfSteel", "Explosive Potion", "ColorlessPotion"]
    },
    {
      "floor": 31,
      "relics": ["Ornamental Fan", "Lee\u0027s Waffle"],
      "cards": [
        "Underhanded Strike",
        "Skewer",
        "Setup",
        "Prepared",
        "Footwork"
      ],
      "potions": ["BlessingOfTheForge", "DuplicationPotion"]
    }
  ],
  "circlet_count": 0,
  "master_deck": [
    "AscendersBane",
    "Strike_G",
    "Strike_G",
    "Strike_G",
    "Strike_G",
    "Defend_G",
    "Defend_G",
    "Defend_G",
    "Defend_G+1",
    "Defend_G",
    "Survivor",
    "Neutralize+1",
    "Dagger Spray+1",
    "Slice",
    "Backflip",
    "Predator+1",
    "Flash of Steel",
    "Adrenaline",
    "Dagger Throw",
    "Deflect+1",
    "Noxious Fumes+1",
    "Dodge and Roll",
    "Doppelganger",
    "Blade Dance",
    "Escape Plan",
    "Footwork",
    "PanicButton",
    "Apotheosis+1",
    "Malaise"
  ],
  "potion_use_per_floor": [
    [],
    [],
    [],
    [],
    [],
    [],
    [],
    [],
    [],
    [],
    [],
    [],
    [],
    [],
    [],
    ["Energy Potion"],
    [],
    [],
    [],
    ["Fruit Juice"],
    ["CunningPotion"],
    ["GhostInAJar"],
    [],
    ["Dexterity Potion", "FearPotion"],
    [],
    [],
    [],
    ["Dexterity Potion"],
    [],
    [],
    [],
    [],
    ["Dexterity Potion"]
  ],
  "relics": [
    "Ring of the Snake",
    "NeowsBlessing",
    "Bag of Marbles",
    "Letter Opener",
    "FossilizedHelix",
    "Membership Card",
    "Philosopher\u0027s Stone",
    "Akabeko",
    "Regal Pillow",
    "HornCleat",
    "Dream Catcher",
    "CaptainsWheel"  ],
  "potions_floor_usage": [16, 20, 21, 22, 24, 24, 28, 33],
  "damage_taken": [
    { "damage": 0, "enemies": "Small Slimes", "floor": 1, "turns": 1 },
    { "damage": 0, "enemies": "3 Sentries", "floor": 6, "turns": 2 },
    { "damage": 0, "enemies": "Jaw Worm", "floor": 12, "turns": 1 },
    { "damage": 0, "enemies": "2 Louse", "floor": 13, "turns": 1 },
    { "damage": 39, "enemies": "Slime Boss", "floor": 16, "turns": 11 },
    { "damage": 12, "enemies": "3 Byrds", "floor": 18, "turns": 4 },
    { "damage": 0, "enemies": "2 Thieves", "floor": 19, "turns": 3 },
    { "damage": 18, "enemies": "Snake Plant", "floor": 21, "turns": 3 },
    { "damage": 0, "enemies": "Centurion and Healer", "floor": 22, "turns": 5 },
    { "damage": 6, "enemies": "Book of Stabbing", "floor": 24, "turns": 5 },
    { "damage": 0, "enemies": "Cultist and Chosen", "floor": 27, "turns": 4 },
    { "damage": 9, "enemies": "Slavers", "floor": 28, "turns": 5 },
    { "damage": 12, "enemies": "Gremlin Leader", "floor": 30, "turns": 5 },
    { "damage": 58, "enemies": "Collector", "floor": 33, "turns": 9 }
  ],
  "seed_played": "-8496117840472645983",
  "neow_bonus_log": {
    "cardsObtained": [],
    "cardsUpgraded": [],
    "cardsRemoved": [],
    "cardsTransformed": [],
    "relicsObtained": ["NeowsBlessing"],
    "maxHpGained": 0,
    "goldGained": 0,
    "damageTaken": 0,
    "goldLost": 0,
    "maxHpLost": 0
  },
  "potions_obtained": [
    { "floor": 1, "key": "Energy Potion" },
    { "floor": 6, "key": "BlessingOfTheForge" },
    { "floor": 13, "key": "Fruit Juice" },
    { "floor": 19, "key": "GhostInAJar" },
    { "floor": 21, "key": "FearPotion" },
    { "floor": 22, "key": "Dexterity Potion" },
    { "floor": 27, "key": "Dexterity Potion" },
    { "floor": 33, "key": "Fruit Juice" }
  ],
  "is_trial": false,
  "path_per_floor": [
    "M",
    "?",
    "?",
    "$",
    "?",
    "E",
    "?",
    "R",
    "T",
    "?",
    "R",
    "M",
    "M",
    "$",
    "R",
    "B",
    null,
    "M",
    "M",
    "?",
    "M",
    "M",
    "R",
    "E",
    "R",
    "T",
    "M",
    "E",
    "R",
    "E",
    "$",
    "R",
    "B"  ],
  "character_chosen": "THE_SILENT",
  "items_purchased": [
    "Bag of Marbles",
    "Membership Card",
    "Flash of Steel",
    "PanicButton",
    "Apotheosis",
    "CaptainsWheel",
    "Dexterity Potion"
  ],
  "campfire_rested": 4,
  "item_purchase_floors": [4, 14, 14, 31, 31, 31, 31],
  "current_hp_per_floor": [
    59, 59, 59, 59, 39, 39, 28, 28, 28, 22, 41, 41, 41, 41, 41, 2, 50, 38, 38,
    25, 7, 7, 28, 22, 43, 43, 43, 34, 70, 58, 58, 58, 0
  ],
  "gold": 75,
  "neow_bonus": "THREE_ENEMY_KILL",
  "is_prod": false,
  "is_daily": false,
  "rewards_skipped": [
    { "floor": 12, "relics": [], "potions": ["GamblersBrew"] }
  ],
  "chose_seed": false,
  "campfire_upgraded": 3,
  "win_rate": 0,
  "floor_exit_playtime": [
    119, 133, 141, 156, 164, 247, 263, 270, 275, 302, 307, 539, 566, 603, 611,
    2021, 2388, 2905, 2992, 3074, 3488, 3927, 3931, 4733, 4738, 4758, 5283,
    5760, 5769, 6038, 6289, 6496
  ],
  "timestamp": 1665532983,
  "path_taken": [
    "M",
    "?",
    "?",
    "$",
    "?",
    "E",
    "?",
    "R",
    "T",
    "?",
    "R",
    "M",
    "M",
    "$",
    "R",
    "BOSS",
    "M",
    "M",
    "?",
    "?",
    "M",
    "R",
    "E",
    "R",
    "T",
    "M",
    "E",
    "R",
    "E",
    "$",
    "R",
    "BOSS"
  ],
  "build_version": "2022-10-04",
  "purchased_purges": 1,
  "victory": false,
  "max_hp_per_floor": [
    66, 66, 66, 66, 66, 66, 66, 66, 66, 66, 66, 66, 66, 66, 66, 66, 66, 66, 66,
    71, 71, 71, 71, 71, 71, 71, 71, 71, 71, 71, 71, 71, 71
  ],
  "relic_stats": {
    "Regal Pillow": 15,
    "Dream Catcher": 0,
    "counters": [15, 60],
    "Letter Opener": [205],
    "Membership Card": 418,
    "obtain_stats": [
      {
        "Regal Pillow": 26,
        "NeowsBlessing": 0,
        "Letter Opener": 6,
        "Akabeko": 24,
        "Dream Catcher": 30,
        "CaptainsWheel": 31,
        "HornCleat": 28,
        "WristBlade": 34,
        "Philosopher\u0027s Stone": 17,
        "Bag of Marbles": 4,
        "Membership Card": 14,
        "FossilizedHelix": 9,
        "Ring of the Snake": 0
      },
      {
        "Regal Pillow": 10,
        "NeowsBlessing": 0,
        "Letter Opener": 2,
        "Akabeko": 10,
        "Dream Catcher": 13,
        "CaptainsWheel": 13,
        "HornCleat": 12,
        "WristBlade": 14,
        "Philosopher\u0027s Stone": 5,
        "Bag of Marbles": 1,
        "Membership Card": 4,
        "FossilizedHelix": 2,
        "Ring of the Snake": 0
      },
      {
        "Regal Pillow": 36,
        "NeowsBlessing": 0,
        "Letter Opener": 3,
        "Akabeko": 36,
        "Dream Catcher": 50,
        "CaptainsWheel": 50,
        "HornCleat": 45,
        "WristBlade": 59,
        "Philosopher\u0027s Stone": 16,
        "Bag of Marbles": 1,
        "Membership Card": 5,
        "FossilizedHelix": 3,
        "Ring of the Snake": 0
      }
    ],
    "FossilizedHelix": [207],
    "Ring of the Snake": [30]
  },
  "card_choices": [
    {
      "not_picked": ["Flechettes", "PiercingWail"],
      "picked": "Dagger Spray",
      "floor": 1
    },
    {
      "not_picked": ["Cloak And Dagger", "Backflip"],
      "picked": "Slice",
      "floor": 6
    },
    { "not_picked": ["Accuracy", "Slice"], "picked": "Backflip", "floor": 12 },
    {
      "not_picked": ["Well Laid Plans", "Bane"],
      "picked": "Predator",
      "floor": 13
    },
    {
      "not_picked": ["Tools of the Trade", "After Image"],
      "picked": "Adrenaline",
      "floor": 16
    },
    {
      "not_picked": ["Dagger Spray", "Dodge and Roll"],
      "picked": "Dagger Throw",
      "floor": 18
    },
    {
      "not_picked": ["Slice", "Distraction"],
      "picked": "Deflect+1",
      "floor": 19
    },
    {
      "not_picked": ["Footwork", "Bane"],
      "picked": "Noxious Fumes+1",
      "floor": 21
    },
    {
      "not_picked": ["Well Laid Plans", "Dagger Spray"],
      "picked": "Dodge and Roll",
      "floor": 22
    },
    {
      "not_picked": ["Poisoned Stab", "Dodge and Roll"],
      "picked": "Doppelganger",
      "floor": 24
    },
    {
      "not_picked": ["Bane", "Quick Slash"],
      "picked": "Blade Dance",
      "floor": 27
    },
    {
      "not_picked": ["Noxious Fumes", "Choke"],
      "picked": "Escape Plan",
      "floor": 28
    },
    {
      "not_picked": ["Backflip", "Finisher"],
      "picked": "Footwork",
      "floor": 30
    }  ],
  "player_experience": 4146846,
  "relics_obtained": [
    { "floor": 6, "key": "Letter Opener" },
    { "floor": 9, "key": "FossilizedHelix" },
    { "floor": 24, "key": "Akabeko" },
    { "floor": 26, "key": "Regal Pillow" },
    { "floor": 28, "key": "HornCleat" },
    { "floor": 30, "key": "Dream Catcher" }
  ],
  "event_choices": [
    {
      "damage_healed": 0,
      "gold_gain": 150,
      "player_choice": "AGREE",
      "damage_taken": 0,
      "max_hp_gain": 0,
      "max_hp_loss": 0,
      "event_name": "Liars Game",
      "floor": 2,
      "gold_loss": 0,
      "cards_obtained": ["Doubt"]
    },
    {
      "cards_removed": ["Doubt"],
      "damage_healed": 0,
      "gold_gain": 0,
      "player_choice": "Card Removal",
      "damage_taken": 0,
      "max_hp_gain": 0,
      "max_hp_loss": 0,
      "event_name": "The Cleric",
      "floor": 3,
      "gold_loss": 75
    },
    {
      "damage_healed": 0,
      "gold_gain": 0,
      "player_choice": "Entered Light",
      "damage_taken": 20,
      "max_hp_gain": 0,
      "max_hp_loss": 0,
      "event_name": "Shining Light",
      "floor": 5,
      "gold_loss": 0,
      "cards_upgraded": ["Neutralize", "Defend_G"]
    },
    {
      "damage_healed": 0,
      "gold_gain": 75,
      "player_choice": "Gather Gold",
      "damage_taken": 11,
      "max_hp_gain": 0,
      "max_hp_loss": 0,
      "event_name": "World of Goop",
      "floor": 7,
      "gold_loss": 0
    },
    {
      "damage_healed": 0,
      "gold_gain": 50,
      "player_choice": "Touch",
      "damage_taken": 6,
      "max_hp_gain": 0,
      "max_hp_loss": 0,
      "event_name": "FaceTrader",
      "floor": 10,
      "gold_loss": 0
    },
    {
      "damage_healed": 0,
      "gold_gain": 90,
      "player_choice": "POTION GOLD ",
      "damage_taken": 18,
      "max_hp_gain": 0,
      "max_hp_loss": 0,
      "event_name": "Knowing Skull",
      "floor": 20,
      "potions_obtained": ["CunningPotion"],
      "gold_loss": 0,
      "cards_obtained": []
    }
  ],
  "is_beta": false,
  "boss_relics": [
    {
      "not_picked": ["Coffee Dripper", "Tiny House"],
      "picked": "Philosopher\u0027s Stone"
    }  ],
  "items_purged_floors": [31],
  "is_endless": false,
  "potions_floor_spawned": [1, 6, 12, 13, 19, 21, 22, 27],
  "killed_by": "Collector",
  "ascension_level": 20,
  "potion_discard_per_floor": [
    [],
    [],
    [],
    [],
    [],
    [],
    [],
    [],
    [],
    [],
    [],
    [],
    ["BlessingOfTheForge"],
    [],
    [],
    [],
    [],
    [],
    [],
    [],
    [],
    [],
    [],
    [],
    [],
    [],
    [],
    [],
    [],
    [],
    [],
    [],
    []
  ]
}
