{"neow_bonuses_skipped_log":["UPGRADE_CARD","REMOVE_TWO","BOSS_RELIC"],"neow_costs_skipped_log":["NONE","PERCENT_DAMAGE","NONE"],"potions_obtained_entropic_brew":[[],[],[],[],[],[],[],[],[],[],[],[],[],[],[],[],[],[],[],[],[],[],[],[],[],[],[],[],[],[],[],[],[],[],[],[],[],[],[],[],[],[],[],["Energy Potion"],[],[],[],[],[],[],[],[],[],[],[],[],[]],"gold_per_floor":[219,67,85,98,116,116,148,148,148,182,193,193,219,239,239,312,312,322,335,353,353,48,48,77,77,77,105,105,116,128,178,178,252,252,263,263,263,288,305,305,337,337,337,372,383,404,235,248,248,248,248,248,248,15,52,52],"floor_reached":57,"playtime":4669,"items_purged":["Defend_G","Strike_G","Pain","Strike_G"],"score":2819,"play_id":"642e876e-c19f-4791-bc32-f04534e76e15","local_time":"20221014203053","falling_options_log":["Tactician+1"],"score_breakdown":["Floors Climbed (57): 285","Enemies Slain (16): 32","Exordium Elites Killed (3): 30","City Elites Killed (2): 40","Beyond Elites Killed (2): 60","Bosses Slain (5): 750","Well Fed: 25","Champion (2): 50","C-c-c-combo: 25","Ascension (20): 1272","Heartbreaker: 250"],"is_ascension_mode":true,"potions_obtained_alchemize":[[],[],[],[],[],[],[],[],[],[],[],[],[],[],[],[],[],[],[],[],[],[],[],[],[],[],[],[],[],[],[],[],[],[],[],[],[],[],[],[],[],[],[],[],[],[],[],[],[],[],[],[],[],[],[],[],[]],"campfire_choices":[{"data":"Glass Knife","floor":6,"key":"SMITH"},{"data":"Terror","floor":8,"key":"SMITH"},{"data":"Acrobatics","floor":12,"key":"SMITH"},{"floor":15,"key":"REST"},{"floor":23,"key":"REST"},{"data":"Phantasmal Killer","floor":25,"key":"SMITH"},{"data":"Tactician","floor":28,"key":"SMITH"},{"data":"Night Terror","floor":32,"key":"SMITH"},{"floor":40,"key":"RECALL"},{"data":"Eviscerate","floor":42,"key":"SMITH"},{"data":"Prepared","floor":49,"key":"SMITH"},{"data":"Backflip","floor":53,"key":"SMITH"}],"lesson_learned_per_floor":[[],[],[],[],[],[],[],[],[],[],[],[],[],[],[],[],[],[],[],[],[],[],[],[],[],[],[],[],[],[],[],[],[],[],[],[],[],[],[],[],[],[],[],[],[],[],[],[],[],[],[],[],[],[],[],[],[]],"neow_cost":"NONE","improvable_cards":{},"seed_source_timestamp":12615520026134,"shop_contents":[{"floor":2,"relics":["Bag of Marbles","Centennial Puzzle","ClockworkSouvenir"],"cards":["Dagger Spray","Prepared","Terror","Footwork","PanicButton","Mayhem"],"potions":["Swift Potion","AttackPotion","PowerPotion"]},{"floor":22,"relics":["Eternal Feather","Toxic Egg 2"],"cards":["Masterful Stab","Bouncing Flask","Outmaneuver","Infinite Blades","Mind Blast","Panache"],"potions":["SteroidPotion","AttackPotion","SteroidPotion"]},{"floor":47,"relics":["Pen Nib","PreservedInsect","Frozen Eye"],"cards":["Underhanded Strike","Dash","Escape Plan","Accuracy","Impatience","The Bomb"],"potions":["ColorlessPotion","Ancient Potion","BlessingOfTheForge"]},{"floor":54,"relics":["Ornamental Fan","StrikeDummy","Strange Spoon"],"cards":["Sucker Punch","Masterful Stab","Deadly Poison","Infinite Blades","Discovery","Master of Strategy"],"potions":["Block Potion","Poison Potion"]}],"circlet_count":0,"master_deck":["AscendersBane","Strike_G","Strike_G","Defend_G+1","Defend_G","Defend_G","Defend_G","Survivor","Terror+1","Glass Knife+1","Blade Dance","Acrobatics+1","Tactician+1","Dagger Throw","Backflip","Phantasmal Killer+1","Prepared+1","Acrobatics+1","Outmaneuver+1","Eviscerate+1","Night Terror+1","Backflip+1","PiercingWail+1","Tactician+1","Prepared+1","Calculated Gamble","Wraith Form v2"],"potion_use_per_floor":[[],[],[],[],[],[],[],[],[],["DistilledChaos"],[],[],["Fire Potion"],["SpeedPotion"],[],[],[],[],[],["Weak Potion"],[],[],[],["PowerPotion"],[],[],[],[],[],[],[],[],[],[],[],[],[],[],[],[],[],[],[],["EntropicBrew"],["Fruit Juice"],[],[],[],[],["SpeedPotion"],[],[],[],[],[],["Swift Potion","LiquidMemories"],[]],"relics":["Ring of the Snake","Bronze Scales","Regal Pillow","Singing Bowl","Juzu Bracelet","Runic Pyramid","Medical Kit","Boot","Bag of Preparation","Cursed Key","Gambling Chip","Ancient Tea Set","CeramicFish","War Paint"],"potions_floor_usage":[10,13,14,20,24,44,45,50,56,56],"damage_taken":[{"damage":1,"enemies":"Small Slimes","floor":1,"turns":4},{"damage":0,"enemies":"Cultist","floor":3,"turns":3},{"damage":1,"enemies":"Jaw Worm","floor":4,"turns":3},{"damage":0,"enemies":"2 Fungi Beasts","floor":5,"turns":2},{"damage":27,"enemies":"3 Sentries","floor":7,"turns":9},{"damage":0,"enemies":"Lagavulin","floor":10,"turns":4},{"damage":0,"enemies":"Large Slime","floor":11,"turns":2},{"damage":17,"enemies":"3 Sentries","floor":13,"turns":6},{"damage":0,"enemies":"Exordium Wildlife","floor":14,"turns":3},{"damage":41,"enemies":"Hexaghost","floor":16,"turns":9},{"damage":0,"enemies":"3 Byrds","floor":18,"turns":3},{"damage":8,"enemies":"Shell Parasite","floor":19,"turns":2},{"damage":15,"enemies":"Shelled Parasite and Fungi","floor":20,"turns":4},{"damage":5,"enemies":"Gremlin Leader","floor":24,"turns":2},{"damage":15,"enemies":"Slavers","floor":27,"turns":4},{"damage":0,"enemies":"3 Cultists","floor":29,"turns":3},{"damage":1,"enemies":"Cultist and Chosen","floor":30,"turns":3},{"damage":2,"enemies":"Collector","floor":33,"turns":6},{"damage":6,"enemies":"3 Darklings","floor":35,"turns":3},{"damage":0,"enemies":"Mind Bloom Boss Battle","floor":38,"turns":2},{"damage":0,"enemies":"3 Shapes","floor":39,"turns":2},{"damage":0,"enemies":"Reptomancer","floor":41,"turns":2},{"damage":4,"enemies":"Nemesis","floor":44,"turns":3},{"damage":3,"enemies":"Transient","floor":45,"turns":6},{"damage":1,"enemies":"Spire Growth","floor":46,"turns":2},{"damage":0,"enemies":"Sphere and 2 Shapes","floor":48,"turns":5},{"damage":25,"enemies":"Time Eater","floor":50,"turns":10},{"damage":21,"enemies":"Awakened One","floor":51,"turns":8},{"damage":1,"enemies":"Shield and Spear","floor":55,"turns":3},{"damage":46,"enemies":"The Heart","floor":56,"turns":8}],"green_key_taken_log":24,"seed_played":"-6452392250988360679","neow_bonus_log":{"cardsObtained":[],"cardsUpgraded":[],"cardsRemoved":[],"cardsTransformed":[],"relicsObtained":[],"maxHpGained":0,"goldGained":100,"damageTaken":0,"goldLost":0,"maxHpLost":0},"potions_obtained":[{"floor":1,"key":"Fire Potion"},{"floor":5,"key":"DistilledChaos"},{"floor":10,"key":"SpeedPotion"},{"floor":13,"key":"PowerPotion"},{"floor":14,"key":"Weak Potion"},{"floor":20,"key":"SpeedPotion"},{"floor":27,"key":"LiquidMemories"},{"floor":33,"key":"EntropicBrew"},{"floor":44,"key":"Fruit Juice"},{"floor":45,"key":"SpeedPotion"}],"is_trial":false,"path_per_floor":["M","$","M","M","M","R","E","R","T","E","M","R","E","M","R","B",null,"M","M","M","?","$","R","E","R","T","E","R","M","M","?","R","B",null,"M","?","?","?","M","R","E","R","T","E","M","M","$","M","R","B","B",null,"R","$","E","B",null],"character_chosen":"THE_SILENT","items_purchased":["Glass Knife","Medical Kit","Eviscerate","Prepared","Calculated Gamble","Swift Potion"],"campfire_rested":2,"item_purchase_floors":[2,22,22,47,54,54],"current_hp_per_floor":[58,58,58,57,57,57,30,30,30,30,30,30,13,15,50,9,53,53,45,30,30,30,65,62,62,62,47,47,49,50,50,50,50,70,66,66,66,68,68,68,70,70,70,66,70,69,69,71,71,46,25,75,75,75,74,28],"gold":52,"neow_bonus":"HUNDRED_GOLD","is_prod":false,"is_daily":false,"rewards_skipped":[{"floor":27,"relics":["Bottled Flame"],"potions":[]},{"floor":41,"relics":[],"potions":["Energy Potion"]},{"floor":55,"relics":[],"potions":["Block Potion"]}],"chose_seed":false,"campfire_upgraded":9,"win_rate":0,"floor_exit_playtime":[169,221,244,299,357,380,503,513,516,593,635,642,740,802,848,995,1095,1165,1233,1339,1345,1374,1428,1607,1614,1624,1743,1757,1854,1963,1973,1978,2180,2249,2345,2347,2357,2565,2624,2637,2709,2717,2727,2839,3009,3050,3104,3257,3265,3581,3997,4008,4020,4064,4259,4669],"timestamp":1665793853,"blue_key_relic_skipped_log":{"floor":43,"relicID":"Letter Opener"},"path_taken":["M","$","M","M","M","R","E","R","T","E","M","R","E","M","R","BOSS","M","M","M","?","$","R","E","R","T","E","R","M","M","?","R","BOSS","M","?","?","?","M","R","E","R","T","E","M","M","$","M","R","BOSS","BOSS","R","$","E","BOSS"],"build_version":"2022-10-04","purchased_purges":4,"victory":true,"max_hp_per_floor":[66,66,66,66,66,66,66,66,66,66,66,66,66,68,68,68,68,68,68,68,68,68,68,70,70,70,70,70,72,74,74,74,76,76,78,78,78,80,80,80,82,82,82,82,89,89,89,91,91,91,91,91,91,91,91,91],"relic_stats":{"Regal Pillow":30,"Singing Bowl":20,"counters":[30,126],"CeramicFish":45,"Juzu Bracelet":1,"Bag of Preparation":[32],"War Paint":["Acrobatics","Defend_G"],"Medical Kit":[11],"Boot":[21],"Cursed Key":1,"Ancient Tea Set":[6],"Bronze Scales":[370],"Gambling Chip":[55],"obtain_stats":[{"Regal Pillow":9,"Singing Bowl":10,"CeramicFish":44,"Juzu Bracelet":13,"Bag of Preparation":26,"War Paint":55,"Medical Kit":22,"Boot":24,"Cursed Key":34,"Ancient Tea Set":41,"Bronze Scales":7,"Gambling Chip":38,"Ring of the Snake":0,"Runic Pyramid":17},{"Regal Pillow":5,"Singing Bowl":6,"CeramicFish":23,"Juzu Bracelet":8,"Bag of Preparation":14,"War Paint":29,"Medical Kit":13,"Boot":14,"Cursed Key":18,"Ancient Tea Set":22,"Bronze Scales":5,"Gambling Chip":20,"Ring of the Snake":0,"Runic Pyramid":10},{"Regal Pillow":21,"Singing Bowl":25,"CeramicFish":84,"Juzu Bracelet":33,"Bag of Preparation":56,"War Paint":118,"Medical Kit":54,"Boot":56,"Cursed Key":72,"Ancient Tea Set":81,"Bronze Scales":21,"Gambling Chip":77,"Ring of the Snake":0,"Runic Pyramid":45}],"Ring of the Snake":[60]},"card_choices":[{"not_picked":["Distraction","Infinite Blades"],"picked":"Terror","floor":1},{"not_picked":["Slice","Cloak And Dagger"],"picked":"Blade Dance","floor":3},{"not_picked":["Dodge and Roll","Slice","Flying Knee"],"picked":"SKIP","floor":4},{"not_picked":["Quick Slash","Riddle With Holes"],"picked":"Acrobatics","floor":5},{"not_picked":["Finisher","Flechettes","Slice"],"picked":"SKIP","floor":7},{"not_picked":["Sucker Punch","PiercingWail"],"picked":"Tactician","floor":10},{"not_picked":["Unload","PiercingWail"],"picked":"Dagger Throw","floor":11},{"not_picked":["Dash","Heel Hook"],"picked":"Backflip","floor":13},{"not_picked":["Sucker Punch","Quick Slash","Expertise"],"picked":"Singing Bowl","floor":14},{"not_picked":["Burst","Corpse Explosion"],"picked":"Phantasmal Killer","floor":16},{"not_picked":["Endless Agony","Quick Slash"],"picked":"Prepared+1","floor":18},{"not_picked":["Dodge and Roll+1","Blur"],"picked":"Acrobatics","floor":19},{"not_picked":["Bane","Dagger Throw+1"],"picked":"Outmaneuver+1","floor":20},{"not_picked":["Flechettes","Well Laid Plans","Dagger Spray"],"picked":"Singing Bowl","floor":24},{"not_picked":["Prepared","Blade Dance+1"],"picked":"Night Terror","floor":27},{"not_picked":["Distraction+1","Blade Dance","Outmaneuver"],"picked":"Singing Bowl","floor":29},{"not_picked":["Flying Knee+1","Underhanded Strike","Dodge and Roll"],"picked":"Singing Bowl","floor":30},{"not_picked":["Envenom","Doppelganger","A Thousand Cuts"],"picked":"Singing Bowl","floor":33},{"not_picked":["Dagger Spray+1","Underhanded Strike+1","Predator"],"picked":"Singing Bowl","floor":35},{"not_picked":["Choke","Endless Agony","Dagger Throw+1"],"picked":"Singing Bowl","floor":38},{"not_picked":["Setup","Flechettes"],"picked":"Backflip","floor":39},{"not_picked":["Quick Slash+1","Accuracy","Expertise"],"picked":"Singing Bowl","floor":41},{"not_picked":["Die Die Die","Noxious Fumes+1"],"picked":"PiercingWail+1","floor":44},{"not_picked":["All Out Attack+1","Cloak And Dagger","Dagger Spray"],"picked":"Singing Bowl","floor":45},{"not_picked":["Blur","Heel Hook"],"picked":"Tactician+1","floor":46},{"not_picked":["Dagger Spray","Cloak And Dagger","Slice+1"],"picked":"Singing Bowl","floor":48},{"not_picked":["Bane","Terror"],"picked":"Wraith Form v2","floor":55}],"player_experience":4194000,"relics_obtained":[{"floor":7,"key":"Bronze Scales"},{"floor":9,"key":"Regal Pillow"},{"floor":10,"key":"Singing Bowl"},{"floor":13,"key":"Juzu Bracelet"},{"floor":24,"key":"Boot"},{"floor":26,"key":"Bag of Preparation"},{"floor":38,"key":"Gambling Chip"},{"floor":41,"key":"Ancient Tea Set"},{"floor":44,"key":"CeramicFish"},{"floor":55,"key":"War Paint"}],"event_choices":[{"cards_removed":["Strike_G"],"damage_healed":0,"gold_gain":0,"player_choice":"Purged","damage_taken":0,"max_hp_gain":0,"max_hp_loss":0,"event_name":"Purifier","floor":21,"gold_loss":0},{"damage_healed":0,"gold_gain":50,"player_choice":"Stole From Cult","damage_taken":0,"max_hp_gain":0,"max_hp_loss":0,"event_name":"Nest","floor":31,"gold_loss":0},{"damage_healed":0,"gold_gain":0,"player_choice":"Ignored","damage_taken":0,"max_hp_gain":0,"max_hp_loss":0,"event_name":"Tomb of Lord Red Mask","floor":36,"gold_loss":0},{"cards_removed":["Neutralize"],"damage_healed":0,"gold_gain":0,"player_choice":"Removed Attack","damage_taken":0,"max_hp_gain":0,"max_hp_loss":0,"event_name":"Falling","floor":37,"gold_loss":0},{"damage_healed":0,"gold_gain":0,"player_choice":"Fight","damage_taken":0,"max_hp_gain":0,"max_hp_loss":0,"event_name":"MindBloom","floor":38,"gold_loss":0}],"is_beta":false,"boss_relics":[{"not_picked":["SacredBark","WristBlade"],"picked":"Runic Pyramid"},{"not_picked":["Calling Bell","Snecko Eye"],"picked":"Cursed Key"}],"items_purged_floors":[2,22,47,54],"is_endless":false,"potions_floor_spawned":[1,5,10,13,14,20,27,33,41,44,45,55],"ascension_level":20,"potion_discard_per_floor":[[],[],[],[],[],[],[],[],[],[],[],[],[],[],[],[],[],[],[],[],[],[],[],[],[],[],[],[],[],[],[],[],["SpeedPotion"],[],[],[],[],[],[],[],[],[],[],["Energy Potion"],[],[],[],[],[],[],[],[],[],[],[],[],[]]}