{"neow_bonuses_skipped_log":["REMOVE_CARD","THREE_SMALL_POTIONS","BOSS_RELIC"],"potions_obtained_entropic_brew":[[],[],[],[],[],[],[],[],[],[],[],[],[],[],[],[],[],[],[],[],[],[],[],[],[],[],[],[],[],[],[],[],[],[],[],[],[],[],[],[],[],[],[],[],[],[],[],[],[],[],[],[],[],[],[],[],[]],"neow_costs_skipped_log":["NONE","NONE","NONE"],"gold_per_floor":[10,25,42,7,19,19,45,45,45,74,74,120,138,154,154,232,232,248,0,19,19,29,29,59,59,106,121,132,146,164,191,191,270,270,282,296,316,49,94,94,122,122,122,151,166,191,216,236,236,236,236,236,236,18,46,46],"floor_reached":57,"playtime":7600,"items_purged":["Strike_G","Strike_G","Strike_G"],"score":3017,"play_id":"ccb64f12-7b94-4c39-81ae-112a0f290bac","local_time":"20221008191335","score_breakdown":["Floors Climbed (57): 285","Enemies Slain (18): 36","Exordium Elites Killed (2): 20","City Elites Killed (2): 40","Beyond Elites Killed (3): 90","Bosses Slain (5): 750","Librarian: 25","Champion (4): 100","Perfect (1): 50","Ascension (20): 1371","Heartbreaker: 250"],"is_ascension_mode":true,"potions_obtained_alchemize":[[],[],[],[],[],[],[],[],[],[],[],[],[],[],[],[],[],[],[],[],[],[],[],[],[],[],[],[],[],[],[],[],[],[],[],[],[],[],[],[],[],[],[],[],[],[],[],[],[],[],[],[],[],[],[],[],[]],"campfire_choices":[{"data":"Choke","floor":6,"key":"SMITH"},{"data":"Glass Knife","floor":8,"key":"SMITH"},{"data":"Dagger Spray","floor":15,"key":"SMITH"},{"data":"Terror","floor":23,"key":"SMITH"},{"data":"Concentrate","floor":25,"key":"SMITH"},{"data":"Malaise","floor":32,"key":"SMITH"},{"floor":40,"key":"RECALL"},{"floor":42,"key":"REST"},{"data":"Night Terror","floor":49,"key":"SMITH"},{"data":"Prepared","floor":53,"key":"SMITH"}],"lesson_learned_per_floor":[[],[],[],[],[],[],[],[],[],[],[],[],[],[],[],[],[],[],[],[],[],[],[],[],[],[],[],[],[],[],[],[],[],[],[],[],[],[],[],[],[],[],[],[],[],[],[],[],[],[],[],[],[],[],[],[],[]],"neow_cost":"NO_GOLD","improvable_cards":{},"seed_source_timestamp":2014116685680,"shop_contents":[{"floor":19,"relics":["Shuriken","Mango"],"cards":["Underhanded Strike","Dagger Spray","Escape Plan","Backflip","Caltrops","Flash of Steel","Master of Strategy"],"potions":["Block Potion","PowerPotion","Weak Potion"]},{"floor":38,"relics":["Centennial Puzzle","PreservedInsect"],"cards":["Eviscerate","Finisher","Prepared","Blade Dance","Caltrops","Panacea","Magnetism"],"potions":["EssenceOfSteel","Fire Potion","Weak Potion"]},{"floor":54,"relics":["Ninja Scroll","FossilizedHelix","Orrery"],"cards":["Quick Slash","Endless Agony","Tactician","Accuracy","Purity","Mayhem"],"potions":["GamblersBrew","Fire Potion","EssenceOfSteel"]}],"circlet_count":0,"master_deck":["AscendersBane","Strike_G","Strike_G+1","Defend_G","Defend_G","Defend_G","Defend_G","Defend_G","Survivor","Neutralize+1","Master of Strategy","Choke+1","Escape Plan","Dagger Spray+1","Blade Dance","Glass Knife+1","Terror+1","Backflip","Malaise+1","PiercingWail+1","Prepared+1","Concentrate+1","Leg Sweep+1","Tactician+1","Bullet Time","Reflex","Calculated Gamble+1","Bouncing Flask","Footwork+1","Leg Sweep","Underhanded Strike+1","Night Terror+1","Acrobatics+1","Adrenaline","Caltrops"],"potion_use_per_floor":[[],[],[],[],[],[],[],[],[],["AttackPotion"],[],[],[],[],[],[],[],[],[],[],[],[],[],[],[],[],[],[],[],[],[],[],["FairyPotion"],[],[],[],[],[],[],[],["GamblersBrew"],[],[],[],[],[],[],[],[],[],[],[],[],[],[],["GhostInAJar","LiquidBronze"],[]],"relics":["Ring of the Snake","Snake Skull","Nunchaku","Matryoshka","Bag of Preparation","Whetstone","Runic Pyramid","Frozen Eye","Paper Crane","Art of War","MealTicket","StoneCalendar","WristBlade","TwistedFunnel","Unceasing Top","Tough Bandages","Smiling Mask","Toy Ornithopter","Ancient Tea Set","Torii"],"potions_floor_usage":[10,41,56,56],"damage_taken":[{"damage":4,"enemies":"Jaw Worm","floor":1,"turns":4},{"damage":3,"enemies":"Small Slimes","floor":2,"turns":4},{"damage":0,"enemies":"2 Louse","floor":3,"turns":3},{"damage":6,"enemies":"Looter","floor":5,"turns":4},{"damage":25,"enemies":"3 Sentries","floor":7,"turns":8},{"damage":12,"enemies":"Lagavulin","floor":10,"turns":5},{"damage":1,"enemies":"Exordium Wildlife","floor":13,"turns":3},{"damage":0,"enemies":"Large Slime","floor":14,"turns":3},{"damage":2,"enemies":"Slime Boss","floor":16,"turns":7},{"damage":2,"enemies":"3 Byrds","floor":18,"turns":7},{"damage":1,"enemies":"2 Thieves","floor":20,"turns":4},{"damage":5,"enemies":"Centurion and Healer","floor":22,"turns":4},{"damage":4,"enemies":"Book of Stabbing","floor":24,"turns":5},{"damage":2,"enemies":"Snecko","floor":27,"turns":4},{"damage":0,"enemies":"Snake Plant","floor":28,"turns":2},{"damage":1,"enemies":"Chosen and Byrds","floor":29,"turns":7},{"damage":0,"enemies":"3 Cultists","floor":30,"turns":4},{"damage":0,"enemies":"Gremlin Leader","floor":31,"turns":5},{"damage":75,"enemies":"Champ","floor":33,"turns":20},{"damage":0,"enemies":"3 Shapes","floor":35,"turns":7},{"damage":0,"enemies":"3 Darklings","floor":36,"turns":3},{"damage":12,"enemies":"Maw","floor":37,"turns":8},{"damage":1,"enemies":"2 Orb Walkers","floor":39,"turns":3},{"damage":27,"enemies":"Reptomancer","floor":41,"turns":6},{"damage":0,"enemies":"Nemesis","floor":44,"turns":5},{"damage":0,"enemies":"Sphere and 2 Shapes","floor":45,"turns":5},{"damage":0,"enemies":"Reptomancer","floor":46,"turns":9},{"damage":10,"enemies":"Spire Growth","floor":48,"turns":5},{"damage":1,"enemies":"Time Eater","floor":50,"turns":12},{"damage":0,"enemies":"Donu and Deca","floor":51,"turns":12},{"damage":0,"enemies":"Shield and Spear","floor":55,"turns":8},{"damage":17,"enemies":"The Heart","floor":56,"turns":10}],"green_key_taken_log":10,"seed_played":"-7561027585208252299","neow_bonus_log":{"cardsObtained":[],"cardsUpgraded":[],"cardsRemoved":[],"cardsTransformed":[],"relicsObtained":[],"maxHpGained":0,"goldGained":0,"damageTaken":0,"goldLost":99,"maxHpLost":0},"potions_obtained":[{"floor":2,"key":"AttackPotion"},{"floor":3,"key":"GamblersBrew"},{"floor":5,"key":"FairyPotion"},{"floor":16,"key":"SteroidPotion"},{"floor":31,"key":"GhostInAJar"},{"floor":35,"key":"GamblersBrew"},{"floor":41,"key":"LiquidBronze"}],"is_trial":false,"path_per_floor":["M","M","M","?","M","R","E","R","T","E","?","T","M","M","R","B",null,"M","$","M","?","M","R","E","R","T","M","M","M","M","E","R","B",null,"M","M","M","$","?","R","E","R","T","E","M","E","T","M","R","B","B",null,"R","$","E","B",null],"character_chosen":"THE_SILENT","items_purchased":["Frozen Eye","TwistedFunnel","Adrenaline"],"campfire_rested":1,"item_purchase_floors":[19,38,54],"current_hp_per_floor":[55,52,52,66,60,60,35,35,35,23,18,18,17,17,17,15,53,51,51,50,50,45,45,41,41,41,39,39,38,38,38,38,3,50,50,50,38,53,52,52,25,44,44,44,44,44,44,34,34,33,33,58,58,66,66,51],"gold":46,"neow_bonus":"RANDOM_COLORLESS_2","is_prod":false,"is_daily":false,"rewards_skipped":[{"floor":7,"relics":[],"potions":["Swift Potion"]},{"floor":20,"relics":[],"potions":["FearPotion"]},{"floor":28,"relics":[],"potions":["PowerPotion"]},{"floor":30,"relics":[],"potions":["SteroidPotion"]},{"floor":37,"relics":[],"potions":["EssenceOfSteel"]},{"floor":44,"relics":[],"potions":["EntropicBrew"]},{"floor":46,"relics":[],"potions":["SpeedPotion"]}],"chose_seed":false,"campfire_upgraded":8,"win_rate":0,"floor_exit_playtime":[188,266,334,348,426,449,606,612,621,712,720,747,788,826,911,1318,1392,1626,1702,1864,1928,2287,2296,2475,2493,2503,2684,2771,2945,3041,3251,3261,3871,4019,4170,4274,4515,4652,5030,5046,5450,5455,5458,5626,5771,6027,6042,6210,6232,6585,6970,6982,6998,7058,7317,7600],"timestamp":1665270815,"blue_key_relic_skipped_log":{"floor":43,"relicID":"HornCleat"},"path_taken":["M","M","M","?","M","R","E","R","T","E","?","?","M","M","R","BOSS","M","$","M","?","M","R","E","R","T","M","M","M","M","E","R","BOSS","M","M","M","$","?","R","E","R","T","E","M","E","?","M","R","BOSS","BOSS","R","$","E","BOSS"],"build_version":"2022-10-04","purchased_purges":3,"victory":true,"max_hp_per_floor":[66,66,66,66,66,66,66,66,66,66,66,66,66,66,66,66,66,66,66,66,66,66,66,66,66,66,66,66,66,66,66,66,66,66,66,66,66,66,66,66,66,66,66,66,66,66,66,66,66,66,66,66,66,66,66,66],"relic_stats":{"Torii":10,"counters":[32,196],"StoneCalendar":[342],"Snake Skull":[70],"Bag of Preparation":[52],"Whetstone":["Strike_G","Neutralize"],"Smiling Mask":75,"Ancient Tea Set":[4],"Frozen Eye":381.7379,"Nunchaku":[37],"Tough Bandages":[927],"Matryoshka":2,"MealTicket":23,"Art of War":[37],"obtain_stats":[{"TwistedFunnel":38,"Torii":55,"StoneCalendar":31,"Snake Skull":7,"Bag of Preparation":12,"Whetstone":12,"Paper Crane":24,"Smiling Mask":44,"Ancient Tea Set":47,"Frozen Eye":19,"Nunchaku":9,"Tough Bandages":41,"Matryoshka":10,"WristBlade":34,"MealTicket":26,"Art of War":26,"Unceasing Top":39,"Toy Ornithopter":46,"Ring of the Snake":0,"Runic Pyramid":17},{"TwistedFunnel":22,"Torii":31,"StoneCalendar":18,"Snake Skull":5,"Bag of Preparation":6,"Whetstone":6,"Paper Crane":13,"Smiling Mask":25,"Ancient Tea Set":27,"Frozen Eye":10,"Nunchaku":5,"Tough Bandages":24,"Matryoshka":6,"WristBlade":19,"MealTicket":13,"Art of War":13,"Unceasing Top":23,"Toy Ornithopter":27,"Ring of the Snake":0,"Runic Pyramid":9},{"TwistedFunnel":121,"Torii":186,"StoneCalendar":83,"Snake Skull":23,"Bag of Preparation":28,"Whetstone":28,"Paper Crane":61,"Smiling Mask":135,"Ancient Tea Set":149,"Frozen Eye":48,"Nunchaku":23,"Tough Bandages":130,"Matryoshka":28,"WristBlade":103,"MealTicket":61,"Art of War":61,"Unceasing Top":124,"Toy Ornithopter":149,"Ring of the Snake":0,"Runic Pyramid":41}],"Unceasing Top":[0],"Toy Ornithopter":2,"Ring of the Snake":[64]},"card_choices":[{"not_picked":["Mayhem","Secret Weapon"],"picked":"Master of Strategy","floor":0},{"not_picked":["Calculated Gamble","Underhanded Strike"],"picked":"Choke","floor":1},{"not_picked":["Accuracy","Bane"],"picked":"Escape Plan","floor":2},{"not_picked":["Catalyst","Flechettes"],"picked":"Dagger Spray","floor":3},{"not_picked":["Dash","Leg Sweep"],"picked":"Blade Dance","floor":5},{"not_picked":["Cloak And Dagger","Finisher"],"picked":"Glass Knife","floor":7},{"not_picked":["Finisher","Dagger Spray","Dagger Throw"],"picked":"SKIP","floor":10},{"not_picked":["Deadly Poison","Riddle With Holes"],"picked":"Terror","floor":13},{"not_picked":["Quick Slash","Slice"],"picked":"Backflip","floor":14},{"not_picked":["Night Terror","Glass Knife"],"picked":"Malaise","floor":16},{"not_picked":["Slice","Blade Dance"],"picked":"PiercingWail+1","floor":18},{"not_picked":["Flying Knee","Noxious Fumes"],"picked":"Prepared","floor":20},{"not_picked":["Dagger Throw","Underhanded Strike","Eviscerate","Acrobatics","Infinite Blades","Sucker Punch","PiercingWail","Calculated Gamble","Poisoned Stab","Blade Dance","Dagger Spray","Bouncing Flask","Dash","Footwork","Leg Sweep","Choke","Heel Hook","Predator","Expertise"],"picked":"Concentrate","floor":21},{"not_picked":["All Out Attack","Distraction","Sucker Punch"],"picked":"SKIP","floor":22},{"not_picked":["All Out Attack","Distraction","Sucker Punch"],"picked":"SKIP","floor":22},{"not_picked":["Infinite Blades","Footwork"],"picked":"Leg Sweep+1","floor":24},{"not_picked":["Quick Slash","Escape Plan+1"],"picked":"Tactician+1","floor":28},{"not_picked":["Underhanded Strike","Dash","Dagger Spray"],"picked":"SKIP","floor":29},{"not_picked":["Sucker Punch","Caltrops","Glass Knife"],"picked":"SKIP","floor":30},{"not_picked":["Poisoned Stab","Sucker Punch+1","Deadly Poison"],"picked":"SKIP","floor":31},{"not_picked":["Glass Knife","Doppelganger"],"picked":"Bullet Time","floor":33},{"not_picked":["Distraction+1","Sucker Punch"],"picked":"Reflex","floor":35},{"not_picked":["Riddle With Holes","Prepared"],"picked":"Calculated Gamble+1","floor":36},{"not_picked":["Underhanded Strike","Deadly Poison+1"],"picked":"Bouncing Flask","floor":37},{"not_picked":["Prepared","Choke"],"picked":"Footwork+1","floor":39},{"not_picked":["Blade Dance","Bane","Dagger Spray+1"],"picked":"SKIP","floor":41},{"not_picked":["Blade Dance","Bane","Dagger Spray+1"],"picked":"SKIP","floor":41},{"not_picked":["Escape Plan","Sucker Punch"],"picked":"Leg Sweep","floor":44},{"not_picked":["Outmaneuver","Accuracy"],"picked":"Underhanded Strike+1","floor":45},{"not_picked":["PiercingWail+1","Accuracy+1"],"picked":"Night Terror","floor":46},{"not_picked":["Leg Sweep","Cloak And Dagger+1"],"picked":"Acrobatics+1","floor":48},{"not_picked":["Backstab+1","Dagger Throw"],"picked":"Caltrops","floor":55}],"player_experience":4110306,"relics_obtained":[{"floor":7,"key":"Snake Skull"},{"floor":9,"key":"Nunchaku"},{"floor":10,"key":"Matryoshka"},{"floor":12,"key":"Bag of Preparation"},{"floor":12,"key":"Whetstone"},{"floor":24,"key":"Paper Crane"},{"floor":26,"key":"Art of War"},{"floor":26,"key":"MealTicket"},{"floor":31,"key":"StoneCalendar"},{"floor":39,"key":"Unceasing Top"},{"floor":41,"key":"Tough Bandages"},{"floor":44,"key":"Smiling Mask"},{"floor":46,"key":"Toy Ornithopter"},{"floor":47,"key":"Ancient Tea Set"},{"floor":55,"key":"Torii"}],"event_choices":[{"damage_healed":16,"gold_gain":0,"player_choice":"Healed","damage_taken":0,"max_hp_gain":0,"max_hp_loss":0,"event_name":"The Cleric","floor":4,"gold_loss":35},{"damage_healed":0,"gold_gain":0,"player_choice":"Fled","damage_taken":5,"max_hp_gain":0,"max_hp_loss":0,"event_name":"Scrap Ooze","floor":11,"gold_loss":0},{"damage_healed":0,"gold_gain":0,"player_choice":"Read","damage_taken":0,"max_hp_gain":0,"max_hp_loss":0,"event_name":"The Library","floor":21,"gold_loss":0,"cards_obtained":["Concentrate"]},{"damage_healed":0,"gold_gain":0,"player_choice":"Fight","damage_taken":0,"max_hp_gain":0,"max_hp_loss":0,"event_name":"Mysterious Sphere","floor":39,"gold_loss":0}],"is_beta":false,"boss_relics":[{"not_picked":["Empty Cage","SlaversCollar"],"picked":"Runic Pyramid"},{"not_picked":["Velvet Choker","Runic Dome"],"picked":"WristBlade"}],"items_purged_floors":[19,38,54],"is_endless":false,"potions_floor_spawned":[2,3,5,7,16,20,28,30,31,35,37,41,44,46],"ascension_level":20,"potion_discard_per_floor":[[],[],[],[],["GamblersBrew"],[],[],[],[],[],[],[],[],[],[],[],[],[],[],[],[],[],[],[],[],[],[],[],[],[],["SteroidPotion"],[],[],[],[],[],[],[],[],[],[],[],[],[],[],[],[],[],[],[],[],[],[],[],[],[],[]]}