{"neow_bonuses_skipped_log":["UPGRADE_CARD","TEN_PERCENT_HP_BONUS","BOSS_RELIC"],"potions_obtained_entropic_brew":[[],[],[],[],[],[],[],[],[],[],[],[],[],[],[],[],[],[],[],[],[],[],[],[],[],[],[],[],[],[],[],[],[],[],[],[],[],[],[],[],[],[],[],[],[],[],[],[],[],[],[],[],[],[],[],[]],"neow_costs_skipped_log":["NONE","NONE","NONE"],"gold_per_floor":[360,410,424,439,454,454,468,468,468,500,23,53,53,63,63,136,136,147,180,95,107,107,135,155,155,155,97,122,142,154,73,73,145,145,158,175,21,35,45,45,84,99,99,121,121,121,140,180,180,180,180,180,180,20,54,54],"floor_reached":56,"playtime":10546,"items_purged":["Defend_G","Strike_G"],"score":2252,"play_id":"8ee8767b-e96b-4557-a79a-87b14a62a81d","local_time":"20221013222511","score_breakdown":["Floors Climbed (56): 280","Enemies Slain (18): 36","Exordium Elites Killed (1): 10","City Elites Killed (2): 40","Beyond Elites Killed (2): 60","Bosses Slain (4): 500","Money Money (1010): 25","Librarian: 25","Champion (4): 100","Perfect (1): 50","C-c-c-combo: 25","Ascension (20): 1101"],"is_ascension_mode":true,"potions_obtained_alchemize":[[],[],[],[],[],[],[],[],[],[],[],[],[],[],[],[],[],[],[],[],[],[],[],[],[],[],[],[],[],[],[],[],[],[],[],[],[],[],[],[],[],["Explosive Potion"],[],["DuplicationPotion"],[],[],[],["Weak Potion"],[],["Fire Potion"],["AttackPotion"],[],[],[],["GamblersBrew"],["SkillPotion"]],"campfire_choices":[{"data":"Terror","floor":6,"key":"SMITH"},{"floor":8,"key":"REST"},{"data":"A Thousand Cuts","floor":15,"key":"SMITH"},{"data":"Writhe","floor":25,"key":"PURGE"},{"data":"Well Laid Plans","floor":32,"key":"SMITH"},{"data":"Prepared","floor":40,"key":"SMITH"},{"floor":45,"key":"RECALL"},{"data":"Footwork","floor":49,"key":"SMITH"},{"data":"Acrobatics","floor":53,"key":"SMITH"}],"lesson_learned_per_floor":[[],[],[],[],[],[],[],[],[],[],[],[],[],[],[],[],[],[],[],[],[],[],[],[],[],[],[],[],[],[],[],[],[],[],[],[],[],[],[],[],[],[],[],[],[],[],[],[],[],[],[],[],[],[],[],[]],"neow_cost":"TEN_PERCENT_HP_LOSS","improvable_cards":{},"seed_source_timestamp":11923536505219,"shop_contents":[{"floor":11,"relics":["Bird Faced Urn","Ancient Tea Set"],"cards":["Slice","Escape Plan","Expertise","Panacea","Magnetism"],"potions":["GamblersBrew"]},{"floor":27,"relics":["Question Card","Strawberry","Frozen Eye"],"cards":["Bane","Slice","Concentrate","Caltrops","Good Instincts","Master of Strategy"],"potions":["CunningPotion","Fire Potion","Fire Potion"]},{"floor":31,"relics":["Shuriken","Singing Bowl","Membership Card"],"cards":["Backstab","Dagger Spray","Prepared","Reflex","Jack Of All Trades","Apotheosis"],"potions":["Block Potion","LiquidBronze","ColorlessPotion"]},{"floor":37,"relics":["Bottled Tornado","Mercury Hourglass","HandDrill"],"cards":["Eviscerate","Sucker Punch","Blade Dance","Caltrops","Mind Blast","Violence"],"potions":["EntropicBrew","CultistPotion","SkillPotion"]},{"floor":46,"relics":["Dream Catcher","Pen Nib","Medical Kit"],"cards":["Poisoned Stab","Endless Agony","Concentrate","Deflect","Well Laid Plans","Flash of Steel","Violence"],"potions":["Regen Potion","SteroidPotion","Weak Potion"]},{"floor":54,"relics":["Whetstone","Du-Vu Doll"],"cards":["Glass Knife","Flying Knee","Cloak And Dagger","Deadly Poison","Infinite Blades","Discovery","Chrysalis"],"potions":["LiquidBronze","EssenceOfSteel","Block Potion"]}],"circlet_count":0,"master_deck":["AscendersBane","Strike_G","Strike_G","Strike_G","Defend_G","Defend_G","Defend_G","Defend_G","Survivor","Neutralize","Flying Knee","Terror+1","Choke","Poisoned Stab","Dagger Throw","Backflip","Dagger Spray","Well Laid Plans+1","A Thousand Cuts+1","Adrenaline","Backstab+1","Riddle With Holes+1","PiercingWail","Concentrate","Acrobatics+1","Phantasmal Killer","Cloak And Dagger+1","Blur","Footwork+1","After Image","Blur+1","Reflex","Prepared+1","Prepared","Venomology","Backflip+1","Night Terror","Escape Plan","Sucker Punch+1"],"potion_use_per_floor":[[],[],[],[],[],[],[],[],[],["DuplicationPotion","DuplicationPotion"],[],[],[],[],[],["Energy Potion"],[],[],["CultistPotion","GamblersBrew"],[],[],[],[],[],[],[],[],[],[],[],[],[],["SpeedPotion"],[],[],[],[],[],[],[],[],["AttackPotion"],[],["Explosive Potion"],[],[],[],["Swift Potion"],[],["Weak Potion","DuplicationPotion"],["AttackPotion"],[],[],[],["GamblersBrew"],["Fire Potion","SkillPotion"]],"relics":["Ring of the Snake","Mummified Hand","Ice Cream","Sling","StrikeDummy","Coffee Dripper","Red Mask","InkBottle","Peace Pipe","Ornamental Fan","Bag of Marbles","Oddly Smooth Stone","HoveringKite","CeramicFish","Ginger","ClockworkSouvenir","Vajra"],"potions_floor_usage":[10,10,16,19,19,33,42,44,48,50,50,51,55,56,56],"damage_taken":[{"damage":0,"enemies":"Cultist","floor":1,"turns":4},{"damage":10,"enemies":"Small Slimes","floor":3,"turns":3},{"damage":0,"enemies":"Jaw Worm","floor":4,"turns":4},{"damage":24,"enemies":"Lots of Slimes","floor":5,"turns":5},{"damage":14,"enemies":"Large Slime","floor":7,"turns":7},{"damage":0,"enemies":"Gremlin Nob","floor":10,"turns":2},{"damage":2,"enemies":"2 Fungi Beasts","floor":14,"turns":2},{"damage":0,"enemies":"Slime Boss","floor":16,"turns":4},{"damage":0,"enemies":"3 Byrds","floor":18,"turns":2},{"damage":10,"enemies":"Masked Bandits","floor":19,"turns":3},{"damage":6,"enemies":"2 Thieves","floor":21,"turns":3},{"damage":4,"enemies":"Gremlin Leader","floor":23,"turns":4},{"damage":4,"enemies":"Cultist and Chosen","floor":24,"turns":3},{"damage":0,"enemies":"Slavers","floor":28,"turns":5},{"damage":0,"enemies":"Centurion and Healer","floor":29,"turns":3},{"damage":3,"enemies":"Snake Plant","floor":30,"turns":2},{"damage":8,"enemies":"Automaton","floor":33,"turns":9},{"damage":5,"enemies":"3 Darklings","floor":35,"turns":3},{"damage":0,"enemies":"Orb Walker","floor":36,"turns":3},{"damage":0,"enemies":"4 Shapes","floor":38,"turns":4},{"damage":1,"enemies":"Transient","floor":39,"turns":6},{"damage":0,"enemies":"Giant Head","floor":41,"turns":4},{"damage":0,"enemies":"Maw","floor":42,"turns":6},{"damage":0,"enemies":"Writhing Mass","floor":44,"turns":8},{"damage":1,"enemies":"Sphere and 2 Shapes","floor":47,"turns":4},{"damage":0,"enemies":"Reptomancer","floor":48,"turns":6},{"damage":11,"enemies":"Time Eater","floor":50,"turns":15},{"damage":15,"enemies":"Awakened One","floor":51,"turns":22},{"damage":7,"enemies":"Shield and Spear","floor":55,"turns":8},{"damage":54,"enemies":"The Heart","floor":56,"turns":5}],"green_key_taken_log":41,"seed_played":"-732115679621846394","neow_bonus_log":{"cardsObtained":[],"cardsUpgraded":[],"cardsRemoved":[],"cardsTransformed":[],"relicsObtained":[],"maxHpGained":0,"goldGained":250,"damageTaken":0,"goldLost":0,"maxHpLost":6},"potions_obtained":[{"floor":5,"key":"DuplicationPotion"},{"floor":7,"key":"DuplicationPotion"},{"floor":18,"key":"CultistPotion"},{"floor":23,"key":"SpeedPotion"},{"floor":30,"key":"SpeedPotion"},{"floor":36,"key":"Explosive Potion"},{"floor":38,"key":"AttackPotion"},{"floor":47,"key":"Swift Potion"}],"is_trial":false,"path_per_floor":["M","?","M","M","M","R","M","R","T","E","$","?","?","M","R","B",null,"M","?","?","M","?","E","M","R","T","$","E","M","M","$","R","B",null,"M","M","$","M","M","R","E","M","T","M","R","$","M","E","R","B","B",null,"R","$","E","B"],"character_chosen":"THE_SILENT","items_purchased":["Dagger Spray","Sling","Well Laid Plans","Energy Potion","GamblersBrew","Acrobatics","Footwork","Prepared","ClockworkSouvenir"],"campfire_rested":1,"item_purchase_floors":[11,11,11,11,11,27,31,37,54],"current_hp_per_floor":[59,53,43,43,19,19,5,23,23,23,23,23,23,21,21,21,50,50,40,40,34,34,30,26,26,26,26,26,26,23,23,23,15,49,44,44,44,44,43,43,43,43,43,43,43,43,42,42,42,31,16,49,49,49,42,0],"gold":54,"neow_bonus":"TWO_FIFTY_GOLD","is_prod":false,"is_daily":false,"rewards_skipped":[{"floor":14,"relics":[],"potions":["Explosive Potion"]}],"chose_seed":false,"campfire_upgraded":6,"win_rate":0,"floor_exit_playtime":[141,152,186,243,470,479,590,596,612,710,1478,1597,1657,1971,1977,2656,2947,3087,4143,4162,4456,4480,4662,4914,4947,4952,5067,5283,5365,5508,5619,5631,6415,6471,6619,6732,6791,6930,7102,7110,7224,7399,7416,7620,7624,7714,7901,8280,8292,8828,9602,9614,9646,9730,10137],"timestamp":1665714311,"blue_key_relic_skipped_log":{"floor":43,"relicID":"Kunai"},"path_taken":["M","?","M","M","M","R","?","R","T","E","$","?","?","?","R","BOSS","M","?","?","M","?","E","M","R","T","$","E","M","M","$","R","BOSS","M","M","$","M","M","R","E","M","T","M","R","$","M","E","R","BOSS","BOSS","R","$","E","BOSS"],"build_version":"2022-10-04","purchased_purges":2,"victory":false,"max_hp_per_floor":[60,60,60,60,60,60,60,60,60,60,60,60,60,60,60,60,60,60,60,60,60,60,60,60,60,60,60,60,60,60,60,60,60,60,60,60,60,60,60,60,60,60,60,60,60,60,60,60,60,60,60,60,60,60,60,60],"relic_stats":{"Ice Cream":[193],"Peace Pipe":1,"counters":[30,159],"Mummified Hand":[78],"Ornamental Fan":[236],"CeramicFish":45,"HoveringKite":[65],"Ginger":[3],"obtain_stats":[{"Ice Cream":10,"CeramicFish":41,"Oddly Smooth Stone":28,"HoveringKite":34,"Vajra":55,"Ginger":48,"Sling":11,"ClockworkSouvenir":54,"Peace Pipe":22,"Mummified Hand":9,"Ornamental Fan":23,"Coffee Dripper":17,"Red Mask":19,"Bag of Marbles":26,"StrikeDummy":12,"InkBottle":20,"Ring of the Snake":0},{"Ice Cream":6,"CeramicFish":22,"Oddly Smooth Stone":14,"HoveringKite":17,"Vajra":29,"Ginger":26,"Sling":6,"ClockworkSouvenir":28,"Peace Pipe":11,"Mummified Hand":5,"Ornamental Fan":12,"Coffee Dripper":8,"Red Mask":10,"Bag of Marbles":13,"StrikeDummy":6,"InkBottle":10,"Ring of the Snake":0},{"Ice Cream":25,"CeramicFish":85,"Oddly Smooth Stone":51,"HoveringKite":65,"Vajra":154,"Ginger":109,"Sling":25,"ClockworkSouvenir":146,"Peace Pipe":39,"Mummified Hand":23,"Ornamental Fan":43,"Coffee Dripper":31,"Red Mask":36,"Bag of Marbles":46,"StrikeDummy":25,"InkBottle":36,"Ring of the Snake":0}],"InkBottle":[74],"Ring of the Snake":[60]},"card_choices":[{"not_picked":["Bane","Cloak And Dagger"],"picked":"Flying Knee","floor":1},{"not_picked":["Eviscerate","Deadly Poison"],"picked":"Terror","floor":3},{"not_picked":["Poisoned Stab","Outmaneuver"],"picked":"Choke","floor":4},{"not_picked":["Prepared","Slice"],"picked":"Poisoned Stab","floor":5},{"not_picked":["Expertise","PiercingWail"],"picked":"Dagger Throw","floor":7},{"not_picked":["Outmaneuver","Distraction"],"picked":"Backflip","floor":10},{"not_picked":["Slice","Eviscerate"],"picked":"A Thousand Cuts","floor":14},{"not_picked":["Bullet Time","Envenom"],"picked":"Adrenaline","floor":16},{"not_picked":["Poisoned Stab","Sucker Punch"],"picked":"Backstab+1","floor":18},{"not_picked":["Quick Slash","All Out Attack"],"picked":"Riddle With Holes+1","floor":19},{"not_picked":["Bane","Dagger Throw","Outmaneuver"],"picked":"SKIP","floor":21},{"not_picked":["Bouncing Flask","Deflect"],"picked":"PiercingWail","floor":23},{"not_picked":["Expertise","Cloak And Dagger"],"picked":"Concentrate","floor":24},{"not_picked":["Dodge and Roll","Heel Hook+1"],"picked":"Phantasmal Killer","floor":28},{"not_picked":["Well Laid Plans","Sucker Punch"],"picked":"Cloak And Dagger+1","floor":29},{"not_picked":["Deflect","Outmaneuver"],"picked":"Blur","floor":30},{"not_picked":["Phantasmal Killer","Grand Finale"],"picked":"After Image","floor":33},{"not_picked":["Deflect","Bane"],"picked":"Blur+1","floor":35},{"not_picked":["Quick Slash","Dodge and Roll"],"picked":"Reflex","floor":36},{"not_picked":["Slice","Finisher"],"picked":"Prepared","floor":38},{"not_picked":["Prepared","Bouncing Flask","Bane"],"picked":"SKIP","floor":39},{"not_picked":["Backstab","Prepared"],"picked":"Venomology","floor":41},{"not_picked":["Backstab+1","Blur","Sucker Punch"],"picked":"SKIP","floor":42},{"not_picked":["Deflect","Blade Dance"],"picked":"Backflip+1","floor":44},{"not_picked":["Slice","Blade Dance"],"picked":"Night Terror","floor":47},{"not_picked":["Dagger Throw","Outmaneuver"],"picked":"Escape Plan","floor":48},{"not_picked":["Skewer","Setup"],"picked":"Sucker Punch+1","floor":55}],"player_experience":4171595,"relics_obtained":[{"floor":9,"key":"Mummified Hand"},{"floor":10,"key":"Ice Cream"},{"floor":19,"key":"Red Mask"},{"floor":23,"key":"Ornamental Fan"},{"floor":26,"key":"Bag of Marbles"},{"floor":28,"key":"Oddly Smooth Stone"},{"floor":41,"key":"CeramicFish"},{"floor":48,"key":"Ginger"},{"floor":55,"key":"Vajra"}],"event_choices":[{"damage_healed":0,"gold_gain":50,"player_choice":"Touch","damage_taken":6,"max_hp_gain":0,"max_hp_loss":0,"event_name":"FaceTrader","floor":2,"gold_loss":0},{"damage_healed":0,"gold_gain":30,"player_choice":"Searched \u00272\u0027 times","damage_taken":0,"relics_obtained":["StrikeDummy"],"max_hp_gain":0,"max_hp_loss":0,"event_name":"Dead Adventurer","floor":12,"gold_loss":0},{"damage_healed":0,"gold_gain":30,"player_choice":"Searched \u00272\u0027 times","damage_taken":0,"relics_obtained":["StrikeDummy"],"max_hp_gain":0,"max_hp_loss":0,"event_name":"Dead Adventurer","floor":12,"gold_loss":0},{"cards_removed":["Strike_G"],"damage_healed":0,"gold_gain":0,"player_choice":"Purged","damage_taken":0,"max_hp_gain":0,"max_hp_loss":0,"event_name":"Purifier","floor":13,"gold_loss":0},{"damage_healed":0,"gold_gain":0,"player_choice":"Fought Bandits","damage_taken":0,"max_hp_gain":0,"max_hp_loss":0,"event_name":"Masked Bandits","floor":19,"gold_loss":0},{"damage_healed":0,"gold_gain":0,"player_choice":"Obtained Relic","damage_taken":0,"relics_obtained":["InkBottle"],"max_hp_gain":0,"max_hp_loss":0,"event_name":"Addict","floor":20,"gold_loss":85},{"damage_healed":0,"gold_gain":0,"player_choice":"Opened","damage_taken":0,"relics_obtained":["Peace Pipe"],"max_hp_gain":0,"max_hp_loss":0,"event_name":"The Mausoleum","floor":22,"gold_loss":0,"cards_obtained":["Writhe"]}],"is_beta":false,"boss_relics":[{"not_picked":["Ectoplasm","Cursed Key"],"picked":"Coffee Dripper"},{"not_picked":["WristBlade","Empty Cage"],"picked":"HoveringKite"}],"items_purged_floors":[11,37],"is_endless":false,"potions_floor_spawned":[5,7,14,18,23,30,36,38,47],"killed_by":"The Heart","ascension_level":20,"potion_discard_per_floor":[[],[],[],[],[],[],[],[],[],[],[],[],[],[],[],[],[],[],[],[],[],[],[],[],[],[],[],[],[],[],[],[],[],[],[],[],[],["Explosive Potion"],[],[],[],[],[],[],[],[],["SpeedPotion"],[],[],[],[],[],[],[],[],[]]}