{"neow_bonuses_skipped_log":["RANDOM_COLORLESS","THREE_SMALL_POTIONS","BOSS_RELIC"],"potions_obtained_entropic_brew":[[],[],[],[],[],[],[],[],[],[],[],[],[],[],[],[],[],[],[],[],[],[],[],[],[],[],[],[],[],[],[],[],[],[],[],[],[],[],[],[],[],[],[],[],[],[],[],[],[],[]],"neow_costs_skipped_log":["NONE","NONE","NONE"],"gold_per_floor":[359,373,17,31,31,62,62,94,94,108,122,122,149,165,165,239,239,249,260,272,33,83,83,113,128,128,155,167,182,192,223,223,298,298,318,117,137,153,169,200,200,227,227,262,262,282,316,326,326,326],"floor_reached":50,"playtime":5809,"items_purged":["Defend_G","Strike_G","Strike_G"],"score":1571,"play_id":"0e1c8409-c2d2-4fab-b857-8bd497fd55f5","local_time":"20221104222017","score_breakdown":["Floors Climbed (50): 250","Enemies Slain (19): 38","Exordium Elites Killed (3): 30","City Elites Killed (3): 60","Beyond Elites Killed (4): 120","Bosses Slain (2): 150","Money Money (1123): 25","Champion (4): 100","Overkill: 25","Ascension (20): 773"],"is_ascension_mode":true,"potions_obtained_alchemize":[[],[],[],[],[],[],[],[],[],[],[],[],[],[],[],[],[],[],[],[],[],[],[],[],[],[],[],[],[],[],[],[],[],[],[],[],[],[],[],[],[],[],[],[],[],[],[],[],[],[]],"campfire_choices":[{"data":"Dagger Spray","floor":7,"key":"SMITH"},{"data":"Prepared","floor":15,"key":"SMITH"},{"data":"Wraith Form v2","floor":23,"key":"SMITH"},{"data":"Wraith Form v2","floor":32,"key":"SMITH"},{"floor":45,"key":"RECALL"},{"data":"Strike_G","floor":49,"key":"PURGE"}],"lesson_learned_per_floor":[[],[],[],[],[],[],[],[],[],[],[],[],[],[],[],[],[],[],[],[],[],[],[],[],[],[],[],[],[],[],[],[],[],[],[],[],[],[],[],[],[],[],[],[],[],[],[],[],[],[]],"neow_cost":"TEN_PERCENT_HP_LOSS","improvable_cards":{},"seed_source_timestamp":12411503398566,"shop_contents":[{"floor":3,"relics":["WingedGreaves","OrangePellets"],"cards":["Heel Hook","Grand Finale","PiercingWail","Noxious Fumes","Forethought","Metamorphosis"],"potions":["GhostInAJar","EssenceOfSteel"]},{"floor":21,"relics":["Bottled Lightning","Bottled Tornado","HandDrill"],"cards":["Heel Hook","Masterful Stab","Blade Dance","Bullet Time","Infinite Blades","Forethought","Violence"],"potions":["FairyPotion"]},{"floor":36,"relics":["Letter Opener","Sundial","Strange Spoon"],"cards":["Finisher","Die Die Die","Deadly Poison","Accuracy","Discovery","Thinking Ahead"],"potions":["Dexterity Potion","LiquidBronze","SkillPotion"]}],"circlet_count":0,"master_deck":["AscendersBane","Strike_G+1","Defend_G","Defend_G","Defend_G","Defend_G","Survivor","Neutralize","Backstab+1","Dagger Spray+1","Blade Dance","Endless Agony","Noxious Fumes","Deadly Poison","After Image","Prepared+1","PiercingWail","Wraith Form v2+1","Blade Dance","Acrobatics","Wraith Form v2+1","Acrobatics","Reflex","Malaise","Prepared+1","Leg Sweep","Catalyst+1","Escape Plan","Dodge and Roll+1","Terror","Acrobatics","Leg Sweep+1","Catalyst"],"potion_use_per_floor":[[],[],[],[],[],["Dexterity Potion"],[],["SteroidPotion"],[],[],[],[],[],[],[],[],[],[],["Swift Potion"],["ColorlessPotion"],["Fruit Juice"],[],[],["DistilledChaos"],[],[],[],[],[],[],["AttackPotion"],[],[],[],[],[],[],[],[],[],[],["Weak Potion"],[],["CunningPotion"],[],[],[],[],[],[]],"relics":["Ring of the Snake","Vajra","Snake Skull","Singing Bowl","Omamori","Whetstone","Coffee Dripper","Centennial Puzzle","Paper Crane","Question Card","Peace Pipe","Sozu","Dream Catcher","Orichalcum","Boot","Gremlin Horn"],"potions_floor_usage":[6,8,19,20,21,24,31,42,44],"damage_taken":[{"damage":4,"enemies":"Jaw Worm","floor":1,"turns":5},{"damage":0,"enemies":"2 Louse","floor":2,"turns":2},{"damage":0,"enemies":"Cultist","floor":4,"turns":2},{"damage":21,"enemies":"Lagavulin","floor":6,"turns":7},{"damage":0,"enemies":"Gremlin Nob","floor":8,"turns":2},{"damage":1,"enemies":"Red Slaver","floor":10,"turns":2},{"damage":0,"enemies":"Blue Slaver","floor":11,"turns":3},{"damage":14,"enemies":"Lagavulin","floor":13,"turns":6},{"damage":1,"enemies":"Looter","floor":14,"turns":2},{"damage":1,"enemies":"Hexaghost","floor":16,"turns":8},{"damage":2,"enemies":"2 Thieves","floor":18,"turns":3},{"damage":2,"enemies":"3 Byrds","floor":19,"turns":4},{"damage":0,"enemies":"Snake Plant","floor":20,"turns":5},{"damage":0,"enemies":"Slavers","floor":24,"turns":5},{"damage":1,"enemies":"Centurion and Healer","floor":25,"turns":5},{"damage":5,"enemies":"Gremlin Leader","floor":27,"turns":6},{"damage":11,"enemies":"Shelled Parasite and Fungi","floor":28,"turns":5},{"damage":3,"enemies":"Snake Plant","floor":29,"turns":5},{"damage":2,"enemies":"Snecko","floor":30,"turns":6},{"damage":4,"enemies":"Slavers","floor":31,"turns":5},{"damage":5,"enemies":"Automaton","floor":33,"turns":11},{"damage":0,"enemies":"3 Darklings","floor":35,"turns":4},{"damage":1,"enemies":"3 Shapes","floor":37,"turns":5},{"damage":5,"enemies":"Writhing Mass","floor":38,"turns":7},{"damage":3,"enemies":"Jaw Worm Horde","floor":39,"turns":5},{"damage":0,"enemies":"Giant Head","floor":40,"turns":11},{"damage":18,"enemies":"Nemesis","floor":42,"turns":11},{"damage":15,"enemies":"Reptomancer","floor":44,"turns":6},{"damage":13,"enemies":"3 Darklings","floor":46,"turns":5},{"damage":0,"enemies":"Nemesis","floor":47,"turns":7},{"damage":0,"enemies":"Maw","floor":48,"turns":8},{"damage":18,"enemies":"Awakened One","floor":50,"turns":13}],"green_key_taken_log":24,"seed_played":"5286231607195278652","neow_bonus_log":{"cardsObtained":[],"cardsUpgraded":[],"cardsRemoved":[],"cardsTransformed":[],"relicsObtained":[],"maxHpGained":0,"goldGained":250,"damageTaken":0,"goldLost":0,"maxHpLost":6},"potions_obtained":[{"floor":1,"key":"Dexterity Potion"},{"floor":10,"key":"BlessingOfTheForge"},{"floor":13,"key":"Swift Potion"},{"floor":14,"key":"Fruit Juice"},{"floor":19,"key":"ColorlessPotion"},{"floor":28,"key":"Dexterity Potion"},{"floor":29,"key":"BlessingOfTheForge"},{"floor":30,"key":"Weak Potion"},{"floor":33,"key":"CunningPotion"}],"is_trial":false,"path_per_floor":["M","M","$","M","?","E","R","E","T","M","M","?","E","M","R","B",null,"M","M","M","$","?","R","E","M","T","E","M","M","M","E","R","B",null,"M","$","M","M","M","E","?","E","T","E","R","M","E","M","R","B"],"character_chosen":"THE_SILENT","items_purchased":["Vajra","Blade Dance","SteroidPotion","AttackPotion","DistilledChaos","Leg Sweep"],"campfire_rested":0,"item_purchase_floors":[3,3,3,21,21,36],"current_hp_per_floor":[55,55,55,55,55,34,34,36,36,35,35,35,21,20,20,19,51,49,49,49,54,48,48,50,49,49,46,35,32,32,30,30,25,64,64,64,65,62,59,59,59,41,41,26,26,13,13,13,13,0],"gold":326,"neow_bonus":"TWO_FIFTY_GOLD","is_prod":false,"is_daily":false,"rewards_skipped":[{"floor":37,"relics":[],"potions":["Energy Potion"]},{"floor":40,"relics":[],"potions":["CunningPotion"]},{"floor":44,"relics":[],"potions":["EssenceOfSteel"]},{"floor":46,"relics":[],"potions":["ColorlessPotion"]},{"floor":48,"relics":[],"potions":["FearPotion"]}],"chose_seed":false,"campfire_upgraded":4,"win_rate":0,"floor_exit_playtime":[207,226,405,428,431,653,660,779,782,806,870,894,1021,1057,1063,1183,1259,1330,1485,1574,1654,1669,1674,1849,1918,1943,2056,2146,2266,2391,2545,2555,2886,3103,3193,3328,3454,3618,3750,3942,4015,4301,4307,4506,4533,4689,4847,5076,5100],"timestamp":1667614817,"blue_key_relic_skipped_log":{"floor":43,"relicID":"Eternal Feather"},"path_taken":["M","M","$","M","?","E","R","E","T","M","M","?","E","M","R","BOSS","M","M","M","$","?","R","E","M","T","E","M","?","M","E","R","BOSS","M","$","M","M","M","E","?","E","T","E","R","?","E","M","R","BOSS"],"build_version":"2022-10-04","purchased_purges":3,"victory":false,"max_hp_per_floor":[60,60,60,60,60,60,60,62,62,62,62,62,62,62,62,62,62,62,64,64,69,69,69,71,71,71,73,73,73,75,77,77,77,77,77,77,79,81,81,81,81,81,81,81,81,81,81,81,81,81],"relic_stats":{"Singing Bowl":16,"Gremlin Horn":[3,3],"counters":[32,181],"Snake Skull":[222],"Omamori":0,"Whetstone":["Backstab","Strike_G"],"Orichalcum":[24],"Question Card":15,"Boot":[62],"Peace Pipe":1,"Sozu":5,"Centennial Puzzle":[43],"Dream Catcher":0,"obtain_stats":[{"Singing Bowl":8,"Gremlin Horn":47,"Vajra":3,"Snake Skull":6,"Omamori":9,"Whetstone":13,"Paper Crane":26,"Orichalcum":42,"Question Card":27,"Boot":44,"Peace Pipe":31,"Sozu":34,"Centennial Puzzle":24,"Dream Catcher":40,"Coffee Dripper":17,"Ring of the Snake":0},{"Singing Bowl":5,"Gremlin Horn":30,"Vajra":2,"Snake Skull":4,"Omamori":5,"Whetstone":8,"Paper Crane":15,"Orichalcum":27,"Question Card":16,"Boot":28,"Peace Pipe":20,"Sozu":21,"Centennial Puzzle":14,"Dream Catcher":26,"Coffee Dripper":10,"Ring of the Snake":0},{"Singing Bowl":18,"Gremlin Horn":160,"Vajra":7,"Snake Skull":16,"Omamori":18,"Whetstone":29,"Paper Crane":61,"Orichalcum":142,"Question Card":67,"Boot":148,"Peace Pipe":88,"Sozu":99,"Centennial Puzzle":56,"Dream Catcher":131,"Coffee Dripper":39,"Ring of the Snake":0}],"Ring of the Snake":[66]},"card_choices":[{"not_picked":["Well Laid Plans","Accuracy"],"picked":"Backstab","floor":1},{"not_picked":["Cloak And Dagger","Backflip"],"picked":"Dagger Spray","floor":2},{"not_picked":["Cloak And Dagger","Prepared"],"picked":"Endless Agony","floor":4},{"not_picked":["Flying Knee","Distraction","Cloak And Dagger"],"picked":"SKIP","floor":6},{"not_picked":["Dodge and Roll","Quick Slash","Cloak And Dagger"],"picked":"Singing Bowl","floor":8},{"not_picked":["Cloak And Dagger","Acrobatics"],"picked":"Noxious Fumes","floor":10},{"not_picked":["Noxious Fumes","All Out Attack"],"picked":"Deadly Poison","floor":11},{"not_picked":["Outmaneuver","Phantasmal Killer"],"picked":"Prepared","floor":13},{"not_picked":["Noxious Fumes","Dagger Throw"],"picked":"PiercingWail","floor":14},{"not_picked":["Corpse Explosion","After Image"],"picked":"Wraith Form v2","floor":16},{"not_picked":["Prepared","Caltrops"],"picked":"Blade Dance","floor":18},{"not_picked":["Caltrops","Dagger Spray","Deadly Poison"],"picked":"Singing Bowl","floor":19},{"not_picked":["Deadly Poison","Prepared"],"picked":"Acrobatics","floor":20},{"not_picked":["Outmaneuver","Flechettes","Flying Knee"],"picked":"Singing Bowl","floor":24},{"not_picked":["Deadly Poison","Riddle With Holes"],"picked":"Wraith Form v2","floor":25},{"not_picked":["Setup","Finisher","Masterful Stab"],"picked":"Singing Bowl","floor":27},{"not_picked":["Expertise+1","Quick Slash","All Out Attack"],"picked":"Acrobatics","floor":28},{"not_picked":["Backflip","Bouncing Flask","Dagger Throw"],"picked":"Reflex","floor":29},{"not_picked":["Riddle With Holes","Heel Hook","Cloak And Dagger","Dagger Throw+1"],"picked":"Singing Bowl","floor":30},{"not_picked":["Deflect","Dagger Throw","Dodge and Roll","Choke"],"picked":"Singing Bowl","floor":31},{"not_picked":["Wraith Form v2","Venomology","Doppelganger"],"picked":"Malaise","floor":33},{"not_picked":["Flying Knee","Poisoned Stab+1","Crippling Poison"],"picked":"Prepared+1","floor":35},{"not_picked":["Setup+1","Poisoned Stab","Storm of Steel","Sucker Punch+1"],"picked":"Singing Bowl","floor":37},{"not_picked":["Accuracy","Deadly Poison","Distraction","Dagger Spray+1"],"picked":"Singing Bowl","floor":38},{"not_picked":["Backflip","Escape Plan","Infinite Blades"],"picked":"Catalyst","floor":39},{"not_picked":["Sucker Punch","Bane","Accuracy"],"picked":"Escape Plan","floor":40},{"not_picked":["Sucker Punch+1","Underhanded Strike","Flying Knee+1"],"picked":"Dodge and Roll+1","floor":42},{"not_picked":["Noxious Fumes","Distraction","Reflex"],"picked":"Terror","floor":44},{"not_picked":["Die Die Die","Flying Knee+1","Poisoned Stab"],"picked":"Acrobatics","floor":46},{"not_picked":["Bane+1","Noxious Fumes+1","Dash+1"],"picked":"Leg Sweep+1","floor":47},{"not_picked":["Slice","Backstab","Heel Hook"],"picked":"Catalyst","floor":48}],"player_experience":4357222,"relics_obtained":[{"floor":6,"key":"Snake Skull"},{"floor":8,"key":"Singing Bowl"},{"floor":9,"key":"Omamori"},{"floor":13,"key":"Whetstone"},{"floor":24,"key":"Centennial Puzzle"},{"floor":26,"key":"Paper Crane"},{"floor":27,"key":"Question Card"},{"floor":31,"key":"Peace Pipe"},{"floor":40,"key":"Dream Catcher"},{"floor":42,"key":"Orichalcum"},{"floor":44,"key":"Boot"},{"floor":47,"key":"Gremlin Horn"}],"event_choices":[{"damage_healed":0,"gold_gain":0,"player_choice":"Ignored","damage_taken":0,"max_hp_gain":0,"max_hp_loss":0,"event_name":"Liars Game","floor":5,"gold_loss":0},{"damage_healed":0,"gold_gain":0,"cards_transformed":["Strike_G"],"player_choice":"Change","damage_taken":0,"max_hp_gain":0,"max_hp_loss":0,"event_name":"Living Wall","floor":12,"gold_loss":0,"cards_obtained":["After Image"]},{"damage_healed":0,"gold_gain":50,"player_choice":"Touch","damage_taken":6,"max_hp_gain":0,"max_hp_loss":0,"event_name":"FaceTrader","floor":22,"gold_loss":0},{"damage_healed":0,"gold_gain":0,"player_choice":"Forge","damage_taken":0,"max_hp_gain":0,"max_hp_loss":0,"event_name":"Accursed Blacksmith","floor":41,"gold_loss":0,"cards_upgraded":["Catalyst"]}],"is_beta":false,"boss_relics":[{"not_picked":["Astrolabe","Runic Dome"],"picked":"Coffee Dripper"},{"not_picked":["Busted Crown","SacredBark"],"picked":"Sozu"}],"items_purged_floors":[3,21,36],"is_endless":false,"potions_floor_spawned":[1,10,13,14,19,28,29,30,33,37,40,44,46,48],"killed_by":"Awakened One","ascension_level":20,"potion_discard_per_floor":[[],[],[],[],[],[],[],[],[],[],[],[],[],["BlessingOfTheForge"],[],[],[],[],[],[],[],[],[],[],[],[],[],[],["Dexterity Potion"],["BlessingOfTheForge"],[],[],[],[],[],[],[],[],[],[],[],[],[],[],[],[],[],[],[],[]]}