{"neow_bonuses_skipped_log":["REMOVE_CARD","THREE_SMALL_POTIONS","BOSS_RELIC"],"potions_obtained_entropic_brew":[[],[],[],[],[],[],[],[],[],[],[],[],[],[],[],[]],"neow_costs_skipped_log":["NONE","NONE","NONE"],"gold_per_floor":[19,35,35,45,61,61,88,88,88,88,100,100,130,55,55,55],"floor_reached":16,"playtime":1151,"items_purged":["Strike_G"],"score":220,"play_id":"eb5aee75-b5d8-4146-96a7-2841a3bd14a7","local_time":"20221031172334","score_breakdown":["Floors Climbed (16): 80","Enemies Slain (5): 10","Exordium Elites Killed (2): 20","Bosses Slain (0): 0","Ascension (20): 110"],"is_ascension_mode":true,"potions_obtained_alchemize":[[],[],[],[],[],[],[],[],[],[],[],[],[],[],[],[]],"campfire_choices":[{"data":"Masterful Stab","floor":6,"key":"SMITH"},{"data":"Unload","floor":10,"key":"SMITH"},{"floor":15,"key":"REST"}],"lesson_learned_per_floor":[[],[],[],[],[],[],[],[],[],[],[],[],[],[],[],[]],"neow_cost":"NO_GOLD","improvable_cards":{},"seed_source_timestamp":1067249376172,"shop_contents":[{"floor":14,"relics":["Pocketwatch","Eternal Feather","OrangePellets"],"cards":["Dagger Spray","Poisoned Stab","Blade Dance","PiercingWail","Accuracy","Flash of Steel","Sadistic Nature"],"potions":["Explosive Potion","Swift Potion","SkillPotion"]}],"circlet_count":0,"master_deck":["AscendersBane","Strike_G","Strike_G","Strike_G","Defend_G","Defend_G","Defend_G","Defend_G","Survivor","Neutralize","Dagger Throw","Backstab","Masterful Stab+1","Poisoned Stab","Unload+1","Acrobatics","Underhanded Strike"],"potion_use_per_floor":[[],[],[],[],[],[],["Regen Potion"],[],[],[],[],[],["Poison Potion"],[],[],["SneckoOil","SkillPotion"]],"relics":["Ring of the Snake","Bird Faced Urn","Omamori","Blood Vial","Singing Bowl"],"potions_floor_usage":[7,13,16,16],"damage_taken":[{"damage":2,"enemies":"2 Louse","floor":1,"turns":3},{"damage":2,"enemies":"Jaw Worm","floor":2,"turns":5},{"damage":0,"enemies":"Small Slimes","floor":4,"turns":2},{"damage":4,"enemies":"Blue Slaver","floor":5,"turns":4},{"damage":25,"enemies":"3 Sentries","floor":7,"turns":11},{"damage":0,"enemies":"Gremlin Gang","floor":11,"turns":5},{"damage":32,"enemies":"Lagavulin","floor":13,"turns":6},{"damage":56,"enemies":"Slime Boss","floor":16,"turns":6}],"green_key_taken_log":13,"seed_played":"-2049219076926290755","neow_bonus_log":{"cardsObtained":[],"cardsUpgraded":[],"cardsRemoved":[],"cardsTransformed":[],"relicsObtained":["Bird Faced Urn"],"maxHpGained":0,"goldGained":0,"damageTaken":0,"goldLost":99,"maxHpLost":0},"potions_obtained":[{"floor":1,"key":"Poison Potion"},{"floor":5,"key":"Regen Potion"},{"floor":7,"key":"SneckoOil"},{"floor":13,"key":"SkillPotion"}],"is_trial":false,"path_per_floor":["M","M","?","M","M","R","E","?","T","R","M","?","E","$","R","B"],"character_chosen":"THE_SILENT","items_purchased":[],"campfire_rested":1,"item_purchase_floors":[],"current_hp_per_floor":[57,55,55,55,51,51,41,34,34,34,36,58,28,28,47,0],"gold":55,"neow_bonus":"ONE_RARE_RELIC","is_prod":false,"is_daily":false,"rewards_skipped":[],"chose_seed":false,"campfire_upgraded":2,"win_rate":0,"floor_exit_playtime":[103,137,151,176,259,271,419,426,429,441,522,550,855,913,917],"timestamp":1667251414,"path_taken":["M","M","?","M","M","R","E","?","T","R","M","?","E","?","R","BOSS"],"build_version":"2022-10-04","purchased_purges":1,"victory":false,"max_hp_per_floor":[66,66,66,66,66,66,66,66,66,66,66,66,66,66,66,66],"relic_stats":{"Blood Vial":6,"Singing Bowl":0,"counters":[8,42],"Bird Faced Urn":[0],"Omamori":0,"obtain_stats":[{"Blood Vial":9,"Singing Bowl":13,"Bird Faced Urn":0,"Omamori":7,"Ring of the Snake":0},{"Blood Vial":5,"Singing Bowl":7,"Bird Faced Urn":0,"Omamori":5,"Ring of the Snake":0},{"Blood Vial":25,"Singing Bowl":36,"Bird Faced Urn":0,"Omamori":25,"Ring of the Snake":0}],"Ring of the Snake":[16]},"card_choices":[{"not_picked":["Accuracy","Quick Slash"],"picked":"Dagger Throw","floor":1},{"not_picked":["Flying Knee","Crippling Poison"],"picked":"Backstab","floor":2},{"not_picked":["Underhanded Strike","PiercingWail"],"picked":"Poisoned Stab","floor":4},{"not_picked":["Dodge and Roll","Endless Agony","PiercingWail"],"picked":"SKIP","floor":5},{"not_picked":["Escape Plan","Dodge and Roll"],"picked":"Unload","floor":7},{"not_picked":["Poisoned Stab","Backstab"],"picked":"Acrobatics","floor":11},{"not_picked":["Bane","Crippling Poison"],"picked":"Underhanded Strike","floor":13}],"player_experience":4316516,"relics_obtained":[{"floor":7,"key":"Omamori"},{"floor":9,"key":"Blood Vial"},{"floor":13,"key":"Singing Bowl"}],"event_choices":[{"damage_healed":0,"gold_gain":0,"cards_transformed":["Defend_G"],"player_choice":"Change","damage_taken":0,"max_hp_gain":0,"max_hp_loss":0,"event_name":"Living Wall","floor":3,"gold_loss":0,"cards_obtained":["Masterful Stab"]},{"cards_removed":["Strike_G"],"damage_healed":0,"gold_gain":0,"player_choice":"Card Removal","damage_taken":7,"max_hp_gain":0,"max_hp_loss":0,"event_name":"Golden Wing","floor":8,"gold_loss":0},{"damage_healed":22,"gold_gain":0,"player_choice":"Banana","damage_taken":0,"max_hp_gain":0,"max_hp_loss":0,"event_name":"Big Fish","floor":12,"gold_loss":0}],"is_beta":false,"boss_relics":[],"items_purged_floors":[14],"is_endless":false,"potions_floor_spawned":[1,5,7,13],"killed_by":"Slime Boss","ascension_level":20,"potion_discard_per_floor":[[],[],[],[],[],[],[],[],[],[],[],[],[],[],[],[]]}