{"neow_bonuses_skipped_log":["REMOVE_CARD","HUNDRED_GOLD","BOSS_RELIC"],"potions_obtained_entropic_brew":[[],[],[],[],[],[],[],[],[],[],[],[],[],[],[],[],[],[],[],[],[],[],[],[],[],[],[]],"neow_costs_skipped_log":["NONE","NONE","NONE"],"gold_per_floor":[368,368,30,30,75,115,155,155,155,215,215,229,229,229,229,318,318,357,370,50,50,75,75,75,115,115,115],"floor_reached":27,"playtime":2804,"items_purged":["Shame"],"score":518,"play_id":"6b05faea-4641-4acd-a75b-5597345cdea6","local_time":"20221103201431","score_breakdown":["Floors Climbed (27): 135","Enemies Slain (7): 14","Exordium Elites Killed (2): 20","City Elites Killed (2): 40","Bosses Slain (1): 50","Ascension (20): 259"],"is_ascension_mode":true,"potions_obtained_alchemize":[[],[],[],[],[],[],[],[],[],[],[],[],[],[],[],[],[],[],[],[],[],[],[],[],[],[],[]],"campfire_choices":[{"floor":8,"key":"REST"},{"data":"HandOfGreed","floor":11,"key":"SMITH"},{"data":"Crippling Poison","floor":13,"key":"SMITH"},{"data":"Envenom","floor":15,"key":"SMITH"},{"floor":24,"key":"REST"}],"lesson_learned_per_floor":[[],[],[],[],[],[],[],[],[],[],[],[],[],[],[],[],[],[],[],[],[],[],[],[],[],[],[]],"neow_cost":"CURSE","improvable_cards":{},"seed_source_timestamp":5208986766206,"shop_contents":[{"floor":3,"relics":["Turnip","Juzu Bracelet","PrismaticShard"],"cards":["Riddle With Holes","Finisher","Cloak And Dagger","Caltrops","Panacea"],"potions":["FearPotion","Fire Potion","AttackPotion"]},{"floor":20,"relics":["Dream Catcher"],"cards":["Dash","Predator","Deflect","PiercingWail","Infinite Blades","Madness","Transmutation"],"potions":["LiquidMemories","PowerPotion","Poison Potion"]}],"circlet_count":0,"master_deck":["AscendersBane","Strike_G","Strike_G","Strike_G","Strike_G","Strike_G","Defend_G","Defend_G","Defend_G","Defend_G","Survivor","Neutralize","Skewer","HandOfGreed+1","Blade Dance","Crippling Poison+1","Envenom+1","Phantasmal Killer","PiercingWail","PiercingWail","Blade Dance","Outmaneuver+1","Predator","Slice","Backflip","Leg Sweep"],"potion_use_per_floor":[[],[],[],[],[],["Poison Potion"],[],[],[],["Fire Potion"],[],[],[],[],[],["Block Potion"],[],[],["AttackPotion"],[],[],[],["SmokeBomb"],[],[],[],[]],"relics":["Ring of the Snake","Golden Idol","Singing Bowl","Meat on the Bone","StrikeDummy","SlaversCollar","Orrery","Orichalcum","White Beast Statue","Question Card"],"potions_floor_usage":[6,10,16,19,23],"damage_taken":[{"damage":0,"enemies":"2 Louse","floor":1,"turns":4},{"damage":7,"enemies":"Jaw Worm","floor":5,"turns":5},{"damage":34,"enemies":"Lagavulin","floor":6,"turns":6},{"damage":0,"enemies":"Cultist","floor":7,"turns":3},{"damage":19,"enemies":"3 Sentries","floor":10,"turns":9},{"damage":3,"enemies":"Looter","floor":12,"turns":3},{"damage":29,"enemies":"Hexaghost","floor":16,"turns":9},{"damage":0,"enemies":"3 Byrds","floor":18,"turns":4},{"damage":18,"enemies":"Spheric Guardian","floor":19,"turns":5},{"damage":20,"enemies":"Centurion and Healer","floor":22,"turns":7},{"damage":14,"enemies":"Book of Stabbing","floor":23,"turns":4},{"damage":35,"enemies":"Slavers","floor":25,"turns":5},{"damage":32,"enemies":"Shelled Parasite and Fungi","floor":27,"turns":4}],"green_key_taken_log":6,"seed_played":"472220458536291690","neow_bonus_log":{"cardsObtained":["Shame"],"cardsUpgraded":[],"cardsRemoved":[],"cardsTransformed":[],"relicsObtained":[],"maxHpGained":0,"goldGained":250,"damageTaken":0,"goldLost":0,"maxHpLost":0},"potions_obtained":[{"floor":1,"key":"Fire Potion"},{"floor":5,"key":"Poison Potion"},{"floor":6,"key":"Block Potion"},{"floor":16,"key":"AttackPotion"},{"floor":19,"key":"SmokeBomb"}],"is_trial":false,"path_per_floor":["M","?","$","?","M","E","M","R","T","E","R","M","R","?","R","B",null,"M","M","$","?","M","E","R","E","T","M"],"character_chosen":"THE_SILENT","items_purchased":["HandOfGreed","Blade Dance","Orrery","Orichalcum"],"campfire_rested":2,"item_purchase_floors":[3,3,20,20],"current_hp_per_floor":[59,48,48,48,41,9,11,30,30,25,25,34,34,34,34,17,54,54,36,40,40,32,30,51,28,28,0],"gold":115,"neow_bonus":"TWO_FIFTY_GOLD","is_prod":false,"is_daily":false,"rewards_skipped":[{"floor":7,"relics":[],"potions":["Weak Potion"]}],"chose_seed":false,"campfire_upgraded":3,"win_rate":0,"floor_exit_playtime":[306,379,522,534,587,753,882,885,889,1187,1203,1279,1285,1290,1296,1482,1607,1692,1832,2046,2071,2250,2368,2376,2654,2659],"timestamp":1667520871,"path_taken":["M","?","$","?","M","E","M","R","T","E","R","M","R","?","R","BOSS","M","M","$","?","M","E","R","E","T","?"],"build_version":"2022-10-04","purchased_purges":1,"victory":false,"max_hp_per_floor":[66,66,66,60,60,62,64,64,64,66,66,66,66,66,66,66,66,66,66,70,70,70,70,70,70,70,70],"relic_stats":{"Singing Bowl":10,"counters":[13,68],"Golden Idol":71,"Orichalcum":[96],"Question Card":0,"obtain_stats":[{"SlaversCollar":17,"Singing Bowl":6,"Golden Idol":4,"Orrery":20,"Orichalcum":20,"StrikeDummy":10,"Question Card":26,"White Beast Statue":25,"Ring of the Snake":0,"Meat on the Bone":9},{"SlaversCollar":7,"Singing Bowl":3,"Golden Idol":1,"Orrery":9,"Orichalcum":9,"StrikeDummy":5,"Question Card":12,"White Beast Statue":12,"Ring of the Snake":0,"Meat on the Bone":4},{"SlaversCollar":39,"Singing Bowl":15,"Golden Idol":4,"Orrery":48,"Orichalcum":48,"StrikeDummy":27,"Question Card":64,"White Beast Statue":64,"Ring of the Snake":0,"Meat on the Bone":18}],"White Beast Statue":[0.0,0.0,0.0,0.0,0.0,1.0,0.0,0.0,0.0,0.0,0.0,0.0],"Ring of the Snake":[26],"Meat on the Bone":72},"card_choices":[{"not_picked":["Blur","Deadly Poison"],"picked":"Skewer","floor":1},{"not_picked":["Finisher","Distraction"],"picked":"Crippling Poison","floor":5},{"not_picked":["Setup","Dagger Throw","Finisher"],"picked":"Singing Bowl","floor":6},{"not_picked":["All Out Attack","Bane","Acrobatics"],"picked":"Singing Bowl","floor":7},{"not_picked":["Distraction","Sucker Punch","Choke"],"picked":"Singing Bowl","floor":10},{"not_picked":["Blade Dance","Caltrops"],"picked":"Envenom","floor":12},{"not_picked":["Die Die Die","Tools of the Trade"],"picked":"Phantasmal Killer","floor":16},{"not_picked":["Skewer","Infinite Blades"],"picked":"PiercingWail","floor":18},{"not_picked":["Dodge and Roll","Deadly Poison"],"picked":"PiercingWail","floor":19},{"not_picked":["Deflect","Reflex"],"picked":"Blade Dance","floor":20},{"not_picked":["Slice+1","Quick Slash","Skewer"],"picked":"Singing Bowl","floor":20},{"not_picked":["Flechettes","Reflex"],"picked":"Outmaneuver+1","floor":20},{"not_picked":["Quick Slash","Phantasmal Killer","Underhanded Strike"],"picked":"Singing Bowl","floor":20},{"not_picked":["Dagger Spray","Reflex"],"picked":"Predator","floor":20},{"not_picked":["Dodge and Roll","Underhanded Strike"],"picked":"Backflip","floor":22},{"not_picked":["Dodge and Roll","Dagger Throw"],"picked":"Leg Sweep","floor":25}],"player_experience":4344124,"relics_obtained":[{"floor":6,"key":"Singing Bowl"},{"floor":9,"key":"Meat on the Bone"},{"floor":10,"key":"StrikeDummy"},{"floor":25,"key":"White Beast Statue"},{"floor":26,"key":"Question Card"}],"event_choices":[{"damage_healed":0,"gold_gain":0,"player_choice":"Fled","damage_taken":11,"max_hp_gain":0,"max_hp_loss":0,"event_name":"Scrap Ooze","floor":2,"gold_loss":0},{"damage_healed":0,"gold_gain":0,"player_choice":"Lose Max HP","damage_taken":0,"relics_obtained":["Golden Idol"],"max_hp_gain":0,"max_hp_loss":6,"event_name":"Golden Idol","floor":4,"gold_loss":0},{"damage_healed":0,"gold_gain":0,"player_choice":"Ignored","damage_taken":0,"max_hp_gain":0,"max_hp_loss":0,"event_name":"Liars Game","floor":14,"gold_loss":0},{"damage_healed":0,"gold_gain":0,"cards_transformed":["Defend_G"],"player_choice":"Transformed","damage_taken":0,"max_hp_gain":0,"max_hp_loss":0,"event_name":"Transmorgrifier","floor":21,"gold_loss":0,"cards_obtained":["Slice"]}],"is_beta":false,"boss_relics":[{"not_picked":["Black Star","Tiny House"],"picked":"SlaversCollar"}],"items_purged_floors":[3],"is_endless":false,"potions_floor_spawned":[1,5,6,7,16,19,23],"killed_by":"Shelled Parasite and Fungi","ascension_level":20,"potion_discard_per_floor":[[],[],[],[],[],[],[],[],[],[],[],[],[],[],[],[],[],[],[],[],[],[],[],[],[],[],[]]}