{"neow_bonuses_skipped_log":["UPGRADE_CARD","TEN_PERCENT_HP_BONUS","TRANSFORM_TWO_CARDS"],"potions_obtained_entropic_brew":[[],[],[],[],[],[],[],[],[],[],[],[],[],[]],"neow_costs_skipped_log":["NONE","NONE","CURSE"],"gold_per_floor":[99,99,99,24,24,24,24,24,24,24,24,24,24,24],"floor_reached":14,"playtime":938,"items_purged":["Regret"],"score":220,"play_id":"c52291bd-a73e-451d-8327-eb41e54cf192","local_time":"20221107181959","score_breakdown":["Floors Climbed (14): 70","Enemies Slain (5): 10","Exordium Elites Killed (3): 30","Bosses Slain (0): 0","Ascension (20): 110"],"is_ascension_mode":true,"potions_obtained_alchemize":[[],[],[],[],[],[],[],[],[],[],[],[],[],[]],"campfire_choices":[{"data":"Quick Slash","floor":7,"key":"SMITH"}],"lesson_learned_per_floor":[[],[],[],[],[],[],[],[],[],[],[],[],[],[]],"neow_cost":"NONE","improvable_cards":{},"seed_source_timestamp":6528317161445,"shop_contents":[{"floor":4,"relics":["Shuriken","Lizard Tail","Membership Card"],"cards":["Bane","Skewer","Calculated Gamble","Blade Dance","Accuracy","Finesse","Thinking Ahead"],"potions":["PowerPotion","Weak Potion","GamblersBrew"]}],"circlet_count":0,"master_deck":["AscendersBane","Strike_G","Strike_G","Strike_G","Strike_G","Strike_G","Defend_G","Defend_G","Defend_G","Defend_G","Defend_G","Survivor","Neutralize","Quick Slash+1","Poisoned Stab","Terror","PiercingWail","Acrobatics","Underhanded Strike","Backflip","Die Die Die"],"potion_use_per_floor":[[],[],[],[],[],[],[],[],[],[],[],[],["Swift Potion","Poison Potion","SneckoOil"],[]],"relics":["Ectoplasm","Nunchaku","Bottled Flame","Potion Belt","Ancient Tea Set","Darkstone Periapt"],"potions_floor_usage":[13,13,13],"damage_taken":[{"damage":2,"enemies":"Cultist","floor":1,"turns":5},{"damage":0,"enemies":"2 Louse","floor":2,"turns":5},{"damage":1,"enemies":"Small Slimes","floor":5,"turns":3},{"damage":36,"enemies":"Gremlin Nob","floor":6,"turns":4},{"damage":6,"enemies":"Lagavulin","floor":8,"turns":5},{"damage":0,"enemies":"Exordium Wildlife","floor":10,"turns":4},{"damage":0,"enemies":"3 Louse","floor":11,"turns":3},{"damage":6,"enemies":"Gremlin Nob","floor":13,"turns":3},{"damage":12,"enemies":"Exordium Thugs","floor":14,"turns":3}],"green_key_taken_log":6,"seed_played":"6386672919578243485","neow_bonus_log":{"cardsObtained":[],"cardsUpgraded":[],"cardsRemoved":[],"cardsTransformed":[],"relicsObtained":["Ectoplasm"],"maxHpGained":0,"goldGained":0,"damageTaken":0,"goldLost":0,"maxHpLost":0},"potions_obtained":[{"floor":2,"key":"SmokeBomb"},{"floor":6,"key":"Swift Potion"},{"floor":8,"key":"Poison Potion"},{"floor":12,"key":"LiquidBronze"},{"floor":12,"key":"SneckoOil"},{"floor":13,"key":"FearPotion"}],"is_trial":false,"path_per_floor":["M","M","?","$","M","E","R","E","T","M","M","?","E","M"],"character_chosen":"THE_SILENT","items_purchased":[],"campfire_rested":0,"item_purchase_floors":[],"current_hp_per_floor":[57,57,57,57,56,20,20,14,14,14,14,14,8,0],"gold":24,"neow_bonus":"BOSS_RELIC","is_prod":false,"is_daily":false,"rewards_skipped":[],"chose_seed":false,"campfire_upgraded":1,"win_rate":0,"floor_exit_playtime":[257,317,344,358,388,492,499,585,587,658,698,703,821],"timestamp":1667863199,"path_taken":["M","M","?","$","M","E","R","E","T","M","M","?","E","M"],"build_version":"2022-10-04","purchased_purges":1,"victory":false,"max_hp_per_floor":[66,66,66,66,66,66,66,66,66,66,66,66,66,66],"relic_stats":{"Darkstone Periapt":0,"Nunchaku":[6],"Bottled Flame":"Quick Slash","counters":[9,35],"Ectoplasm":165,"Ancient Tea Set":[0],"obtain_stats":[{"Potion Belt":8,"Darkstone Periapt":13,"Nunchaku":3,"Bottled Flame":6,"Ectoplasm":0,"Ancient Tea Set":9,"Ring of the Snake":0},{"Potion Belt":5,"Darkstone Periapt":8,"Nunchaku":2,"Bottled Flame":4,"Ectoplasm":0,"Ancient Tea Set":5,"Ring of the Snake":0},{"Potion Belt":22,"Darkstone Periapt":32,"Nunchaku":10,"Bottled Flame":17,"Ectoplasm":0,"Ancient Tea Set":22,"Ring of the Snake":0}]},"card_choices":[{"not_picked":["Dodge and Roll","Finisher"],"picked":"Quick Slash","floor":1},{"not_picked":["Slice","Bane"],"picked":"Poisoned Stab","floor":2},{"not_picked":["Prepared","Dash"],"picked":"Terror","floor":5},{"not_picked":["Poisoned Stab","Slice"],"picked":"PiercingWail","floor":6},{"not_picked":["Finisher","Blade Dance"],"picked":"Acrobatics","floor":8},{"not_picked":["Catalyst","Quick Slash"],"picked":"Underhanded Strike","floor":10},{"not_picked":["Skewer","PiercingWail"],"picked":"Backflip","floor":11},{"not_picked":["Backflip","Masterful Stab"],"picked":"Die Die Die","floor":13}],"player_experience":4375582,"relics_obtained":[{"floor":6,"key":"Bottled Flame"},{"floor":8,"key":"Potion Belt"},{"floor":9,"key":"Ancient Tea Set"},{"floor":13,"key":"Darkstone Periapt"}],"event_choices":[{"damage_healed":0,"gold_gain":0,"player_choice":"Box","damage_taken":0,"relics_obtained":["Nunchaku"],"max_hp_gain":0,"max_hp_loss":0,"event_name":"Big Fish","floor":3,"gold_loss":0,"cards_obtained":["Regret"]},{"damage_healed":0,"gold_gain":0,"player_choice":"Got Potions","damage_taken":0,"max_hp_gain":0,"max_hp_loss":0,"event_name":"Lab","floor":12,"gold_loss":0}],"is_beta":false,"boss_relics":[],"items_purged_floors":[4],"is_endless":false,"potions_floor_spawned":[2,6,8,13],"killed_by":"Exordium Thugs","ascension_level":20,"potion_discard_per_floor":[[],[],[],[],[],[],[],[],[],[],[],["SmokeBomb"],[],[]]}