{"neow_bonuses_skipped_log":["THREE_CARDS","THREE_SMALL_POTIONS","BOSS_RELIC"],"neow_costs_skipped_log":["NONE","NONE","NONE"],"potions_obtained_entropic_brew":[[],[],[],[],[],[],[],[],[],[],[],[],[],[],[],[],[],[],[],[],[],[],[]],"gold_per_floor":[111,128,143,68,143,143,418,428,428,448,44,55,55,65,65,140,140,151,51,65,79,94,94],"floor_reached":23,"playtime":3716,"items_purged":["Regret","Deadly Poison"],"score":374,"play_id":"66cab4e8-7876-48e2-b964-96ab080ad66e","local_time":"20221030180341","score_breakdown":["Floors Climbed (23): 115","Enemies Slain (11): 22","Exordium Elites Killed (0): 0","City Elites Killed (0): 0","Bosses Slain (1): 50","Ascension (20): 187"],"is_ascension_mode":true,"potions_obtained_alchemize":[[],[],[],[],[],[],[],[],[],[],[],[],[],[],[],[],[],[],[],[],[],[],[]],"campfire_choices":[{"data":"All Out Attack","floor":6,"key":"SMITH"},{"data":"Dagger Spray","floor":13,"key":"SMITH"},{"data":"Crippling Poison","floor":15,"key":"SMITH"}],"lesson_learned_per_floor":[[],[],[],[],[],[],[],[],[],[],[],[],[],[],[],[],[],[],[],[],[],[],[]],"neow_cost":"TEN_PERCENT_HP_LOSS","improvable_cards":{},"seed_source_timestamp":16086362731508,"shop_contents":[{"floor":11,"relics":["MealTicket","ClockworkSouvenir"],"cards":["Bane","Choke","Outmaneuver","Caltrops","Trip","Chrysalis"],"potions":["Fruit Juice","DuplicationPotion","Poison Potion"]},{"floor":19,"relics":["Lantern","Happy Flower","Toolbox"],"cards":["Glass Knife","Sucker Punch","Blur","Crippling Poison","Accuracy","Purity","Master of Strategy"],"potions":["Explosive Potion","FairyPotion","DuplicationPotion"]}],"circlet_count":0,"master_deck":["AscendersBane","Strike_G","Strike_G","Strike_G","Strike_G","Defend_G","Defend_G","Defend_G","Survivor","Neutralize","All Out Attack+1","Acrobatics","Dagger Spray+1","Blade Dance","Blade Dance","Crippling Poison+1","PiercingWail","Phantasmal Killer","Slice","Dash","Deflect+1","Terror"],"potion_use_per_floor":[[],[],[],[],[],[],[],[],[],["EssenceOfSteel"],[],[],[],[],[],[],[],[],[],[],["Ancient Potion"],["Poison Potion","SteroidPotion"],[]],"relics":["Ring of the Snake","Pantograph","Shuriken","Philosopher\u0027s Stone"],"potions_floor_usage":[10,21,22,22],"damage_taken":[{"damage":4,"enemies":"Small Slimes","floor":1,"turns":4},{"damage":0,"enemies":"2 Louse","floor":2,"turns":2},{"damage":0,"enemies":"Cultist","floor":3,"turns":3},{"damage":10,"enemies":"Red Slaver","floor":8,"turns":3},{"damage":2,"enemies":"3 Louse","floor":10,"turns":3},{"damage":0,"enemies":"Exordium Wildlife","floor":12,"turns":3},{"damage":3,"enemies":"Looter","floor":14,"turns":2},{"damage":33,"enemies":"Hexaghost","floor":16,"turns":9},{"damage":0,"enemies":"Spheric Guardian","floor":18,"turns":2},{"damage":14,"enemies":"2 Thieves","floor":20,"turns":3},{"damage":21,"enemies":"Shelled Parasite and Fungi","floor":21,"turns":4},{"damage":14,"enemies":"Snecko","floor":22,"turns":4},{"damage":7,"enemies":"Slavers","floor":23,"turns":1}],"seed_played":"-1943976237875060354","neow_bonus_log":{"cardsObtained":[],"cardsUpgraded":[],"cardsRemoved":["Strike_G","Defend_G"],"cardsTransformed":[],"relicsObtained":[],"maxHpGained":0,"goldGained":0,"damageTaken":0,"goldLost":0,"maxHpLost":6},"potions_obtained":[{"floor":1,"key":"SteroidPotion"},{"floor":3,"key":"EssenceOfSteel"},{"floor":14,"key":"SmokeBomb"},{"floor":18,"key":"Ancient Potion"},{"floor":21,"key":"Poison Potion"}],"is_trial":false,"path_per_floor":["M","M","M","?","?","R","?","M","T","M","$","M","R","M","R","B",null,"M","$","M","M","M","E"],"character_chosen":"THE_SILENT","items_purchased":["Shuriken","Blade Dance"],"campfire_rested":0,"item_purchase_floors":[11,11],"current_hp_per_floor":[55,55,55,55,44,44,44,34,34,32,32,32,32,29,29,21,50,50,50,36,15,1,0],"gold":94,"neow_bonus":"REMOVE_TWO","is_prod":false,"is_daily":false,"rewards_skipped":[],"chose_seed":false,"campfire_upgraded":3,"win_rate":0,"floor_exit_playtime":[240,328,439,457,526,549,584,749,804,1034,1386,1594,1600,1645,1655,2050,2154,2281,2784,2956,3265,3664],"timestamp":1667167421,"path_taken":["M","M","M","?","?","R","?","M","T","M","$","M","R","M","R","BOSS","M","?","M","M","M","E"],"build_version":"2022-10-04","purchased_purges":2,"victory":false,"max_hp_per_floor":[60,60,60,60,60,60,60,60,60,60,60,60,60,60,60,60,60,60,60,60,60,60,60],"relic_stats":{"counters":[13,43],"Shuriken":[21],"Pantograph":25,"obtain_stats":[{"Shuriken":11,"Pantograph":9,"Philosopher\u0027s Stone":17,"Ring of the Snake":0},{"Shuriken":5,"Pantograph":4,"Philosopher\u0027s Stone":8,"Ring of the Snake":0},{"Shuriken":15,"Pantograph":12,"Philosopher\u0027s Stone":29,"Ring of the Snake":0}],"Ring of the Snake":[26]},"card_choices":[{"not_picked":["Noxious Fumes","Slice"],"picked":"All Out Attack","floor":1},{"not_picked":["Flechettes","Sucker Punch"],"picked":"Acrobatics","floor":2},{"not_picked":["Bane","Flechettes"],"picked":"Deadly Poison","floor":3},{"not_picked":["Prepared","Slice"],"picked":"Dagger Spray","floor":8},{"not_picked":["Night Terror","Setup"],"picked":"Blade Dance","floor":10},{"not_picked":["Quick Slash","Outmaneuver"],"picked":"Crippling Poison","floor":12},{"not_picked":["Underhanded Strike","Flying Knee"],"picked":"PiercingWail","floor":14},{"not_picked":["Burst","Doppelganger"],"picked":"Phantasmal Killer","floor":16},{"not_picked":["Outmaneuver","All Out Attack"],"picked":"Slice","floor":18},{"not_picked":["Deadly Poison","Expertise"],"picked":"Dash","floor":20},{"not_picked":["Footwork","Dodge and Roll"],"picked":"Deflect+1","floor":21},{"not_picked":["Burst","Deflect"],"picked":"Terror","floor":22}],"player_experience":4296031,"relics_obtained":[{"floor":9,"key":"Pantograph"}],"event_choices":[{"cards_removed":["Defend_G"],"damage_healed":0,"gold_gain":0,"player_choice":"Card Removal","damage_taken":0,"max_hp_gain":0,"max_hp_loss":0,"event_name":"The Cleric","floor":4,"gold_loss":75},{"damage_healed":0,"gold_gain":75,"player_choice":"Gather Gold","damage_taken":11,"max_hp_gain":0,"max_hp_loss":0,"event_name":"World of Goop","floor":5,"gold_loss":0},{"damage_healed":0,"gold_gain":275,"player_choice":"Desecrate","damage_taken":0,"max_hp_gain":0,"max_hp_loss":0,"event_name":"Golden Shrine","floor":7,"gold_loss":0,"cards_obtained":["Regret"]}],"is_beta":false,"boss_relics":[{"not_picked":["WristBlade","Snecko Eye"],"picked":"Philosopher\u0027s Stone"}],"items_purged_floors":[11,19],"is_endless":false,"potions_floor_spawned":[1,3,14,18,21],"killed_by":"Slavers","ascension_level":20,"potion_discard_per_floor":[[],[],[],[],[],[],[],[],[],[],[],[],[],[],[],[],[],["SmokeBomb"],[],[],[],[],[]]}