{"neow_bonuses_skipped_log":["TEN_PERCENT_HP_BONUS","TWENTY_PERCENT_HP_BONUS","BOSS_RELIC"],"potions_obtained_entropic_brew":[[],[],[],[],[],[],[],[],[],[],[],[],[],[],[],[],[],[],[],[],[],[],[],[],[],[],[],[],[],[],[],[],[],[],[],[],[],[],[],[],[],[],[],[],[],[],[],[],[],[],[],[],[],[],[],[]],"neow_costs_skipped_log":["NONE","PERCENT_DAMAGE","NONE"],"gold_per_floor":[119,138,157,157,168,168,194,194,194,208,233,252,285,296,296,369,369,380,390,43,61,61,87,98,124,124,124,152,152,152,164,164,236,236,256,266,24,24,44,44,59,88,111,141,141,57,76,92,92,92,92,92,92,38,72,72],"floor_reached":56,"playtime":9200,"items_purged":["Strike_G+1"],"score":2007,"play_id":"d793c7d9-a131-4e2c-bbbf-b6a2c1730684","local_time":"20221117201755","falling_options_log":["Expertise","Tools of the Trade"],"score_breakdown":["Floors Climbed (56): 280","Enemies Slain (18): 36","Exordium Elites Killed (3): 30","City Elites Killed (3): 60","Beyond Elites Killed (2): 60","Bosses Slain (4): 500","Librarian: 25","Champion (1): 25","Ascension (20): 991"],"is_ascension_mode":true,"potions_obtained_alchemize":[[],[],[],[],[],[],[],[],[],[],[],[],[],[],[],[],[],[],[],[],[],[],[],[],[],[],[],[],[],[],[],[],[],[],["Fire Potion"],["BlessingOfTheForge"],[],[],["Strength Potion"],[],["Weak Potion"],["Dexterity Potion"],[],["EssenceOfSteel"],[],[],["Poison Potion"],[],[],["SkillPotion"],["Weak Potion"],[],[],[],["GamblersBrew"],["Swift Potion"]],"campfire_choices":[{"data":"Skewer","floor":6.0,"key":"SMITH"},{"data":"Dramatic Entrance","floor":8.0,"key":"SMITH"},{"data":"Glass Knife","floor":15.0,"key":"SMITH"},{"floor":29.0,"key":"REST"},{"floor":32.0,"key":"REST"},{"floor":40.0,"key":"RECALL"},{"floor":49.0,"key":"REST"},{"floor":53.0,"key":"REST"}],"lesson_learned_per_floor":[[],[],[],[],[],[],[],[],[],[],[],[],[],[],[],[],[],[],[],[],[],[],[],[],[],[],[],[],[],[],[],[],[],[],[],[],[],[],[],[],[],[],[],[],[],[],[],[],[],[],[],[],[],[],[],[]],"neow_cost":"NONE","improvable_cards":{},"seed_source_timestamp":4265723186597,"shop_contents":[{"floor":20,"relics":["Lantern"],"cards":["Endless Agony","Bane","Deadly Poison","Caltrops","Blind","Magnetism"],"potions":["LiquidBronze","DuplicationPotion","GamblersBrew"]},{"floor":37,"relics":["Ornamental Fan","Chemical X"],"cards":["Masterful Stab","Sucker Punch","Tactician","Bullet Time","Caltrops","Deep Breath","HandOfGreed"],"potions":["Ancient Potion","SkillPotion","BlessingOfTheForge"]},{"floor":46,"relics":["Molten Egg 2","Bottled Tornado","TheAbacus"],"cards":["Dash","Flying Knee","Corpse Explosion","Deadly Poison","Impatience","Metamorphosis"],"potions":["Energy Potion","LiquidMemories","Fruit Juice"]},{"floor":54,"relics":["Paper Crane","Pocketwatch","Toolbox"],"cards":["Choke","Dash","Bullet Time","Dodge and Roll","Infinite Blades","Flash of Steel","Master of Strategy"],"potions":["Strength Potion","Poison Potion"]}],"circlet_count":0,"master_deck":["AscendersBane","Strike_G+1","Strike_G+1","Strike_G+1","Defend_G+1","Defend_G+1","Defend_G+1","Defend_G+1","Defend_G+1","Survivor","Neutralize","Dramatic Entrance+1","All Out Attack","Blade Dance","Skewer+1","Bouncing Flask","Glass Knife+1","Acrobatics","Reflex","Dagger Throw","Prepared","Flying Knee+1","Predator","Tools of the Trade","Expertise","Well Laid Plans","Terror+1","Tools of the Trade","Escape Plan","Venomology","PiercingWail","Acrobatics","After Image","PiercingWail","Adrenaline","Noxious Fumes","Prepared+1","Well Laid Plans"],"special_seed":0,"potion_use_per_floor":[[],[],[],[],[],[],["ColorlessPotion"],[],[],[],["Poison Potion"],[],[],[],[],["FearPotion"],[],[],["Swift Potion"],[],["DuplicationPotion"],[],["SteroidPotion"],[],["Explosive Potion"],[],[],["PowerPotion"],[],[],[],[],["PowerPotion"],[],[],[],[],[],["Fire Potion"],[],["BlessingOfTheForge"],["Strength Potion"],[],["GamblersBrew"],[],[],["EssenceOfSteel"],[],[],["PowerPotion","SkillPotion"],["Dexterity Potion","Poison Potion","Weak Potion"],[],[],[],[],["Ancient Potion","GamblersBrew","Swift Potion","Weak Potion","DistilledChaos"]],"relics":["Ring of the Snake","Oddly Smooth Stone","Bronze Scales","Pear","Happy Flower","Fusion Hammer","Potion Belt","Cauldron","Art of War","Akabeko","StrikeDummy","Toy Ornithopter","Philosopher\u0027s Stone","Bag of Preparation","Vajra","Bag of Marbles","Nunchaku","Gremlin Horn"],"potions_floor_usage":[56,56,56,56,56],"damage_taken":[{"damage":0.0,"enemies":"2 Louse","floor":1.0,"turns":2.0},{"damage":0.0,"enemies":"Cultist","floor":2.0,"turns":4.0},{"damage":2.0,"enemies":"Small Slimes","floor":3.0,"turns":3.0},{"damage":3.0,"enemies":"Looter","floor":5.0,"turns":3.0},{"damage":15.0,"enemies":"3 Sentries","floor":7.0,"turns":4.0},{"damage":0.0,"enemies":"2 Fungi Beasts","floor":10.0,"turns":1.0},{"damage":10.0,"enemies":"Lagavulin","floor":11.0,"turns":7.0},{"damage":6.0,"enemies":"Exordium Thugs","floor":12.0,"turns":3.0},{"damage":5.0,"enemies":"3 Sentries","floor":13.0,"turns":5.0},{"damage":0.0,"enemies":"Lots of Slimes","floor":14.0,"turns":1.0},{"damage":12.0,"enemies":"Hexaghost","floor":16.0,"turns":8.0},{"damage":0.0,"enemies":"3 Byrds","floor":18.0,"turns":5.0},{"damage":28.0,"enemies":"Shell Parasite","floor":19.0,"turns":3.0},{"damage":0.0,"enemies":"Snake Plant","floor":21.0,"turns":1.0},{"damage":2.0,"enemies":"Slavers","floor":23.0,"turns":4.0},{"damage":1.0,"enemies":"Snecko","floor":24.0,"turns":4.0},{"damage":24.0,"enemies":"Book of Stabbing","floor":25.0,"turns":4.0},{"damage":0.0,"enemies":"Slavers","floor":28.0,"turns":4.0},{"damage":0.0,"enemies":"Centurion and Healer","floor":31.0,"turns":4.0},{"damage":25.0,"enemies":"Automaton","floor":33.0,"turns":8.0},{"damage":1.0,"enemies":"3 Shapes","floor":35.0,"turns":6.0},{"damage":3.0,"enemies":"Orb Walker","floor":36.0,"turns":2.0},{"damage":13.0,"enemies":"3 Darklings","floor":39.0,"turns":5.0},{"damage":5.0,"enemies":"Jaw Worm Horde","floor":41.0,"turns":3.0},{"damage":6.0,"enemies":"Nemesis","floor":42.0,"turns":5.0},{"damage":23.0,"enemies":"Reptomancer","floor":44.0,"turns":7.0},{"damage":13.0,"enemies":"Writhing Mass","floor":47.0,"turns":8.0},{"damage":0.0,"enemies":"4 Shapes","floor":48.0,"turns":4.0},{"damage":55.0,"enemies":"Donu and Deca","floor":50.0,"turns":11.0},{"damage":11.0,"enemies":"Awakened One","floor":51.0,"turns":21.0},{"damage":29.0,"enemies":"Shield and Spear","floor":55.0,"turns":9.0},{"damage":72,"enemies":"The Heart","floor":56,"turns":8}],"green_key_taken_log":23,"seed_played":"4837340375836691821","neow_bonus_log":{"cardsObtained":[],"cardsUpgraded":[],"cardsRemoved":[],"cardsTransformed":[],"relicsObtained":[],"maxHpGained":0,"goldGained":0,"damageTaken":0,"goldLost":0,"maxHpLost":0},"potions_obtained":[{"floor":1.0,"key":"ColorlessPotion"},{"floor":3.0,"key":"Poison Potion"},{"floor":7.0,"key":"Swift Potion"},{"floor":11.0,"key":"FearPotion"},{"floor":20.0,"key":"Explosive Potion"},{"floor":20.0,"key":"SteroidPotion"},{"floor":20.0,"key":"PowerPotion"},{"floor":20.0,"key":"DuplicationPotion"},{"floor":21.0,"key":"PowerPotion"},{"floor":25.0,"key":"Ancient Potion"},{"floor":28.0,"key":"GamblersBrew"},{"floor":41.0,"key":"PowerPotion"},{"floor":55.0,"key":"DistilledChaos"}],"is_trial":false,"path_per_floor":["M","M","M","?","M","R","E","R","T","M","E","M","E","M","R","B",null,"M","M","$","M","?","E","M","E","T","?","E","R","?","M","R","B",null,"M","M","$","T","M","R","M","E","T","E","?","$","M","M","R","B","B",null,"R","$","E","B"],"character_chosen":"THE_SILENT","items_purchased":["Potion Belt","Cauldron","Prepared","Bag of Preparation","Noxious Fumes","Weak Potion"],"campfire_rested":4,"item_purchase_floors":[20,20,20,37,46,54],"current_hp_per_floor":[59,59,57,53,50,50,35,35,35,35,35,29,24,24,24,12,60,60,32,32,32,32,30,29,5,5,5,5,27,27,27,49,29,64,63,60,60,60,52,52,52,51,51,33,33,33,25,25,47,2,6,59,76,76,47,0],"gold":72,"neow_bonus":"RANDOM_COLORLESS","is_prod":false,"is_daily":false,"rewards_skipped":[{"floor":14,"relics":[],"potions":["EssenceOfSteel"]},{"floor":20,"relics":[],"potions":["SmokeBomb"]},{"floor":42,"relics":[],"potions":["Strength Potion"]},{"floor":48,"relics":[],"potions":["EssenceOfSteel"]}],"chose_seed":false,"campfire_upgraded":3,"win_rate":0,"floor_exit_playtime":[155,211,264,302,380,387,613,621,624,647,749,809,954,987,993,1151,1242,1330,1504,1556,1778,1784,1918,2008,2162,2179,2238,2647,2651,2817,2906,2910,3242,3375,3573,3638,3910,3922,4145,4164,4310,4508,4518,4832,4839,5370,5763,5884,5887,6578,8191,8201,8206,8366,8917],"timestamp":1668734275,"blue_key_relic_skipped_log":{"floor":38,"relicID":"Eternal Feather"},"path_taken":["M","M","M","?","M","R","E","R","T","M","E","M","E","M","R","BOSS","M","?","$","M","?","E","M","E","T","?","E","R","?","?","R","BOSS","M","M","$","?","M","R","M","E","T","E","?","?","M","M","R","BOSS","BOSS","R","$","E","BOSS"],"build_version":"2022-10-04","purchased_purges":1,"victory":false,"max_hp_per_floor":[66,66,66,66,66,66,66,66,66,66,76,76,76,76,76,76,76,76,76,76,76,76,76,76,76,76,76,76,76,76,76,76,76,76,76,76,76,76,76,76,76,76,76,76,76,76,76,76,76,76,76,76,76,76,76,76],"relic_stats":{"Cauldron":4,"Nunchaku":[11],"Happy Flower":[45],"Gremlin Horn":[0,0],"counters":[32,167],"Bronze Scales":[502],"Art of War":[23],"Bag of Preparation":[20],"obtain_stats":[{"Potion Belt":20,"Pear":11,"Happy Flower":13,"Gremlin Horn":55,"Oddly Smooth Stone":7,"Vajra":42,"Bag of Preparation":37,"Akabeko":25,"Cauldron":20,"Nunchaku":44,"Bronze Scales":9,"Philosopher\u0027s Stone":34,"Fusion Hammer":17,"Art of War":23,"Bag of Marbles":43,"StrikeDummy":26,"Toy Ornithopter":28,"Ring of the Snake":0},{"Potion Belt":13,"Pear":7,"Happy Flower":9,"Gremlin Horn":31,"Oddly Smooth Stone":5,"Vajra":25,"Bag of Preparation":22,"Akabeko":17,"Cauldron":13,"Nunchaku":26,"Bronze Scales":5,"Philosopher\u0027s Stone":20,"Fusion Hammer":11,"Art of War":15,"Bag of Marbles":25,"StrikeDummy":17,"Toy Ornithopter":18,"Ring of the Snake":0},{"Potion Belt":49,"Pear":24,"Happy Flower":32,"Gremlin Horn":159,"Oddly Smooth Stone":16,"Vajra":99,"Bag of Preparation":86,"Akabeko":62,"Cauldron":49,"Nunchaku":106,"Bronze Scales":16,"Philosopher\u0027s Stone":78,"Fusion Hammer":41,"Art of War":54,"Bag of Marbles":99,"StrikeDummy":62,"Toy Ornithopter":66,"Ring of the Snake":0}],"Toy Ornithopter":80,"Ring of the Snake":[64]},"card_choices":[{"not_picked":["Trip","Dark Shackles"],"picked":"Dramatic Entrance","floor":0.0},{"not_picked":["Underhanded Strike","Bane"],"picked":"All Out Attack","floor":1.0},{"not_picked":["Poisoned Stab","Backflip"],"picked":"Blade Dance","floor":2.0},{"not_picked":["Poisoned Stab","Flying Knee"],"picked":"Skewer","floor":3.0},{"not_picked":["Deflect","Flying Knee","Blur"],"picked":"SKIP","floor":5.0},{"not_picked":["Quick Slash","Finisher","Bane"],"picked":"SKIP","floor":7.0},{"not_picked":["PiercingWail","Sucker Punch"],"picked":"Bouncing Flask","floor":10.0},{"not_picked":["Underhanded Strike","Sucker Punch"],"picked":"Glass Knife","floor":11.0},{"not_picked":["Accuracy","Dagger Throw"],"picked":"Acrobatics","floor":12.0},{"not_picked":["Masterful Stab","Eviscerate"],"picked":"Reflex","floor":13.0},{"not_picked":["Flechettes","Blade Dance","Poisoned Stab"],"picked":"SKIP","floor":14.0},{"not_picked":["Dagger Spray","Deadly Poison","Outmaneuver"],"picked":"SKIP","floor":18.0},{"not_picked":["Dodge and Roll","Riddle With Holes"],"picked":"Dagger Throw","floor":19.0},{"not_picked":["Dagger Spray","Masterful Stab"],"picked":"Flying Knee+1","floor":21.0},{"not_picked":["Tactician","Blur"],"picked":"Predator","floor":23.0},{"not_picked":["Sucker Punch","Bane"],"picked":"Tools of the Trade","floor":24.0},{"not_picked":["Cloak And Dagger","Backstab"],"picked":"Expertise","floor":25.0},{"not_picked":["Underhanded Strike","Dash","Footwork","Outmaneuver","Bane","Dodge and Roll","Distraction","Slice","Deadly Poison","PiercingWail","Skewer","Blade Dance","Reflex","Poisoned Stab","Sucker Punch","Cloak And Dagger","Prepared","Quick Slash","Dagger Throw"],"picked":"Well Laid Plans","floor":27.0},{"not_picked":["Leg Sweep","Heel Hook"],"picked":"Terror+1","floor":28.0},{"not_picked":["Poisoned Stab","Blur"],"picked":"Escape Plan","floor":31.0},{"not_picked":["Night Terror","Grand Finale"],"picked":"Venomology","floor":33.0},{"not_picked":["Bane+1","Dodge and Roll"],"picked":"PiercingWail","floor":35.0},{"not_picked":["Blade Dance","Slice+1","Dagger Throw"],"picked":"SKIP","floor":36.0},{"not_picked":["Dodge and Roll","Dagger Spray"],"picked":"Acrobatics","floor":39.0},{"not_picked":["Deflect","Backflip"],"picked":"After Image","floor":41.0},{"not_picked":["Blade Dance","Riddle With Holes+1"],"picked":"PiercingWail","floor":42.0},{"not_picked":["Dash","Caltrops"],"picked":"Adrenaline","floor":44.0},{"not_picked":["Accuracy+1","Slice"],"picked":"Prepared+1","floor":47.0},{"not_picked":["Bane","Flechettes"],"picked":"Well Laid Plans","floor":48.0},{"not_picked":["Predator","Bane","Masterful Stab+1"],"picked":"SKIP","floor":55.0}],"player_experience":4463882,"relics_obtained":[{"floor":7.0,"key":"Oddly Smooth Stone"},{"floor":9.0,"key":"Bronze Scales"},{"floor":11.0,"key":"Pear"},{"floor":13.0,"key":"Happy Flower"},{"floor":23.0,"key":"Art of War"},{"floor":25.0,"key":"Akabeko"},{"floor":26.0,"key":"StrikeDummy"},{"floor":28.0,"key":"Toy Ornithopter"},{"floor":42.0,"key":"Vajra"},{"floor":43.0,"key":"Bag of Marbles"},{"floor":44.0,"key":"Nunchaku"},{"floor":55.0,"key":"Gremlin Horn"}],"event_choices":[{"damage_healed":0.0,"max_hp_gain":0.0,"max_hp_loss":0.0,"gold_gain":0.0,"event_name":"The Woman in Blue","player_choice":"Bought 0 Potions","floor":4.0,"gold_loss":0.0,"damage_taken":0.0},{"damage_healed":0.0,"max_hp_gain":0.0,"max_hp_loss":0.0,"gold_gain":0.0,"event_name":"Back to Basics","player_choice":"Simplicity","floor":22.0,"gold_loss":0.0,"damage_taken":0.0,"cards_upgraded":["Strike_G","Strike_G","Strike_G","Strike_G","Strike_G","Defend_G","Defend_G","Defend_G","Defend_G","Defend_G"]},{"damage_healed":0.0,"max_hp_gain":0.0,"max_hp_loss":0.0,"gold_gain":0.0,"event_name":"The Library","player_choice":"Read","floor":27.0,"gold_loss":0.0,"damage_taken":0.0,"cards_obtained":["Well Laid Plans"]},{"damage_healed":0.0,"max_hp_gain":0.0,"max_hp_loss":0.0,"gold_gain":0.0,"event_name":"Duplicator","player_choice":"Copied","floor":30.0,"gold_loss":0.0,"damage_taken":0.0,"cards_obtained":["Tools of the Trade"]},{"cards_removed":["Strike_G"],"damage_healed":0.0,"max_hp_gain":0.0,"max_hp_loss":0.0,"gold_gain":0.0,"event_name":"Falling","player_choice":"Removed Attack","floor":45.0,"gold_loss":0.0,"damage_taken":0.0}],"is_beta":false,"boss_relics":[{"not_picked":["Snecko Eye","Calling Bell"],"picked":"Fusion Hammer"},{"not_picked":["Sozu","Velvet Choker"],"picked":"Philosopher\u0027s Stone"}],"items_purged_floors":[37],"is_endless":false,"potions_floor_spawned":[1,3,7,11,14,21,25,28,41,42,48,55],"killed_by":"The Heart","ascension_level":20,"potion_discard_per_floor":[[],[],[],[],[],[],[],[],[],[],[],[],[],[],[],[],[],[],[],[],[],[],[],[],[],[],[],[],[],[],[],[],[],[],[],[],[],[],[],[],["Weak Potion"],[],[],[],[],[],[],[],[],[],[],[],[],[],[],[]]}