{"neow_bonuses_skipped_log":["TEN_PERCENT_HP_BONUS"],"potions_obtained_entropic_brew":[[],[],[],[],[],[],[],[],[],[],[],[],[],[],[],[],[],[],[],[],[],[],[],[],[],[],[],[],[],[],[],[],[],[],[],[],[],[],[],[],[],[],[],[],[],[],[],[],[],[],[],[],[],[],[],[],[]],"neow_costs_skipped_log":["NONE"],"gold_per_floor":[114,114,37,54,54,85,85,97,174,209,209,12,43,43,43,115,115,127,139,139,156,172,205,37,37,115,115,145,145,177,177,177,250,250,265,276,201,201,218,218,249,300,368,400,400,432,432,442,442,442,442,442,442,79,109,109],"floor_reached":57,"playtime":8673,"items_purged":["Footwork+1","Dagger Spray"],"score":3224,"play_id":"0f33cc5a-d596-46e8-a207-690b5173481a","local_time":"20221109195011","score_breakdown":["Floors Climbed (57): 285","Enemies Slain (11): 22","Exordium Elites Killed (3): 30","City Elites Killed (3): 60","Beyond Elites Killed (3): 90","Bosses Slain (5): 750","Champion (7): 175","Perfect (1): 50","Overkill: 25","Ascension (20): 1487","Heartbreaker: 250"],"is_ascension_mode":true,"potions_obtained_alchemize":[[],[],[],[],[],[],[],[],[],[],[],[],[],[],[],[],[],["Ancient Potion"],[],[],[],[],["SkillPotion"],[],[],[],[],["PowerPotion","Fire Potion","Swift Potion","Strength Potion","FearPotion","SkillPotion","Energy Potion","Regen Potion","Weak Potion","Regen Potion","Weak Potion","Fire Potion","FearPotion","PowerPotion","BlessingOfTheForge","LiquidBronze","LiquidBronze","Block Potion","LiquidBronze","Dexterity Potion","SpeedPotion","Fire Potion","EssenceOfSteel","Fire Potion","Regen Potion","LiquidMemories","LiquidBronze","SkillPotion","Strength Potion","Energy Potion","GhostInAJar","Swift Potion","DistilledChaos","Regen Potion","EssenceOfSteel","GamblersBrew","Explosive Potion","Block Potion","BlessingOfTheForge","FairyPotion","Poison Potion","Block Potion","SpeedPotion","PowerPotion","SteroidPotion","Weak Potion","SkillPotion","LiquidBronze","SteroidPotion","Energy Potion","LiquidMemories","AttackPotion","FearPotion","GhostInAJar"],[],[],[],[],[],[],[],[],[],[],[],[],[],[],[],[],[],[],[],[],[],[],[],[],[],[],[],["LiquidBronze"],[]],"campfire_choices":[{"data":"Noxious Fumes","floor":7,"key":"SMITH"},{"data":"Dagger Spray","floor":11,"key":"SMITH"},{"data":"Calculated Gamble","floor":15,"key":"SMITH"},{"floor":27,"key":"REST"},{"data":"Doppelganger","floor":32,"key":"SMITH"},{"floor":40,"key":"RECALL"},{"data":"Burst","floor":47,"key":"SMITH"},{"data":"Bullet Time","floor":49,"key":"SMITH"},{"data":"Outmaneuver","floor":53,"key":"SMITH"}],"lesson_learned_per_floor":[[],[],[],[],[],[],[],[],[],[],[],[],[],[],[],[],[],[],[],[],[],[],[],[],[],[],[],[],[],[],[],[],[],[],[],[],[],[],[],[],[],[],[],[],[],[],[],[],[],[],[],[],[],[],[],[],[]],"neow_cost":"NONE","improvable_cards":{},"seed_source_timestamp":10827672990602,"shop_contents":[{"floor":3,"relics":["Dead Branch","Matryoshka","PrismaticShard"],"cards":["Predator","Phantasmal Killer","Crippling Poison","Caltrops","Dark Shackles","Mayhem"],"potions":["SpeedPotion","Regen Potion","SneckoOil"]},{"floor":12,"relics":["Potion Belt","TheAbacus"],"cards":["Dagger Throw","Dagger Spray","Outmaneuver","Caltrops+1","Forethought","Secret Technique"],"potions":["LiquidBronze","FearPotion","Explosive Potion"]},{"floor":24,"relics":["Sundial","ClockworkSouvenir"],"cards":["Flying Knee","Underhanded Strike","Venomology","Concentrate","Footwork+1","Mind Blast","Violence"],"potions":["Poison Potion","DuplicationPotion","SteroidPotion"]},{"floor":37,"relics":["Regal Pillow","Bird Faced Urn","Lee\u0027s Waffle"],"cards":["Quick Slash","Poisoned Stab","Cloak And Dagger","Venomology","After Image+1","Madness","Chrysalis"],"potions":["Block Potion","Explosive Potion","SteroidPotion"]},{"floor":54,"relics":["Shuriken","Pear"],"cards":["Eviscerate","Dagger Throw","Blade Dance","Impatience","Metamorphosis"],"potions":["Dexterity Potion","ColorlessPotion","SteroidPotion"]}],"circlet_count":0,"master_deck":["AscendersBane","Survivor","Neutralize","PiercingWail+1","Noxious Fumes+1","Backstab","Backstab","Flying Knee","Dagger Spray+1","Calculated Gamble+1","Escape Plan","Venomology","Well Laid Plans+1","Doppelganger+1","Night Terror+1","Endless Agony","Quick Slash+1","Leg Sweep","Wraith Form v2+1","Backflip+1","Crippling Poison","Calculated Gamble","Bullet Time+1","Outmaneuver+1","Burst+1","Expertise+1","Acrobatics","Caltrops+1","Caltrops+1","PiercingWail","Deadly Poison+1"],"potion_use_per_floor":[[],[],[],[],[],[],[],[],[],["CunningPotion"],[],[],[],[],[],[],[],["LiquidBronze"],[],[],[],[],["SteroidPotion"],[],[],[],[],["SkillPotion","Ancient Potion","PowerPotion","Fire Potion","Swift Potion","Strength Potion","SkillPotion","Energy Potion","Regen Potion","Weak Potion","Regen Potion","Weak Potion","PowerPotion","BlessingOfTheForge","Dexterity Potion","Fire Potion","EssenceOfSteel","Fire Potion","Regen Potion","SkillPotion","Energy Potion","Strength Potion","EssenceOfSteel","Explosive Potion","Block Potion","BlessingOfTheForge","Block Potion","SpeedPotion","SteroidPotion","Energy Potion","FearPotion"],[],[],[],[],[],[],[],[],[],[],[],[],[],[],[],[],[],[],[],[],[],[],[],[],[],[],[],["GhostInAJar","LiquidBronze","DuplicationPotion"],[]],"relics":["Ring of the Serpent","NeowsBlessing","Bag of Marbles","Frozen Egg 2","Ice Cream","Akabeko","Lizard Tail","TungstenRod","Pandora\u0027s Box","Art of War","Bag of Preparation","Nilry\u0027s Codex","Mummified Hand","Gremlin Horn","Dream Catcher","Omamori","Peace Pipe","Eternal Feather","Happy Flower","Prayer Wheel","Toolbox","Vajra"],"potions_floor_usage":[10,18,23,28,28,28,28,28,28,28,28,28,28,28,28,28,28,28,28,28,28,28,28,28,28,28,28,28,28,28,28,28,28,28,56,56,56],"damage_taken":[{"damage":0,"enemies":"Jaw Worm","floor":1,"turns":1},{"damage":0,"enemies":"Cultist","floor":4,"turns":1},{"damage":0,"enemies":"Gremlin Nob","floor":6,"turns":1},{"damage":0,"enemies":"2 Louse","floor":8,"turns":1},{"damage":12,"enemies":"Lagavulin","floor":10,"turns":4},{"damage":0,"enemies":"Gremlin Nob","floor":13,"turns":2},{"damage":13,"enemies":"The Guardian","floor":16,"turns":11},{"damage":0,"enemies":"3 Byrds","floor":18,"turns":4},{"damage":0,"enemies":"2 Thieves","floor":19,"turns":1},{"damage":0,"enemies":"Centurion and Healer","floor":21,"turns":1},{"damage":0,"enemies":"Chosen and Byrds","floor":22,"turns":4},{"damage":23,"enemies":"Slavers","floor":23,"turns":5},{"damage":0,"enemies":"Gremlin Leader","floor":28,"turns":38},{"damage":0,"enemies":"Slavers","floor":30,"turns":1},{"damage":0,"enemies":"Automaton","floor":33,"turns":10},{"damage":0,"enemies":"Orb Walker","floor":35,"turns":5},{"damage":0,"enemies":"3 Darklings","floor":36,"turns":1},{"damage":0,"enemies":"4 Shapes","floor":39,"turns":4},{"damage":0,"enemies":"Giant Head","floor":41,"turns":7},{"damage":16,"enemies":"2 Orb Walkers","floor":42,"turns":5},{"damage":0,"enemies":"Reptomancer","floor":44,"turns":6},{"damage":0,"enemies":"Giant Head","floor":46,"turns":8},{"damage":0,"enemies":"Spire Growth","floor":48,"turns":9},{"damage":15,"enemies":"Awakened One","floor":50,"turns":51},{"damage":41,"enemies":"Donu and Deca","floor":51,"turns":11},{"damage":20,"enemies":"Shield and Spear","floor":55,"turns":6},{"damage":22,"enemies":"The Heart","floor":56,"turns":10}],"green_key_taken_log":28,"seed_played":"6741395576508382831","neow_bonus_log":{"cardsObtained":[],"cardsUpgraded":[],"cardsRemoved":[],"cardsTransformed":[],"relicsObtained":["NeowsBlessing"],"maxHpGained":0,"goldGained":0,"damageTaken":0,"goldLost":0,"maxHpLost":0},"potions_obtained":[{"floor":4,"key":"LiquidBronze"},{"floor":8,"key":"CunningPotion"},{"floor":10,"key":"SteroidPotion"},{"floor":48,"key":"GhostInAJar"},{"floor":55,"key":"DuplicationPotion"}],"is_trial":false,"path_per_floor":["M","?","$","M","?","E","R","M","T","E","R","$","E","?","R","B",null,"M","M","?","M","M","E","$","?","T","R","E","T","E","?","R","B",null,"M","M","$","?","M","R","E","?","T","E","?","E","R","M","R","B","B",null,"R","$","E","B",null],"character_chosen":"THE_SILENT","items_purchased":["Backstab","Akabeko","Calculated Gamble","Bag of Preparation","Toolbox","Caltrops+1","PiercingWail"],"campfire_rested":1,"item_purchase_floors":[3,12,12,24,54,54,54],"current_hp_per_floor":[59,59,59,59,39,39,39,39,39,27,27,27,27,16,16,3,50,50,50,50,50,50,27,27,10,10,29,66,66,66,66,66,66,66,66,66,66,66,66,66,66,50,50,50,55,55,66,66,66,51,10,52,66,66,46,24],"gold":109,"neow_bonus":"THREE_ENEMY_KILL","is_prod":false,"is_daily":false,"rewards_skipped":[{"floor":19,"relics":[],"potions":["AttackPotion"]},{"floor":22,"relics":[],"potions":["BlessingOfTheForge"]},{"floor":28,"relics":[],"potions":["Weak Potion"]},{"floor":30,"relics":[],"potions":["PowerPotion"]},{"floor":35,"relics":[],"potions":["Dexterity Potion"]},{"floor":42,"relics":[],"potions":["Weak Potion"]},{"floor":46,"relics":[],"potions":["Explosive Potion"]}],"chose_seed":false,"campfire_upgraded":7,"win_rate":0,"floor_exit_playtime":[73,85,122,147,159,217,229,283,286,458,466,527,587,602,613,780,925,1104,1245,1255,1426,1618,1824,1863,1948,1998,2003,3172,3176,3241,3330,3353,3755,3841,3964,4005,4142,4144,4312,4326,4595,4861,4863,5025,5159,5468,5474,5677,5690,6917,7549,7559,7579,7649,8103,8673],"timestamp":1668041411,"blue_key_relic_skipped_log":{"floor":29,"relicID":"Tiny Chest"},"path_taken":["M","?","?","M","?","E","R","?","T","E","R","?","E","?","R","BOSS","M","M","?","?","M","E","$","?","T","R","E","?","E","?","R","BOSS","M","M","$","?","M","R","E","?","T","E","?","E","R","M","R","BOSS","BOSS","R","$","E","BOSS"],"build_version":"2022-10-04","purchased_purges":2,"victory":true,"max_hp_per_floor":[66,66,66,66,66,66,66,66,66,66,66,66,66,66,66,66,66,66,66,66,66,66,66,66,66,66,66,66,66,66,66,66,66,66,66,66,66,66,66,66,66,66,66,66,66,66,66,66,66,66,66,66,66,66,66,66],"relic_stats":{"Ice Cream":[1060],"Gremlin Horn":[18,18],"Happy Flower":[31],"counters":[27,208],"Nilry\u0027s Codex":[14,36,22,88],"Eternal Feather":25,"Bag of Preparation":[30],"Omamori":0,"Peace Pipe":0,"Lizard Tail":0,"Dream Catcher":0,"Mummified Hand":[121],"Pandora\u0027s Box":["Well Laid Plans","Dagger Spray","Infinite Blades","Doppelganger","Heel Hook","Night Terror","Footwork","Poisoned Stab","Endless Agony"],"Prayer Wheel":1,"Art of War":[30],"obtain_stats":[{"Ice Cream":10,"NeowsBlessing":0,"Gremlin Horn":28,"Happy Flower":44,"Nilry\u0027s Codex":25,"Vajra":55,"Eternal Feather":43,"Bag of Preparation":24,"Omamori":41,"Frozen Egg 2":9,"Akabeko":12,"Peace Pipe":42,"Lizard Tail":13,"Dream Catcher":30,"Mummified Hand":26,"Toolbox":54,"Pandora\u0027s Box":17,"Prayer Wheel":46,"Bag of Marbles":6,"Art of War":23,"TungstenRod":14,"Ring of the Serpent":34,"Ring of the Snake":0},{"Ice Cream":5,"NeowsBlessing":0,"Gremlin Horn":13,"Happy Flower":21,"Nilry\u0027s Codex":12,"Vajra":26,"Eternal Feather":20,"Bag of Preparation":12,"Omamori":19,"Frozen Egg 2":4,"Akabeko":5,"Peace Pipe":20,"Lizard Tail":6,"Dream Catcher":14,"Mummified Hand":12,"Toolbox":25,"Pandora\u0027s Box":7,"Prayer Wheel":22,"Bag of Marbles":3,"Art of War":12,"TungstenRod":6,"Ring of the Serpent":15,"Ring of the Snake":0},{"Ice Cream":8,"NeowsBlessing":0,"Gremlin Horn":74,"Happy Flower":113,"Nilry\u0027s Codex":36,"Vajra":198,"Eternal Feather":107,"Bag of Preparation":36,"Omamori":102,"Frozen Egg 2":4,"Akabeko":8,"Peace Pipe":107,"Lizard Tail":10,"Dream Catcher":75,"Mummified Hand":36,"Toolbox":192,"Pandora\u0027s Box":21,"Prayer Wheel":121,"Bag of Marbles":3,"Art of War":36,"TungstenRod":10,"Ring of the Serpent":85,"Ring of the Snake":0}],"TungstenRod":287},"card_choices":[{"not_picked":["Catalyst","Bane"],"picked":"PiercingWail","floor":1},{"not_picked":["Bane","Underhanded Strike"],"picked":"Backstab","floor":4},{"not_picked":["Slice","Expertise"],"picked":"Flying Knee","floor":6},{"not_picked":["Eviscerate","Grand Finale"],"picked":"Dagger Spray","floor":8},{"not_picked":["Reflex","Dagger Throw","Flying Knee"],"picked":"SKIP","floor":10},{"not_picked":["Catalyst","Distraction"],"picked":"Escape Plan","floor":13},{"not_picked":["Unload","Die Die Die"],"picked":"Venomology","floor":16},{"not_picked":["Deadly Poison","Bane","Poisoned Stab"],"picked":"SKIP","floor":18},{"not_picked":["Cloak And Dagger","Bouncing Flask"],"picked":"Quick Slash+1","floor":19},{"not_picked":["Slice","Dagger Throw","Eviscerate"],"picked":"SKIP","floor":21},{"not_picked":["Poisoned Stab","Crippling Poison"],"picked":"Leg Sweep","floor":22},{"not_picked":["Slice","Dash"],"picked":"Wraith Form v2+1","floor":23},{"not_picked":["Concentrate","Sucker Punch"],"picked":"Backflip+1","floor":28},{"not_picked":["Prepared","Caltrops+1","Tactician"],"picked":"SKIP","floor":30},{"not_picked":["A Thousand Cuts+1","Malaise"],"picked":"Bullet Time","floor":33},{"not_picked":["Infinite Blades+1","Skewer+1"],"picked":"Outmaneuver","floor":35},{"not_picked":["Bane","Deflect","Slice+1"],"picked":"SKIP","floor":36},{"not_picked":["Bane","Deflect","Slice+1"],"picked":"SKIP","floor":36},{"not_picked":["Reflex","Dagger Spray","Riddle With Holes"],"picked":"SKIP","floor":39},{"not_picked":["Bouncing Flask","Cloak And Dagger"],"picked":"Burst","floor":41},{"not_picked":["Sucker Punch+1","Deflect"],"picked":"Expertise+1","floor":42},{"not_picked":["Malaise","Distraction"],"picked":"Acrobatics","floor":44},{"not_picked":["Backstab","Quick Slash","Leg Sweep"],"picked":"SKIP","floor":46},{"not_picked":["Underhanded Strike","Flying Knee"],"picked":"Caltrops+1","floor":48},{"not_picked":["Sucker Punch+1","Heel Hook","Slice+1"],"picked":"SKIP","floor":48},{"not_picked":["Bane","Poisoned Stab"],"picked":"Deadly Poison+1","floor":55}],"player_experience":4394337,"relics_obtained":[{"floor":6,"key":"Bag of Marbles"},{"floor":9,"key":"Frozen Egg 2"},{"floor":10,"key":"Ice Cream"},{"floor":13,"key":"Lizard Tail"},{"floor":23,"key":"Art of War"},{"floor":25,"key":"Nilry\u0027s Codex"},{"floor":26,"key":"Mummified Hand"},{"floor":28,"key":"Gremlin Horn"},{"floor":30,"key":"Dream Catcher"},{"floor":41,"key":"Omamori"},{"floor":42,"key":"Peace Pipe"},{"floor":43,"key":"Eternal Feather"},{"floor":44,"key":"Happy Flower"},{"floor":46,"key":"Prayer Wheel"},{"floor":55,"key":"Vajra"}],"event_choices":[{"damage_healed":0,"gold_gain":0,"cards_transformed":["Defend_G"],"player_choice":"Transformed","damage_taken":0,"max_hp_gain":0,"max_hp_loss":0,"event_name":"Transmorgrifier","floor":2,"gold_loss":0,"cards_obtained":["Noxious Fumes"]},{"damage_healed":0,"gold_gain":0,"player_choice":"Entered Light","damage_taken":20,"max_hp_gain":0,"max_hp_loss":0,"event_name":"Shining Light","floor":5,"gold_loss":0,"cards_upgraded":["PiercingWail","Strike_G"]},{"damage_healed":0,"gold_gain":0,"player_choice":"Success","damage_taken":11,"relics_obtained":["TungstenRod"],"max_hp_gain":0,"max_hp_loss":0,"event_name":"Scrap Ooze","floor":14,"gold_loss":0},{"damage_healed":0,"gold_gain":0,"player_choice":"Upgraded","damage_taken":0,"max_hp_gain":0,"max_hp_loss":0,"event_name":"Upgrade Shrine","floor":20,"gold_loss":0,"cards_upgraded":["Night Terror"]},{"damage_healed":0,"gold_gain":0,"player_choice":"Obtained Book","damage_taken":21,"max_hp_gain":0,"max_hp_loss":0,"event_name":"Cursed Tome","floor":25,"gold_loss":0},{"damage_healed":0,"gold_gain":0,"cards_transformed":["Infinite Blades","Heel Hook"],"player_choice":"Became Test Subject","damage_taken":0,"max_hp_gain":0,"max_hp_loss":0,"event_name":"Drug Dealer","floor":31,"gold_loss":0,"cards_obtained":["Crippling Poison","Calculated Gamble"]},{"damage_healed":0,"gold_gain":0,"player_choice":"Ignored","damage_taken":0,"max_hp_gain":0,"max_hp_loss":0,"event_name":"Tomb of Lord Red Mask","floor":38,"gold_loss":0},{"damage_healed":0,"gold_gain":0,"player_choice":"Fight","damage_taken":0,"max_hp_gain":0,"max_hp_loss":0,"event_name":"Mysterious Sphere","floor":42,"gold_loss":0},{"cards_removed":["Poisoned Stab"],"damage_healed":5,"gold_gain":0,"player_choice":"Offered Common","damage_taken":0,"max_hp_gain":0,"max_hp_loss":0,"event_name":"Bonfire Elementals","floor":45,"gold_loss":0},{"cards_removed":["Poisoned Stab"],"damage_healed":5,"gold_gain":0,"player_choice":"Offered Special","damage_taken":0,"max_hp_gain":0,"max_hp_loss":0,"event_name":"Bonfire Elementals","floor":45,"gold_loss":0}],"is_beta":false,"boss_relics":[{"not_picked":["Coffee Dripper","Empty Cage"],"picked":"Pandora\u0027s Box"},{"not_picked":["Astrolabe","Tiny House"],"picked":"Ring of the Serpent"}],"items_purged_floors":[37,54],"is_endless":false,"potions_floor_spawned":[4,8,10,19,22,28,30,35,42,46,48,55],"ascension_level":20,"potion_discard_per_floor":[[],[],[],[],[],[],[],[],[],[],[],[],[],[],[],[],[],[],[],[],[],[],[],[],[],[],[],["FearPotion","Fire Potion","LiquidBronze","LiquidBronze","FearPotion","LiquidBronze","Block Potion","SpeedPotion","LiquidMemories","LiquidBronze","Swift Potion","DistilledChaos","Regen Potion","GamblersBrew","FairyPotion","Poison Potion","PowerPotion","Weak Potion","SkillPotion","LiquidBronze","SteroidPotion","LiquidMemories","AttackPotion"],[],[],[],[],[],[],[],[],[],[],[],[],[],[],[],[],[],[],[],["GhostInAJar"],[],[],[],[],[],[],["GhostInAJar"],[],[]]}