{"neow_bonuses_skipped_log":["UPGRADE_CARD","HUNDRED_GOLD","BOSS_RELIC"],"neow_costs_skipped_log":["NONE","NONE","NONE"],"potions_obtained_entropic_brew":[[],[],[],[],[],[],[],[],[],[],[],[],[],[],[],[],[],[],[],[],[],[],[],[],[],[],[],[],[],[],[],[],[],[],[],[],[],[],[],[],[],[],[],[],[],[],[],[],[],[],[],[],[],[],[],[],[]],"gold_per_floor":[112,112,112,132,150,150,163,192,192,209,209,40,40,50,50,126,126,144,158,158,158,174,206,206,236,236,236,37,51,82,99,99,177,177,194,209,221,234,234,269,269,269,340,358,373,373,3,32,32,32,32,32,32,32,60,60],"floor_reached":57,"playtime":4381,"items_purged":["Strike_G+1","Strike_G+1"],"score":2898,"play_id":"788e0d54-0b1d-4798-8c45-30a474def796","local_time":"20221111182220","falling_options_log":["Neutralize","Accuracy+1"],"score_breakdown":["Floors Climbed (57): 285","Enemies Slain (17): 34","Exordium Elites Killed (1): 10","City Elites Killed (3): 60","Beyond Elites Killed (2): 60","Bosses Slain (5): 750","Champion (2): 50","Perfect (1): 50","C-c-c-combo: 25","Ascension (20): 1324","Heartbreaker: 250"],"is_ascension_mode":true,"potions_obtained_alchemize":[[],[],[],[],[],[],[],[],[],[],[],[],[],[],[],[],[],[],[],[],[],[],[],[],[],[],[],[],[],[],[],[],[],[],[],[],[],[],[],[],[],[],[],[],[],[],[],[],[],["DistilledChaos"],["Poison Potion"],[],[],[],["Weak Potion"],["GamblersBrew"],[]],"campfire_choices":[{"floor":6,"key":"REST"},{"data":"A Thousand Cuts","floor":11,"key":"SMITH"},{"data":"Predator","floor":13,"key":"SMITH"},{"data":"Terror","floor":15,"key":"SMITH"},{"data":"Adrenaline","floor":24,"key":"SMITH"},{"data":"Acrobatics","floor":27,"key":"SMITH"},{"data":"Accuracy","floor":32,"key":"SMITH"},{"floor":41,"key":"RECALL"},{"floor":46,"key":"REST"},{"floor":49,"key":"REST"},{"floor":53,"key":"REST"}],"lesson_learned_per_floor":[[],[],[],[],[],[],[],[],[],[],[],[],[],[],[],[],[],[],[],[],[],[],[],[],[],[],[],[],[],[],[],[],[],[],[],[],[],[],[],[],[],[],[],[],[],[],[],[],[],[],[],[],[],[],[],[],[]],"neow_cost":"PERCENT_DAMAGE","improvable_cards":{},"seed_source_timestamp":9777688248025,"shop_contents":[{"floor":12,"relics":["CaptainsWheel","Lee\u0027s Waffle"],"cards":["Endless Agony","Grand Finale","Backflip","Deadly Poison","Footwork","Panacea","Secret Weapon"],"potions":["SteroidPotion","DistilledChaos","Weak Potion"]},{"floor":28,"relics":["Torii","War Paint","HandDrill"],"cards":["Endless Agony","Glass Knife","Outmaneuver","Impatience","Apotheosis"],"potions":["EntropicBrew","Ancient Potion","LiquidMemories"]},{"floor":47,"relics":["Omamori","Chemical X"],"cards":["Sucker Punch","Riddle With Holes","Deadly Poison","Blade Dance","Accuracy","Impatience","HandOfGreed"],"potions":["LiquidMemories","Strength Potion","SteroidPotion"]},{"floor":54,"relics":["Mummified Hand","HornCleat","Membership Card"],"cards":["Dagger Spray","Quick Slash","Reflex","Setup","Accuracy","Discovery","Master of Strategy"],"potions":["SkillPotion","Block Potion","Poison Potion"]}],"circlet_count":0,"master_deck":["AscendersBane","Strike_G+1","Strike_G+1","Defend_G+1","Defend_G+1","Defend_G+1","Defend_G+1","Survivor","Neutralize","The Bomb+1","Blade Dance","Predator+1","Terror+1","Backflip","A Thousand Cuts+1","Acrobatics+1","Adrenaline+1","Blade Dance","Leg Sweep","PiercingWail","Deflect","Escape Plan","Accuracy+1","Blade Dance","Acrobatics","Tools of the Trade","Adrenaline","Acrobatics","Blur+1","Outmaneuver+1","Leg Sweep","Accuracy","Venomology","PiercingWail"],"potion_use_per_floor":[[],[],[],[],[],[],["SkillPotion"],["DuplicationPotion"],[],[],[],[],[],[],[],[],[],[],[],[],[],["Fruit Juice"],[],[],[],[],[],[],[],[],[],[],["SpeedPotion"],[],[],[],[],[],[],[],[],[],[],[],[],[],[],[],[],["Dexterity Potion"],["Block Potion"],[],[],[],["Poison Potion","DistilledChaos"],["GamblersBrew","Weak Potion"],[]],"relics":["Ring of the Snake","Sundial","Kunai","Nunchaku","HoveringKite","Pear","Oddly Smooth Stone","Meat on the Bone","Unceasing Top","Fusion Hammer","Bag of Marbles","InkBottle","Happy Flower","Akabeko"],"potions_floor_usage":[7,8,22,33,50,51,55,55,56,56],"damage_taken":[{"damage":1,"enemies":"Jaw Worm","floor":1,"turns":3},{"damage":0,"enemies":"Cultist","floor":4,"turns":3},{"damage":0,"enemies":"2 Louse","floor":5,"turns":3},{"damage":5,"enemies":"Gremlin Gang","floor":7,"turns":6},{"damage":3,"enemies":"Gremlin Nob","floor":8,"turns":3},{"damage":2,"enemies":"Large Slime","floor":10,"turns":5},{"damage":4,"enemies":"3 Louse","floor":14,"turns":4},{"damage":1,"enemies":"Hexaghost","floor":16,"turns":6},{"damage":7,"enemies":"Chosen","floor":18,"turns":4},{"damage":0,"enemies":"Spheric Guardian","floor":19,"turns":3},{"damage":11,"enemies":"3 Cultists","floor":22,"turns":4},{"damage":17,"enemies":"Slavers","floor":23,"turns":6},{"damage":13,"enemies":"Book of Stabbing","floor":25,"turns":5},{"damage":0,"enemies":"Centurion and Healer","floor":29,"turns":4},{"damage":17,"enemies":"Slavers","floor":30,"turns":5},{"damage":0,"enemies":"Snecko","floor":31,"turns":3},{"damage":3,"enemies":"Collector","floor":33,"turns":5},{"damage":2,"enemies":"3 Darklings","floor":35,"turns":2},{"damage":0,"enemies":"3 Shapes","floor":36,"turns":2},{"damage":0,"enemies":"Maw","floor":37,"turns":6},{"damage":0,"enemies":"3 Darklings","floor":38,"turns":3},{"damage":0,"enemies":"Giant Head","floor":40,"turns":4},{"damage":0,"enemies":"4 Shapes","floor":44,"turns":6},{"damage":0,"enemies":"Jaw Worm Horde","floor":45,"turns":3},{"damage":0,"enemies":"Nemesis","floor":48,"turns":3},{"damage":22,"enemies":"Time Eater","floor":50,"turns":10},{"damage":0,"enemies":"Donu and Deca","floor":51,"turns":8},{"damage":1,"enemies":"Shield and Spear","floor":55,"turns":8},{"damage":75,"enemies":"The Heart","floor":56,"turns":11}],"green_key_taken_log":48,"seed_played":"3102825295390758786","neow_bonus_log":{"cardsObtained":[],"cardsUpgraded":[],"cardsRemoved":[],"cardsTransformed":[],"relicsObtained":[],"maxHpGained":0,"goldGained":0,"damageTaken":15,"goldLost":0,"maxHpLost":0},"potions_obtained":[{"floor":4,"key":"SkillPotion"},{"floor":7,"key":"DuplicationPotion"},{"floor":10,"key":"Fruit Juice"},{"floor":19,"key":"Dexterity Potion"},{"floor":22,"key":"SpeedPotion"},{"floor":36,"key":"BlessingOfTheForge"},{"floor":38,"key":"Block Potion"}],"is_trial":false,"path_per_floor":["M","?","?","M","M","R","M","E","T","M","R","$","R","M","R","B",null,"M","M","?","?","M","E","R","E","T","R","$","M","E","M","R","B",null,"M","M","M","M","?","E","R","?","T","M","M","R","$","E","R","B","B",null,"R","$","E","B",null],"character_chosen":"THE_SILENT","items_purchased":["Nunchaku","Escape Plan","Accuracy","InkBottle"],"campfire_rested":4,"item_purchase_floors":[12,28,28,47],"current_hp_per_floor":[43,23,23,23,23,42,37,34,34,32,32,32,32,28,28,27,56,49,49,49,49,43,36,36,23,23,23,23,35,30,42,42,51,74,72,72,72,72,72,72,72,72,72,72,72,81,81,81,81,59,59,76,81,81,80,17],"gold":60,"neow_bonus":"RANDOM_COLORLESS_2","is_prod":false,"is_daily":false,"rewards_skipped":[{"floor":23,"relics":[],"potions":["BlessingOfTheForge"]},{"floor":44,"relics":[],"potions":["Block Potion"]},{"floor":45,"relics":[],"potions":["SmokeBomb"]}],"chose_seed":false,"campfire_upgraded":6,"win_rate":0,"floor_exit_playtime":[181,218,252,280,339,343,504,574,581,641,647,676,684,750,756,843,900,966,1020,1027,1059,1123,1254,1281,1409,1419,1433,1501,1590,1725,1788,1801,1961,2009,2060,2111,2264,2356,2378,2495,2499,2504,2508,2625,2692,2697,2725,2880,2883,3128,3335,3346,3350,3366,3615,4381],"timestamp":1668208940,"blue_key_relic_skipped_log":{"floor":43,"relicID":"Toxic Egg 2"},"path_taken":["M","?","?","?","M","R","M","E","T","M","R","$","R","M","R","BOSS","M","M","?","?","?","E","R","E","T","R","$","M","E","M","R","BOSS","M","?","M","M","?","E","R","?","T","?","M","R","$","E","R","BOSS","BOSS","R","$","E","BOSS"],"build_version":"2022-10-04","purchased_purges":2,"victory":true,"max_hp_per_floor":[66,66,66,66,66,66,66,66,66,66,66,66,66,66,66,66,66,66,66,66,66,71,81,81,81,81,81,81,81,81,81,81,81,81,81,81,81,81,81,81,81,81,81,81,81,81,81,81,81,81,81,81,81,81,81,81],"relic_stats":{"Nunchaku":[35],"Happy Flower":[12],"counters":[29,138],"Sundial":[24],"HoveringKite":[83],"Kunai":[88],"obtain_stats":[{"Pear":23,"Happy Flower":48,"HoveringKite":17,"Oddly Smooth Stone":25,"Akabeko":55,"Nunchaku":12,"Sundial":8,"Fusion Hammer":34,"Bag of Marbles":40,"Kunai":9,"Unceasing Top":30,"InkBottle":47,"Ring of the Snake":0,"Meat on the Bone":26},{"Pear":12,"Happy Flower":25,"HoveringKite":8,"Oddly Smooth Stone":13,"Akabeko":28,"Nunchaku":6,"Sundial":5,"Fusion Hammer":17,"Bag of Marbles":22,"Kunai":5,"Unceasing Top":15,"InkBottle":24,"Ring of the Snake":0,"Meat on the Bone":13},{"Pear":50,"Happy Flower":101,"HoveringKite":33,"Oddly Smooth Stone":55,"Akabeko":127,"Nunchaku":23,"Sundial":18,"Fusion Hammer":72,"Bag of Marbles":89,"Kunai":18,"Unceasing Top":64,"InkBottle":98,"Ring of the Snake":0,"Meat on the Bone":55}],"Unceasing Top":[4],"InkBottle":[34],"Ring of the Snake":[58],"Meat on the Bone":60},"card_choices":[{"not_picked":["Secret Technique","Violence"],"picked":"The Bomb","floor":0},{"not_picked":["Quick Slash","Crippling Poison"],"picked":"Blade Dance","floor":1},{"not_picked":["Choke","Heel Hook"],"picked":"Predator","floor":4},{"not_picked":["Poisoned Stab","Bullet Time"],"picked":"Terror","floor":5},{"not_picked":["Dodge and Roll","Dagger Spray"],"picked":"Backflip","floor":7},{"not_picked":["Sucker Punch","Dodge and Roll"],"picked":"A Thousand Cuts","floor":8},{"not_picked":["Noxious Fumes","Outmaneuver"],"picked":"Acrobatics","floor":10},{"not_picked":["Noxious Fumes","Bane","Quick Slash"],"picked":"SKIP","floor":14},{"not_picked":["Doppelganger","Grand Finale"],"picked":"Adrenaline","floor":16},{"not_picked":["Sucker Punch","Bane","Quick Slash"],"picked":"SKIP","floor":18},{"not_picked":["Deadly Poison","Distraction+1"],"picked":"Blade Dance","floor":19},{"not_picked":["Expertise","Deadly Poison"],"picked":"Leg Sweep","floor":22},{"not_picked":["Expertise","All Out Attack"],"picked":"PiercingWail","floor":23},{"not_picked":["Slice","Quick Slash"],"picked":"Deflect","floor":25},{"not_picked":["Bane+1","Accuracy"],"picked":"Blade Dance","floor":29},{"not_picked":["Sucker Punch","Deflect"],"picked":"Acrobatics","floor":30},{"not_picked":["Outmaneuver","Bane+1"],"picked":"Tools of the Trade","floor":31},{"not_picked":["Die Die Die","Burst"],"picked":"Adrenaline","floor":33},{"not_picked":["Poisoned Stab","Deflect"],"picked":"Acrobatics","floor":35},{"not_picked":["Dagger Spray+1","Prepared"],"picked":"Blur+1","floor":36},{"not_picked":["Cloak And Dagger","Deadly Poison","Underhanded Strike+1"],"picked":"SKIP","floor":37},{"not_picked":["Endless Agony","Eviscerate"],"picked":"Outmaneuver+1","floor":38},{"not_picked":["Setup","Predator"],"picked":"Leg Sweep","floor":40},{"not_picked":["A Thousand Cuts","Cloak And Dagger"],"picked":"Accuracy","floor":44},{"not_picked":["Prepared","Slice","Flying Knee"],"picked":"SKIP","floor":45},{"not_picked":["Cloak And Dagger+1","Corpse Explosion"],"picked":"Venomology","floor":48},{"not_picked":["Dodge and Roll","Leg Sweep"],"picked":"PiercingWail","floor":55}],"player_experience":4414410,"relics_obtained":[{"floor":8,"key":"Sundial"},{"floor":9,"key":"Kunai"},{"floor":23,"key":"Pear"},{"floor":25,"key":"Oddly Smooth Stone"},{"floor":26,"key":"Meat on the Bone"},{"floor":30,"key":"Unceasing Top"},{"floor":40,"key":"Bag of Marbles"},{"floor":48,"key":"Happy Flower"},{"floor":55,"key":"Akabeko"}],"event_choices":[{"damage_healed":0,"gold_gain":0,"player_choice":"Entered Light","damage_taken":20,"max_hp_gain":0,"max_hp_loss":0,"event_name":"Shining Light","floor":2,"gold_loss":0,"cards_upgraded":["The Bomb","Strike_G"]},{"cards_removed":["Strike_G"],"damage_healed":0,"gold_gain":0,"player_choice":"Offered Basic","damage_taken":0,"max_hp_gain":0,"max_hp_loss":0,"event_name":"Bonfire Elementals","floor":3,"gold_loss":0},{"damage_healed":0,"gold_gain":0,"player_choice":"Simplicity","damage_taken":0,"max_hp_gain":0,"max_hp_loss":0,"event_name":"Back to Basics","floor":20,"gold_loss":0,"cards_upgraded":["Strike_G","Strike_G","Strike_G","Defend_G","Defend_G","Defend_G","Defend_G","Defend_G"]},{"damage_healed":0,"gold_gain":0,"player_choice":"0 cards matched","damage_taken":0,"max_hp_gain":0,"max_hp_loss":0,"event_name":"Match and Keep!","floor":21,"gold_loss":0,"cards_obtained":[]},{"cards_removed":["Defend_G"],"damage_healed":0,"gold_gain":0,"player_choice":"Removed Skill","damage_taken":0,"max_hp_gain":0,"max_hp_loss":0,"event_name":"Falling","floor":39,"gold_loss":0},{"damage_healed":0,"gold_gain":0,"player_choice":"Ignored","damage_taken":0,"max_hp_gain":0,"max_hp_loss":0,"event_name":"Tomb of Lord Red Mask","floor":42,"gold_loss":0}],"is_beta":false,"boss_relics":[{"not_picked":["SacredBark","Velvet Choker"],"picked":"HoveringKite"},{"not_picked":["Black Star","Busted Crown"],"picked":"Fusion Hammer"}],"items_purged_floors":[28,47],"is_endless":false,"potions_floor_spawned":[4,7,10,19,22,23,36,38,44,45],"ascension_level":20,"potion_discard_per_floor":[[],[],[],[],[],[],[],[],[],[],[],[],[],[],[],[],[],[],[],[],[],[],[],[],[],[],[],[],[],[],[],[],[],[],[],[],[],["BlessingOfTheForge"],[],[],[],[],[],[],[],[],[],[],[],[],[],[],[],[],[],[],[]]}