{"neow_bonuses_skipped_log":["TRANSFORM_CARD","REMOVE_TWO","BOSS_RELIC"],"potions_obtained_entropic_brew":[[],[],[],[],[],[],[],[],[],[],[],[],[],[],[],[],[],[],[],[],[],[],[],[],[],[],[],[],[],[],[],[],[],[],[],[],[]],"neow_costs_skipped_log":["NONE","NO_GOLD","NONE"],"gold_per_floor":[111,125,139,64,64,64,89,89,89,120,9,34,77,25,25,115,115,130,130,145,41,57,57,96,96,96,96,140,156,156,196,196,289,289,302,635,684],"floor_reached":37,"playtime":4858,"items_purged":["Defend_G"],"score":895,"play_id":"64a2e38d-be90-4fde-b290-7e469bc0148d","local_time":"20221115184830","score_breakdown":["Floors Climbed (37): 185","Enemies Slain (10): 20","Exordium Elites Killed (2): 20","City Elites Killed (3): 60","Beyond Elites Killed (0): 0","Bosses Slain (2): 150","Money Money (1007): 25","Ascension (20): 435"],"is_ascension_mode":true,"potions_obtained_alchemize":[[],[],[],[],[],[],[],[],[],[],[],[],[],[],[],[],[],[],[],[],[],[],[],[],[],[],[],[],[],[],[],[],[],[],[],[],[]],"campfire_choices":[{"data":"Cloak And Dagger","floor":6.0,"key":"SMITH"},{"data":"Blade Dance","floor":8.0,"key":"SMITH"},{"data":"Poisoned Stab","floor":15.0,"key":"SMITH"},{"data":"Wraith Form v2","floor":23.0,"key":"SMITH"},{"data":"Crippling Poison","floor":25.0,"key":"SMITH"},{"data":"Well Laid Plans","floor":30.0,"key":"SMITH"},{"data":"Accuracy","floor":32.0,"key":"SMITH"}],"lesson_learned_per_floor":[[],[],[],[],[],[],[],[],[],[],[],[],[],[],[],[],[],[],[],[],[],[],[],[],[],[],[],[],[],[],[],[],[],[],[],[],[]],"neow_cost":"NONE","improvable_cards":{},"seed_source_timestamp":4120517262989,"shop_contents":[{"floor":11,"relics":["TungstenRod","Matryoshka","TwistedFunnel"],"cards":["Sucker Punch","Concentrate","Outmaneuver","Footwork","Swift Strike","Transmutation"],"potions":["LiquidBronze","CunningPotion"]},{"floor":14,"relics":["Ornamental Fan","Lizard Tail","Medical Kit"],"cards":["Dash","Concentrate","PiercingWail","Caltrops","Blind","The Bomb"],"potions":["CunningPotion","Energy Potion","Weak Potion"]},{"floor":21,"relics":["Prayer Wheel","Centennial Puzzle","Chemical X"],"cards":["Underhanded Strike","Flechettes","Blade Dance","Caltrops","Mind Blast","Transmutation"],"potions":["DistilledChaos","Regen Potion","Dexterity Potion"]}],"circlet_count":0,"master_deck":["AscendersBane","Strike_G","Strike_G","Strike_G","Strike_G","Strike_G","Defend_G","Defend_G","Defend_G","Survivor","Neutralize","Cloak And Dagger+1","Blade Dance+1","Escape Plan","Flying Knee","PiercingWail","Poisoned Stab","Infinite Blades","Blade Dance","Poisoned Stab+1","Wraith Form v2+1","Crippling Poison+1","Well Laid Plans+1","Backflip","Accuracy+1","Backflip","Leg Sweep","Predator","Malaise","Backflip"],"special_seed":0,"potion_use_per_floor":[[],[],[],[],[],[],[],[],[],["DuplicationPotion"],[],["Dexterity Potion"],[],[],[],["Block Potion"],[],[],[],[],[],[],[],["Energy Potion"],[],[],["Fruit Juice"],[],[],[],[],[],[],[],[],[],["FairyPotion"]],"relics":["Ring of the Snake","Snake Skull","Mango","CaptainsWheel","Shovel","Coffee Dripper","Toy Ornithopter","WingedGreaves","StoneCalendar","The Courier","SlaversCollar","Gambling Chip"],"potions_floor_usage":[],"damage_taken":[{"damage":1.0,"enemies":"Jaw Worm","floor":1.0,"turns":5.0},{"damage":0.0,"enemies":"2 Louse","floor":2.0,"turns":3.0},{"damage":0.0,"enemies":"Cultist","floor":3.0,"turns":4.0},{"damage":3.0,"enemies":"Blue Slaver","floor":7.0,"turns":4.0},{"damage":44.0,"enemies":"Lagavulin","floor":10.0,"turns":8.0},{"damage":0.0,"enemies":"3 Louse","floor":12.0,"turns":3.0},{"damage":17.0,"enemies":"Gremlin Nob","floor":13.0,"turns":4.0},{"damage":6.0,"enemies":"Hexaghost","floor":16.0,"turns":9.0},{"damage":3.0,"enemies":"2 Thieves","floor":18.0,"turns":4.0},{"damage":6.0,"enemies":"Shell Parasite","floor":20.0,"turns":5.0},{"damage":16.0,"enemies":"Centurion and Healer","floor":22.0,"turns":7.0},{"damage":9.0,"enemies":"Book of Stabbing","floor":24.0,"turns":5.0},{"damage":7.0,"enemies":"Gremlin Leader","floor":28.0,"turns":5.0},{"damage":10.0,"enemies":"Snecko","floor":29.0,"turns":4.0},{"damage":2.0,"enemies":"Book of Stabbing","floor":31.0,"turns":6.0},{"damage":11.0,"enemies":"Champ","floor":33.0,"turns":12.0},{"damage":0.0,"enemies":"3 Shapes","floor":35.0,"turns":4.0},{"damage":84,"enemies":"2 Orb Walkers","floor":37,"turns":6}],"seed_played":"9081314901933019330","neow_bonus_log":{"cardsObtained":[],"cardsUpgraded":[],"cardsRemoved":[],"cardsTransformed":[],"relicsObtained":["Snake Skull"],"maxHpGained":0,"goldGained":0,"damageTaken":0,"goldLost":0,"maxHpLost":0},"potions_obtained":[{"floor":1.0,"key":"Dexterity Potion"},{"floor":2.0,"key":"GamblersBrew"},{"floor":7.0,"key":"DuplicationPotion"},{"floor":12.0,"key":"CunningPotion"},{"floor":18.0,"key":"Energy Potion"},{"floor":27.0,"key":"Fruit Juice"},{"floor":27.0,"key":"FairyPotion"}],"is_trial":false,"path_per_floor":["M","M","M","?","?","R","M","R","T","E","$","M","E","$","R","B",null,"M","?","M","$","M","R","E","R","T","?","E","M","R","E","R","B",null,"M","?","?"],"character_chosen":"THE_SILENT","items_purchased":["Poisoned Stab","Block Potion","Poisoned Stab","Backflip"],"campfire_rested":0,"item_purchase_floors":[11,11,14,21],"current_hp_per_floor":[58,58,58,58,58,58,55,55,69,25,25,25,8,8,8,2,56,53,53,47,47,31,31,22,22,22,32,25,15,15,13,13,2,60,60,60,23],"gold":684,"neow_bonus":"RANDOM_COMMON_RELIC","is_prod":false,"is_daily":false,"rewards_skipped":[{"floor":13,"relics":[],"potions":["AttackPotion"]},{"floor":22,"relics":[],"potions":["LiquidBronze"]},{"floor":28,"relics":[],"potions":["ColorlessPotion"]},{"floor":33,"relics":[],"potions":["FearPotion"]}],"chose_seed":false,"campfire_upgraded":7,"win_rate":0,"floor_exit_playtime":[222,261,332,365,381,389,479,486,500,633,723,895,1024,1054,1212,1544,1758,1846,1874,2025,2088,2311,2330,2529,2538,2567,2614,2892,2993,3008,3194,3206,4279,4564,4650,4668],"timestamp":1668556110,"path_taken":["M","M","M","?","?","R","M","R","T","E","$","M","E","$","R","BOSS","M","?","M","$","M","R","E","R","T","?","E","M","R","E","R","BOSS","M","?","?"],"build_version":"2022-10-04","purchased_purges":1,"victory":false,"max_hp_per_floor":[66,66,66,66,60,60,60,60,74,74,74,74,74,74,74,74,74,74,74,74,74,74,74,74,74,74,79,79,79,79,79,79,79,79,79,79,79],"relic_stats":{"Shovel":0,"counters":[18,98],"Gambling Chip":[0],"StoneCalendar":[52],"Snake Skull":[46],"WingedGreaves":0,"The Courier":0,"obtain_stats":[{"Golden Idol":5,"Mango":9,"StoneCalendar":28,"Snake Skull":0,"The Courier":31,"SlaversCollar":34,"CaptainsWheel":10,"Shovel":13,"Gambling Chip":37,"WingedGreaves":26,"Coffee Dripper":17,"Toy Ornithopter":24,"Ring of the Snake":0},{"Golden Idol":3,"Mango":4,"StoneCalendar":13,"Snake Skull":0,"The Courier":15,"SlaversCollar":16,"CaptainsWheel":5,"Shovel":7,"Gambling Chip":18,"WingedGreaves":12,"Coffee Dripper":8,"Toy Ornithopter":12,"Ring of the Snake":0},{"Golden Idol":12,"Mango":16,"StoneCalendar":66,"Snake Skull":0,"The Courier":76,"SlaversCollar":88,"CaptainsWheel":24,"Shovel":31,"Gambling Chip":98,"WingedGreaves":61,"Coffee Dripper":40,"Toy Ornithopter":61,"Ring of the Snake":0}],"Toy Ornithopter":5,"Ring of the Snake":[36]},"card_choices":[{"not_picked":["Expertise","Riddle With Holes"],"picked":"Cloak And Dagger","floor":1.0},{"not_picked":["Quick Slash","Prepared"],"picked":"Blade Dance","floor":2.0},{"not_picked":["Cloak And Dagger","Tactician"],"picked":"Escape Plan","floor":3.0},{"not_picked":["Catalyst","Tactician"],"picked":"Flying Knee","floor":7.0},{"not_picked":["Deflect","Flying Knee"],"picked":"PiercingWail","floor":10.0},{"not_picked":["Expertise","Riddle With Holes"],"picked":"Infinite Blades","floor":12.0},{"not_picked":["Distraction","Endless Agony"],"picked":"Blade Dance","floor":13.0},{"not_picked":["Bullet Time","Adrenaline"],"picked":"Wraith Form v2","floor":16.0},{"not_picked":["Outmaneuver","Dagger Spray"],"picked":"Crippling Poison","floor":18.0},{"not_picked":["Deflect","Backflip","Riddle With Holes","Sucker Punch","Flechettes","Expertise","Underhanded Strike","Flying Knee","Poisoned Stab","Eviscerate","Cloak And Dagger","Dash","Dodge and Roll","Prepared","Acrobatics","Dagger Throw","PiercingWail","Tactician","Heel Hook"],"picked":"Well Laid Plans","floor":19.0},{"not_picked":["Deadly Poison","Dagger Throw","Prepared"],"picked":"SKIP","floor":20.0},{"not_picked":["Deadly Poison","Dagger Throw","Prepared"],"picked":"SKIP","floor":20.0},{"not_picked":["Dodge and Roll","Tactician"],"picked":"Accuracy","floor":22.0},{"not_picked":["Distraction","Deadly Poison","Blade Dance"],"picked":"SKIP","floor":24.0},{"not_picked":["Flechettes","Predator"],"picked":"Backflip","floor":28.0},{"not_picked":["Dash+1","Blur"],"picked":"Leg Sweep","floor":29.0},{"not_picked":["Dodge and Roll","Dagger Throw"],"picked":"Predator","floor":31.0},{"not_picked":["Envenom","Die Die Die"],"picked":"Malaise","floor":33.0},{"not_picked":["Poisoned Stab","Dagger Spray"],"picked":"Backflip","floor":35.0}],"player_experience":4445454,"relics_obtained":[{"floor":9.0,"key":"Mango"},{"floor":10.0,"key":"CaptainsWheel"},{"floor":13.0,"key":"Shovel"},{"floor":24.0,"key":"Toy Ornithopter"},{"floor":26.0,"key":"WingedGreaves"},{"floor":28.0,"key":"StoneCalendar"},{"floor":31.0,"key":"The Courier"},{"floor":37,"key":"Gambling Chip"}],"event_choices":[{"cards_removed":["Defend_G"],"damage_healed":0.0,"max_hp_gain":0.0,"max_hp_loss":0.0,"gold_gain":0.0,"event_name":"The Cleric","player_choice":"Card Removal","floor":4.0,"gold_loss":75.0,"damage_taken":0.0},{"damage_healed":0.0,"max_hp_gain":0.0,"max_hp_loss":6.0,"gold_gain":0.0,"event_name":"Golden Idol","player_choice":"Lose Max HP","floor":5.0,"gold_loss":0.0,"damage_taken":0.0,"relics_obtained":["Golden Idol"]},{"damage_healed":0.0,"max_hp_gain":0.0,"max_hp_loss":0.0,"gold_gain":0.0,"event_name":"The Library","player_choice":"Read","floor":19.0,"gold_loss":0.0,"damage_taken":0.0,"cards_obtained":["Well Laid Plans"]},{"damage_healed":0.0,"max_hp_gain":0.0,"max_hp_loss":0.0,"gold_gain":0.0,"event_name":"Lab","player_choice":"Got Potions","floor":27.0,"gold_loss":0.0,"damage_taken":0.0},{"damage_healed":0.0,"max_hp_gain":0.0,"max_hp_loss":0.0,"gold_gain":333.0,"event_name":"The Moai Head","player_choice":"Gave Idol","floor":36.0,"relics_lost":["Golden Idol"],"gold_loss":0.0,"damage_taken":0.0},{"damage_healed":0,"gold_gain":0,"player_choice":"Fight","damage_taken":0,"max_hp_gain":0,"max_hp_loss":0,"event_name":"Mysterious Sphere","floor":37,"gold_loss":0}],"is_beta":false,"boss_relics":[{"not_picked":["HoveringKite","Sozu"],"picked":"Coffee Dripper"},{"not_picked":["Calling Bell","Black Star"],"picked":"SlaversCollar"}],"items_purged_floors":[21],"is_endless":false,"potions_floor_spawned":[1,2,7,12,13,18,22,28,33],"killed_by":"2 Orb Walkers","ascension_level":20,"potion_discard_per_floor":[[],[],[],[],[],[],["GamblersBrew"],[],[],[],[],[],[],[],[],[],[],[],[],[],[],[],[],[],[],[],[],[],[],[],[],[],[],[],[],[],[]]}