{"neow_bonuses_skipped_log":["TRANSFORM_CARD","TEN_PERCENT_HP_BONUS","BOSS_RELIC"],"neow_costs_skipped_log":["NONE","NONE","NONE"],"potions_obtained_entropic_brew":[[],[],[],[],[],[],[],[],[],[],[],[],[],[],[],[],[],[],[],[],[],[],[],[],[],[],[],[],[],[],[],[],[],[],[],[],[],[],[],[],[],[],[],[],[],[],[],[],[],[],[],[],[],[],[],[],[]],"gold_per_floor":[115,132,152,168,168,168,182,217,217,217,248,259,259,26,26,102,102,113,125,125,125,140,140,140,166,166,192,217,229,259,671,683,772,784,811,842,874,196,215,215,227,227,254,299,325,325,336,367,367,367,367,367,367,22,52,52],"floor_reached":57,"playtime":3958,"items_purged":["Strike_G","Expertise"],"score":2928,"play_id":"8ef9564c-1077-4d3b-936b-34ba9fc0876c","local_time":"20221112180309","score_breakdown":["Floors Climbed (57): 285","Enemies Slain (17): 34","Exordium Elites Killed (2): 20","City Elites Killed (2): 40","Beyond Elites Killed (2): 60","Bosses Slain (5): 750","Money Money (1221): 25","Librarian: 25","Champion (5): 125","Ascension (20): 1314","Heartbreaker: 250"],"is_ascension_mode":true,"potions_obtained_alchemize":[[],[],[],[],[],[],[],[],[],[],[],[],[],[],[],[],[],[],[],[],[],[],[],[],[],[],[],[],[],[],[],[],[],[],[],[],[],[],[],[],[],[],[],[],[],[],[],[],[],[],[],[],[],[],[],[],[]],"campfire_choices":[{"data":"Predator","floor":6,"key":"SMITH"},{"data":"Prepared","floor":10,"key":"SMITH"},{"data":"Terror","floor":13,"key":"SMITH"},{"floor":15,"key":"REST"},{"floor":23,"key":"REST"},{"data":"1","floor":29,"key":"LIFT"},{"floor":32,"key":"REST"},{"data":"2","floor":40,"key":"LIFT"},{"data":"3","floor":42,"key":"LIFT"},{"floor":46,"key":"RECALL"},{"floor":49,"key":"REST"},{"floor":53,"key":"REST"}],"lesson_learned_per_floor":[[],[],[],[],[],[],[],[],[],[],[],[],[],[],[],[],[],[],[],[],[],[],[],[],[],[],[],[],[],[],[],[],[],[],[],[],[],[],[],[],[],[],[],[],[],[],[],[],[],[],[],[],[],[],[],[],[]],"neow_cost":"PERCENT_DAMAGE","improvable_cards":{},"seed_source_timestamp":7698360134297,"shop_contents":[{"floor":14,"relics":["Frozen Egg 2","PrismaticShard"],"cards":["Endless Agony","Poisoned Stab","Concentrate","Prepared","Noxious Fumes","Good Instincts","HandOfGreed"],"potions":["Strength Potion","Ancient Potion","SkillPotion"]},{"floor":38,"relics":["Whetstone"],"cards":["All Out Attack","Heel Hook","Blade Dance","Noxious Fumes","Dramatic Entrance","The Bomb"],"potions":["Dexterity Potion","Explosive Potion","SteroidPotion"]},{"floor":54,"relics":["Lantern","Mango","Cauldron"],"cards":["Dagger Spray","Poisoned Stab","Distraction","Terror","Footwork","Enlightenment"],"potions":["Ancient Potion"]}],"circlet_count":0,"master_deck":["AscendersBane","Survivor","Neutralize","Die Die Die","Predator+1","Terror+1","Escape Plan","Calculated Gamble","Endless Agony","Prepared+1","Eviscerate","Backflip","Tools of the Trade","Dagger Spray","Doppelganger","Phantasmal Killer","Endless Agony","Predator","Calculated Gamble","Expertise","Acrobatics+1","Acrobatics","Calculated Gamble","Wraith Form v2","Flechettes","Deflect+1","Leg Sweep","Blur+1","Well Laid Plans+1","Escape Plan","After Image","Eviscerate+1","Dodge and Roll+1","Apotheosis","Well Laid Plans"],"potion_use_per_floor":[[],[],[],[],[],[],["Fruit Juice"],[],[],[],["SkillPotion"],[],[],[],[],[],[],[],[],[],[],["Energy Potion"],[],[],[],[],[],[],[],[],[],[],["DistilledChaos"],[],[],[],["Explosive Potion"],[],[],[],[],[],[],[],[],[],[],[],[],["Strength Potion"],["EssenceOfSteel"],[],[],[],[],["GamblersBrew"],[]],"relics":["Ring of the Snake","Bag of Marbles","Mummified Hand","Bronze Scales","PreservedInsect","Pandora\u0027s Box","Enchiridion","Girya","Bag of Preparation","MawBank","Old Coin","Fusion Hammer","ClockworkSouvenir","FossilizedHelix","TungstenRod","Toy Ornithopter","Meat on the Bone","Strawberry"],"potions_floor_usage":[7,11,22,33,37,50,51,56],"damage_taken":[{"damage":0,"enemies":"2 Louse","floor":1,"turns":1},{"damage":0,"enemies":"Cultist","floor":2,"turns":3},{"damage":2,"enemies":"Small Slimes","floor":3,"turns":2},{"damage":3,"enemies":"Blue Slaver","floor":4,"turns":4},{"damage":0,"enemies":"2 Fungi Beasts","floor":7,"turns":2},{"damage":15,"enemies":"Lagavulin","floor":8,"turns":6},{"damage":15,"enemies":"3 Sentries","floor":11,"turns":4},{"damage":1,"enemies":"Exordium Wildlife","floor":12,"turns":3},{"damage":21,"enemies":"The Guardian","floor":16,"turns":10},{"damage":16,"enemies":"Shell Parasite","floor":18,"turns":2},{"damage":0,"enemies":"Chosen","floor":19,"turns":2},{"damage":0,"enemies":"Snecko","floor":22,"turns":2},{"damage":0,"enemies":"Slavers","floor":25,"turns":2},{"damage":0,"enemies":"Gremlin Leader","floor":27,"turns":2},{"damage":0,"enemies":"Centurion and Healer","floor":28,"turns":3},{"damage":2,"enemies":"Snake Plant","floor":30,"turns":2},{"damage":0,"enemies":"Colosseum Slavers","floor":31,"turns":1},{"damage":7,"enemies":"Colosseum Nobs","floor":31,"turns":2},{"damage":16,"enemies":"Champ","floor":33,"turns":6},{"damage":0,"enemies":"3 Darklings","floor":35,"turns":3},{"damage":0,"enemies":"Orb Walker","floor":36,"turns":2},{"damage":19,"enemies":"Sphere and 2 Shapes","floor":37,"turns":3},{"damage":0,"enemies":"Writhing Mass","floor":39,"turns":3},{"damage":0,"enemies":"4 Shapes","floor":41,"turns":3},{"damage":0,"enemies":"2 Orb Walkers","floor":44,"turns":2},{"damage":0,"enemies":"Reptomancer","floor":45,"turns":2},{"damage":0,"enemies":"Sphere and 2 Shapes","floor":47,"turns":4},{"damage":0,"enemies":"Giant Head","floor":48,"turns":3},{"damage":16,"enemies":"Time Eater","floor":50,"turns":8},{"damage":49,"enemies":"Donu and Deca","floor":51,"turns":6},{"damage":0,"enemies":"Shield and Spear","floor":55,"turns":3},{"damage":69,"enemies":"The Heart","floor":56,"turns":7}],"green_key_taken_log":48,"seed_played":"-6992537565780975568","neow_bonus_log":{"cardsObtained":[],"cardsUpgraded":[],"cardsRemoved":[],"cardsTransformed":[],"relicsObtained":[],"maxHpGained":0,"goldGained":0,"damageTaken":15,"goldLost":0,"maxHpLost":0},"potions_obtained":[{"floor":1,"key":"Explosive Potion"},{"floor":4,"key":"Fruit Juice"},{"floor":7,"key":"SkillPotion"},{"floor":16,"key":"Poison Potion"},{"floor":18,"key":"Explosive Potion"},{"floor":19,"key":"Energy Potion"},{"floor":25,"key":"Poison Potion"},{"floor":28,"key":"DistilledChaos"},{"floor":39,"key":"Strength Potion"},{"floor":41,"key":"EssenceOfSteel"}],"is_trial":false,"path_per_floor":["M","M","M","M","?","R","M","E","T","R","E","M","R","$","R","B",null,"M","M","?","?","M","R","?","E","T","E","M","R","M","?","R","B",null,"M","M","M","$","M","R","M","R","T","?","E","R","M","E","R","B","B",null,"R","$","E","B",null],"character_chosen":"THE_SILENT","items_purchased":["PreservedInsect","ClockworkSouvenir","FossilizedHelix","Leg Sweep","Apotheosis","GamblersBrew","Energy Potion"],"campfire_rested":5,"item_purchase_floors":[14,38,38,38,54,54,54],"current_hp_per_floor":[44,44,42,39,39,39,44,29,29,29,14,13,13,13,34,13,57,41,41,21,21,21,43,22,22,22,22,22,22,20,13,35,19,62,62,62,43,43,43,43,43,43,43,43,43,43,43,43,65,54,22,63,76,76,83,26],"gold":52,"neow_bonus":"THREE_RARE_CARDS","is_prod":false,"is_daily":false,"rewards_skipped":[{"floor":8,"relics":[],"potions":["Weak Potion"]},{"floor":31,"relics":["Ninja Scroll"],"potions":[]},{"floor":45,"relics":[],"potions":["AttackPotion"]},{"floor":47,"relics":[],"potions":["FearPotion"]},{"floor":55,"relics":[],"potions":["Regen Potion"]}],"chose_seed":false,"campfire_upgraded":3,"win_rate":0,"floor_exit_playtime":[88,109,151,190,203,209,252,326,329,336,442,489,505,544,547,685,755,801,855,863,870,927,934,977,1076,1085,1170,1269,1275,1337,1455,1459,1703,1856,1967,2003,2163,2257,2342,2348,2422,2427,2430,2481,2549,2554,2703,2791,2797,2997,3221,3236,3240,3439,3631,3958],"timestamp":1668294189,"blue_key_relic_skipped_log":{"floor":43,"relicID":"War Paint"},"path_taken":["M","M","M","M","?","R","?","E","T","R","E","M","R","$","R","BOSS","M","M","?","?","M","R","?","E","T","E","M","R","?","?","R","BOSS","M","M","M","$","M","R","M","R","T","?","E","R","M","E","R","BOSS","BOSS","R","$","E","BOSS"],"build_version":"2022-10-04","purchased_purges":2,"victory":true,"max_hp_per_floor":[66,66,66,66,66,66,71,71,71,71,71,71,71,71,71,71,71,71,71,76,76,76,76,76,76,76,76,76,76,76,76,76,76,76,76,76,76,76,76,76,76,76,76,76,76,76,76,76,76,76,76,76,76,76,83,83],"relic_stats":{"Girya":3,"counters":[32,108],"PreservedInsect":391,"Bag of Preparation":[22],"MawBank":132,"Mummified Hand":[88],"Bronze Scales":[263],"Pandora\u0027s Box":["Dagger Spray","Doppelganger","Phantasmal Killer","Endless Agony","Predator","Calculated Gamble","Expertise","Expertise"],"obtain_stats":[{"Girya":25,"Enchiridion":24,"PreservedInsect":14,"Bag of Preparation":26,"MawBank":27,"Old Coin":31,"ClockworkSouvenir":38,"Mummified Hand":9,"Bronze Scales":11,"Strawberry":55,"Pandora\u0027s Box":17,"Fusion Hammer":34,"Bag of Marbles":8,"FossilizedHelix":38,"TungstenRod":44,"Toy Ornithopter":45,"Ring of the Snake":0,"Meat on the Bone":48},{"Girya":13,"Enchiridion":12,"PreservedInsect":8,"Bag of Preparation":13,"MawBank":14,"Old Coin":18,"ClockworkSouvenir":22,"Mummified Hand":6,"Bronze Scales":7,"Strawberry":31,"Pandora\u0027s Box":9,"Fusion Hammer":19,"Bag of Marbles":6,"FossilizedHelix":22,"TungstenRod":25,"Toy Ornithopter":26,"Ring of the Snake":0,"Meat on the Bone":28},{"Girya":43,"Enchiridion":41,"PreservedInsect":25,"Bag of Preparation":43,"MawBank":45,"Old Coin":53,"ClockworkSouvenir":67,"Mummified Hand":18,"Bronze Scales":22,"Strawberry":101,"Pandora\u0027s Box":35,"Fusion Hammer":59,"Bag of Marbles":18,"FossilizedHelix":67,"TungstenRod":75,"Toy Ornithopter":77,"Ring of the Snake":0,"Meat on the Bone":84}],"FossilizedHelix":[64],"TungstenRod":57,"Toy Ornithopter":10,"Ring of the Snake":[69],"Meat on the Bone":24},"card_choices":[{"not_picked":["Bullet Time","Grand Finale"],"picked":"Die Die Die","floor":0},{"not_picked":["Footwork","Caltrops"],"picked":"Predator","floor":1},{"not_picked":["Calculated Gamble","Poisoned Stab"],"picked":"Terror","floor":2},{"not_picked":["Choke","Eviscerate"],"picked":"Escape Plan","floor":3},{"not_picked":["Outmaneuver","Prepared"],"picked":"Calculated Gamble","floor":4},{"not_picked":["Quick Slash","Dash"],"picked":"Endless Agony","floor":7},{"not_picked":["Slice","Sucker Punch"],"picked":"Prepared","floor":8},{"not_picked":["Terror","Infinite Blades"],"picked":"Eviscerate","floor":11},{"not_picked":["Dash","PiercingWail"],"picked":"Backflip","floor":12},{"not_picked":["Doppelganger","Unload"],"picked":"Tools of the Trade","floor":16},{"not_picked":["Dodge and Roll","Endless Agony"],"picked":"Acrobatics+1","floor":18},{"not_picked":["Poisoned Stab","Cloak And Dagger"],"picked":"Acrobatics","floor":19},{"not_picked":["Blade Dance","Dagger Spray","Quick Slash"],"picked":"SKIP","floor":22},{"not_picked":["Glass Knife","Dash","Sucker Punch"],"picked":"SKIP","floor":25},{"not_picked":["Bane","Endless Agony","Distraction"],"picked":"SKIP","floor":27},{"not_picked":["Bouncing Flask","Outmaneuver"],"picked":"Calculated Gamble","floor":28},{"not_picked":["Infinite Blades+1","Dagger Throw","Blade Dance"],"picked":"SKIP","floor":30},{"not_picked":["Cloak And Dagger","Quick Slash","Dagger Spray"],"picked":"SKIP","floor":31},{"not_picked":["Corpse Explosion","Burst"],"picked":"Wraith Form v2","floor":33},{"not_picked":["Underhanded Strike","Blade Dance"],"picked":"Flechettes","floor":35},{"not_picked":["Dodge and Roll","Backflip"],"picked":"Deflect+1","floor":36},{"not_picked":["Slice","Dagger Spray","Cloak And Dagger"],"picked":"SKIP","floor":37},{"not_picked":["Deadly Poison","Storm of Steel"],"picked":"Blur+1","floor":39},{"not_picked":["Prepared","Dagger Throw"],"picked":"Well Laid Plans+1","floor":41},{"not_picked":["Dodge and Roll","Underhanded Strike"],"picked":"Escape Plan","floor":44},{"not_picked":["Quick Slash","Skewer+1"],"picked":"After Image","floor":45},{"not_picked":["Sucker Punch+1","Dagger Throw+1"],"picked":"Eviscerate+1","floor":47},{"not_picked":["All Out Attack","Blade Dance"],"picked":"Dodge and Roll+1","floor":48},{"not_picked":["Flying Knee+1","Masterful Stab"],"picked":"Well Laid Plans","floor":55}],"player_experience":4426615,"relics_obtained":[{"floor":8,"key":"Bag of Marbles"},{"floor":9,"key":"Mummified Hand"},{"floor":11,"key":"Bronze Scales"},{"floor":24,"key":"Enchiridion"},{"floor":25,"key":"Girya"},{"floor":26,"key":"Bag of Preparation"},{"floor":27,"key":"MawBank"},{"floor":31,"key":"Old Coin"},{"floor":44,"key":"TungstenRod"},{"floor":45,"key":"Toy Ornithopter"},{"floor":48,"key":"Meat on the Bone"},{"floor":55,"key":"Strawberry"}],"event_choices":[{"cards_removed":["Strike_G"],"damage_healed":0,"gold_gain":0,"player_choice":"Purged","damage_taken":0,"max_hp_gain":0,"max_hp_loss":0,"event_name":"Purifier","floor":5,"gold_loss":0},{"damage_healed":0,"gold_gain":0,"player_choice":"Shed Blood","damage_taken":25,"max_hp_gain":5,"max_hp_loss":0,"event_name":"Forgotten Altar","floor":20,"gold_loss":0},{"damage_healed":0,"gold_gain":0,"player_choice":"Ignored","damage_taken":0,"max_hp_gain":0,"max_hp_loss":0,"event_name":"Vampires","floor":21,"gold_loss":0},{"damage_healed":0,"gold_gain":0,"player_choice":"Obtained Book","damage_taken":21,"max_hp_gain":0,"max_hp_loss":0,"event_name":"Cursed Tome","floor":24,"gold_loss":0},{"damage_healed":0,"gold_gain":0,"player_choice":"Fight","damage_taken":0,"max_hp_gain":0,"max_hp_loss":0,"event_name":"Colosseum","floor":31,"gold_loss":0},{"damage_healed":0,"gold_gain":0,"player_choice":"Fought Nobs","damage_taken":0,"max_hp_gain":0,"max_hp_loss":0,"event_name":"Colosseum","floor":31,"gold_loss":0},{"damage_healed":0,"gold_gain":0,"player_choice":"Fight","damage_taken":0,"max_hp_gain":0,"max_hp_loss":0,"event_name":"Mysterious Sphere","floor":44,"gold_loss":0}],"is_beta":false,"boss_relics":[{"not_picked":["Cursed Key","Snecko Eye"],"picked":"Pandora\u0027s Box"},{"not_picked":["Calling Bell","Velvet Choker"],"picked":"Fusion Hammer"}],"items_purged_floors":[14,38],"is_endless":false,"potions_floor_spawned":[1,4,7,8,16,18,19,25,28,39,41,45,47,55],"ascension_level":20,"potion_discard_per_floor":[[],[],[],[],[],[],[],[],[],[],[],[],[],[],[],[],[],["Poison Potion"],["Explosive Potion"],[],[],[],[],[],[],[],[],["Poison Potion"],[],[],[],[],[],[],[],[],[],[],[],[],[],[],[],[],[],[],[],[],[],[],[],[],[],[],[],["Energy Potion"],[]]}