{"neow_bonuses_skipped_log":["TEN_PERCENT_HP_BONUS"],"potions_obtained_entropic_brew":[[],[],[],[],[],[],[],[],[],[],[],[],[],[],[],[],[],[],[],[],[],[],[],[],[],[],[],[],[],[],[],[],[]],"neow_costs_skipped_log":["NONE"],"gold_per_floor":[111,186,186,205,480,511,529,547,572,597,597,615,41,70,70,147,147,161,161,175,18,37,66,66,66,66,66,66,66,101,26,26,26],"floor_reached":33,"playtime":1930,"items_purged":["Regret","Strike_G"],"score":752,"play_id":"376c9e88-c1d8-4e3f-bb4e-b6590e8d0879","local_time":"20221201175842","score_breakdown":["Floors Climbed (33): 165","Enemies Slain (8): 16","Exordium Elites Killed (3): 30","City Elites Killed (2): 40","Bosses Slain (1): 50","Champion (3): 75","Ascension (20): 376"],"is_ascension_mode":true,"potions_obtained_alchemize":[[],[],[],[],[],[],[],[],[],[],[],[],[],[],[],[],[],[],[],[],[],[],[],[],[],[],[],[],[],[],[],[],[]],"campfire_choices":[{"floor":11,"key":"REST"},{"data":"Die Die Die","floor":15,"key":"SMITH"},{"data":"Wraith Form v2","floor":25,"key":"SMITH"},{"data":"RitualDagger","floor":27,"key":"SMITH"},{"data":"Prepared","floor":29,"key":"SMITH"},{"data":"Ghostly","floor":32,"key":"SMITH"}],"lesson_learned_per_floor":[[],[],[],[],[],[],[],[],[],[],[],[],[],[],[],[],[],[],[],[],[],[],[],[],[],[],[],[],[],[],[],[],[]],"neow_cost":"NONE","improvable_cards":{"RitualDagger+1":[20]},"seed_source_timestamp":12210422397556,"shop_contents":[{"floor":13,"relics":["TheAbacus"],"cards":["Dagger Spray","Sucker Punch","Outmaneuver","Infinite Blades","Discovery","Metamorphosis"],"potions":["Block Potion","Swift Potion"]},{"floor":21,"relics":["Strawberry","White Beast Statue","Lee\u0027s Waffle"],"cards":["Dagger Spray","Quick Slash","Leg Sweep","Noxious Fumes","Bandage Up","Master of Strategy"],"potions":["ColorlessPotion","SkillPotion","Energy Potion"]}],"circlet_count":0,"master_deck":["AscendersBane","Strike_G","Strike_G","Strike_G","Defend_G","Defend_G","Defend_G","Defend_G","Defend_G","Survivor","Neutralize","Backstab+1","Blade Dance","Slice","Predator","Poisoned Stab","Acrobatics","Die Die Die+1","Terror","Masterful Stab","Wraith Form v2+1","Backflip","Ghostly+1","Ghostly","Ghostly","Prepared+1","Backflip","Tactician","RitualDagger+1"],"potion_use_per_floor":[[],[],[],[],[],[],[],[],[],["LiquidMemories","Weak Potion"],[],[],[],[],[],["CultistPotion"],[],[],[],[],[],[],["FearPotion"],[],[],[],[],[],[],[],[],[],["GamblersBrew","FearPotion"]],"relics":["Ring of the Snake","NeowsBlessing","Happy Flower","Regal Pillow","Potion Belt","Orichalcum","Oddly Smooth Stone","Bottled Flame","Coffee Dripper","Art of War","Gremlin Horn","Bottled Lightning"],"potions_floor_usage":[10,10,16,23,33,33],"damage_taken":[{"damage":0,"enemies":"Small Slimes","floor":1,"turns":1},{"damage":0,"enemies":"Cultist","floor":4,"turns":1},{"damage":0,"enemies":"3 Sentries","floor":6,"turns":1},{"damage":0,"enemies":"2 Louse","floor":7,"turns":1},{"damage":2,"enemies":"Gremlin Gang","floor":8,"turns":3},{"damage":25,"enemies":"Gremlin Nob","floor":10,"turns":4},{"damage":0,"enemies":"Large Slime","floor":12,"turns":4},{"damage":14,"enemies":"Lagavulin","floor":14,"turns":5},{"damage":18,"enemies":"Hexaghost","floor":16,"turns":7},{"damage":6,"enemies":"Shell Parasite","floor":18,"turns":4},{"damage":0,"enemies":"2 Thieves","floor":20,"turns":4},{"damage":0,"enemies":"Snake Plant","floor":22,"turns":4},{"damage":0,"enemies":"Book of Stabbing","floor":23,"turns":7},{"damage":0,"enemies":"Slavers","floor":30,"turns":3},{"damage":32,"enemies":"Champ","floor":33,"turns":13}],"seed_played":"2041716168401526289","neow_bonus_log":{"cardsObtained":[],"cardsUpgraded":[],"cardsRemoved":[],"cardsTransformed":[],"relicsObtained":["NeowsBlessing"],"maxHpGained":0,"goldGained":0,"damageTaken":0,"goldLost":0,"maxHpLost":0},"potions_obtained":[{"floor":4,"key":"Weak Potion"},{"floor":7,"key":"LiquidMemories"},{"floor":14,"key":"FearPotion"},{"floor":16,"key":"GamblersBrew"},{"floor":18,"key":"FearPotion"}],"is_trial":false,"path_per_floor":["M","?","?","M","?","E","M","M","T","E","R","M","$","E","R","B",null,"M","?","M","$","M","E","?","R","T","R","?","R","E","?","R","B"],"character_chosen":"THE_SILENT","items_purchased":["Terror","Orichalcum","Oddly Smooth Stone","CultistPotion","Backflip"],"campfire_rested":1,"item_purchase_floors":[13,13,13,13,21],"current_hp_per_floor":[59,48,48,48,48,48,48,46,46,21,55,55,55,41,41,23,55,49,33,33,33,33,33,27,27,27,27,20,20,20,20,20,0],"gold":26,"neow_bonus":"THREE_ENEMY_KILL","is_prod":false,"is_daily":false,"rewards_skipped":[],"chose_seed":false,"campfire_upgraded":5,"win_rate":0,"floor_exit_playtime":[76,78,88,102,137,170,261,378,381,568,574,615,707,799,809,928,998,1055,1058,1115,1187,1238,1317,1328,1336,1338,1345,1349,1360,1496,1502,1511],"timestamp":1669935522,"path_taken":["M","?","?","?","?","E","M","?","T","E","R","M","$","E","R","BOSS","M","?","M","$","M","E","?","R","T","R","?","R","E","?","R","BOSS"],"build_version":"2022-10-04","purchased_purges":2,"victory":false,"max_hp_per_floor":[66,66,66,66,66,66,66,66,66,66,66,66,66,66,66,66,66,66,33,33,33,33,33,33,33,33,33,38,38,38,38,38,38],"relic_stats":{"Regal Pillow":15,"Bottled Flame":"Die Die Die","Happy Flower":[19],"Gremlin Horn":[2,2],"counters":[15,62],"Art of War":[1],"Bottled Lightning":"Terror","Orichalcum":[150],"obtain_stats":[{"Potion Belt":10,"Regal Pillow":9,"Bottled Flame":14,"NeowsBlessing":0,"Happy Flower":6,"Gremlin Horn":26,"Oddly Smooth Stone":13,"Coffee Dripper":17,"Art of War":23,"Bottled Lightning":30,"Orichalcum":13,"Ring of the Snake":0},{"Potion Belt":6,"Regal Pillow":5,"Bottled Flame":8,"NeowsBlessing":0,"Happy Flower":3,"Gremlin Horn":13,"Oddly Smooth Stone":7,"Coffee Dripper":9,"Art of War":13,"Bottled Lightning":14,"Orichalcum":7,"Ring of the Snake":0},{"Potion Belt":11,"Regal Pillow":7,"Bottled Flame":20,"NeowsBlessing":0,"Happy Flower":3,"Gremlin Horn":46,"Oddly Smooth Stone":15,"Coffee Dripper":27,"Art of War":46,"Bottled Lightning":49,"Orichalcum":15,"Ring of the Snake":0}],"Ring of the Snake":[30]},"card_choices":[{"not_picked":["PiercingWail","Acrobatics"],"picked":"Backstab","floor":1},{"not_picked":["Quick Slash","Backflip"],"picked":"Blade Dance","floor":4},{"not_picked":["Riddle With Holes","Quick Slash"],"picked":"Slice","floor":6},{"not_picked":["Sucker Punch","Escape Plan"],"picked":"Predator","floor":7},{"not_picked":["Underhanded Strike","Sucker Punch"],"picked":"Poisoned Stab","floor":8},{"not_picked":["Eviscerate","Distraction"],"picked":"Acrobatics","floor":10},{"not_picked":["Distraction","Setup"],"picked":"Die Die Die","floor":12},{"not_picked":["Poisoned Stab","Quick Slash"],"picked":"Masterful Stab","floor":14},{"not_picked":["Venomology","Unload"],"picked":"Wraith Form v2","floor":16},{"not_picked":["Cloak And Dagger","Catalyst"],"picked":"Backflip","floor":18},{"not_picked":["Dodge and Roll","Sucker Punch"],"picked":"Prepared","floor":20},{"not_picked":["Flying Knee","Dagger Spray"],"picked":"Tactician","floor":22},{"not_picked":["Choke+1","Flechettes","Storm of Steel"],"picked":"SKIP","floor":23},{"not_picked":["Flying Knee","Backstab","Accuracy"],"picked":"SKIP","floor":30}],"player_experience":4586454,"relics_obtained":[{"floor":6,"key":"Happy Flower"},{"floor":9,"key":"Regal Pillow"},{"floor":10,"key":"Potion Belt"},{"floor":14,"key":"Bottled Flame"},{"floor":23,"key":"Art of War"},{"floor":26,"key":"Gremlin Horn"},{"floor":30,"key":"Bottled Lightning"}],"event_choices":[{"damage_healed":0,"gold_gain":75,"player_choice":"Gather Gold","damage_taken":11,"max_hp_gain":0,"max_hp_loss":0,"event_name":"World of Goop","floor":2,"gold_loss":0},{"damage_healed":0,"gold_gain":0,"player_choice":"Upgraded","damage_taken":0,"max_hp_gain":0,"max_hp_loss":0,"event_name":"Upgrade Shrine","floor":3,"gold_loss":0,"cards_upgraded":["Backstab"]},{"damage_healed":0,"gold_gain":275,"player_choice":"Desecrate","damage_taken":0,"max_hp_gain":0,"max_hp_loss":0,"event_name":"Golden Shrine","floor":5,"gold_loss":0,"cards_obtained":["Regret"]},{"damage_healed":0,"gold_gain":0,"player_choice":"Became a Ghost","damage_taken":0,"max_hp_gain":0,"max_hp_loss":33,"event_name":"Ghosts","floor":19,"gold_loss":0,"cards_obtained":["Ghostly","Ghostly","Ghostly"]},{"damage_healed":0,"gold_gain":0,"player_choice":"Joined the Cult","damage_taken":6,"max_hp_gain":0,"max_hp_loss":0,"event_name":"Nest","floor":24,"gold_loss":0,"cards_obtained":["RitualDagger"]},{"damage_healed":0,"gold_gain":0,"player_choice":"Shed Blood","damage_taken":12,"max_hp_gain":5,"max_hp_loss":0,"event_name":"Forgotten Altar","floor":28,"gold_loss":0},{"cards_removed":["Strike_G"],"damage_healed":0,"gold_gain":0,"player_choice":"Gave Gold","damage_taken":0,"max_hp_gain":0,"max_hp_loss":0,"event_name":"Beggar","floor":31,"gold_loss":75}],"is_beta":false,"boss_relics":[{"not_picked":["Velvet Choker","WristBlade"],"picked":"Coffee Dripper"}],"items_purged_floors":[13,21],"is_endless":false,"potions_floor_spawned":[4,7,14,16,18],"killed_by":"Champ","ascension_level":20,"potion_discard_per_floor":[[],[],[],[],[],[],[],[],[],[],[],[],[],[],[],[],[],[],[],[],[],[],[],[],[],[],[],[],[],[],[],[],[]]}