{"neow_bonuses_skipped_log":["HUNDRED_GOLD","THREE_RARE_CARDS","BOSS_RELIC"],"potions_obtained_entropic_brew":[[],[],[],[],[],[],[],[],[],[],[],[],[],[],[],[],[],[],[],[],[],[],[],[],[]],"neow_costs_skipped_log":["NONE","CURSE","NONE"],"gold_per_floor":[117,42,60,70,87,87,87,114,161,174,199,210,210,210,210,287,287,299,299,311,37,56,87,87,87],"floor_reached":25,"playtime":2513,"items_purged":[],"score":541,"play_id":"7ea27ffd-8792-4d17-ab50-e5ce0189825a","local_time":"20221127172907","score_breakdown":["Floors Climbed (25): 125","Enemies Slain (9): 18","Exordium Elites Killed (2): 20","City Elites Killed (1): 20","Bosses Slain (1): 50","Collector (1): 25","Champion (1): 25","Ascension (20): 258"],"is_ascension_mode":true,"potions_obtained_alchemize":[[],[],[],[],[],[],[],[],[],[],[],[],[],[],[],[],[],[],[],[],[],[],[],[],[]],"campfire_choices":[{"data":"Bouncing Flask","floor":6,"key":"SMITH"},{"data":"All Out Attack","floor":13,"key":"SMITH"},{"data":"Noxious Fumes","floor":15,"key":"SMITH"},{"data":"Bullet Time","floor":24,"key":"SMITH"}],"lesson_learned_per_floor":[[],[],[],[],[],[],[],[],[],[],[],[],[],[],[],[],[],[],[],[],[],[],[],[],[]],"neow_cost":"NONE","improvable_cards":{},"seed_source_timestamp":1055597749118,"shop_contents":[{"floor":21,"relics":["StoneCalendar","Letter Opener"],"cards":["Skewer","Bane","Crippling Poison","Caltrops","Flash of Steel","The Bomb"],"potions":["EntropicBrew","SteroidPotion"]}],"circlet_count":0,"master_deck":["AscendersBane","Defend_G","Defend_G","Defend_G","Survivor","Neutralize","Bullet Time+1","Footwork","Poisoned Stab","Bouncing Flask+1","Dagger Throw","Backflip","Noxious Fumes+1","All Out Attack+1","Acrobatics","Corpse Explosion","Acrobatics","Bite","Bite","Bite","Bite","Bite","Backflip","Deflect","Outmaneuver"],"potion_use_per_floor":[[],[],[],[],[],[],[],["DuplicationPotion"],[],[],["Weak Potion"],[],[],[],[],["Dexterity Potion"],[],[],[],["Weak Potion"],[],["SkillPotion"],["Fire Potion","Poison Potion"],[],[]],"relics":["Ring of the Snake","Question Card","Smiling Mask","Bag of Marbles","SlaversCollar","Frozen Eye","Ice Cream"],"potions_floor_usage":[8,11,16,20,22,23,23],"damage_taken":[{"damage":4,"enemies":"Small Slimes","floor":1,"turns":3},{"damage":0,"enemies":"Jaw Worm","floor":3,"turns":5},{"damage":4,"enemies":"Cultist","floor":4,"turns":5},{"damage":4,"enemies":"Exordium Wildlife","floor":5,"turns":3},{"damage":3,"enemies":"Gremlin Nob","floor":8,"turns":3},{"damage":4,"enemies":"Looter","floor":10,"turns":4},{"damage":6,"enemies":"Lagavulin","floor":11,"turns":5},{"damage":1,"enemies":"2 Fungi Beasts","floor":12,"turns":3},{"damage":11,"enemies":"Hexaghost","floor":16,"turns":8},{"damage":3,"enemies":"Spheric Guardian","floor":18,"turns":3},{"damage":32,"enemies":"2 Thieves","floor":20,"turns":5},{"damage":16,"enemies":"Snake Plant","floor":22,"turns":8},{"damage":0,"enemies":"Slavers","floor":23,"turns":1},{"damage":33,"enemies":"Shelled Parasite and Fungi","floor":25,"turns":3}],"green_key_taken_log":23,"seed_played":"7620353534214499106","neow_bonus_log":{"cardsObtained":["Bullet Time"],"cardsUpgraded":[],"cardsRemoved":[],"cardsTransformed":[],"relicsObtained":[],"maxHpGained":0,"goldGained":0,"damageTaken":0,"goldLost":0,"maxHpLost":0},"potions_obtained":[{"floor":1,"key":"Dexterity Potion"},{"floor":4,"key":"DuplicationPotion"},{"floor":10,"key":"Weak Potion"},{"floor":16,"key":"Weak Potion"},{"floor":20,"key":"SkillPotion"},{"floor":22,"key":"Poison Potion"}],"is_trial":false,"path_per_floor":["M","?","M","M","M","R","?","E","T","M","E","M","R","?","R","B",null,"M","?","M","$","M","E","R","M"],"character_chosen":"THE_SILENT","items_purchased":["Frozen Eye","Deflect","Fire Potion"],"campfire_rested":0,"item_purchase_floors":[21,21,21],"current_hp_per_floor":[55,55,55,51,47,47,47,44,44,40,34,33,33,26,26,15,53,50,46,24,24,18,18,18,0],"gold":87,"neow_bonus":"ONE_RANDOM_RARE_CARD","is_prod":false,"is_daily":false,"rewards_skipped":[],"chose_seed":false,"campfire_upgraded":4,"win_rate":0,"floor_exit_playtime":[222,229,334,388,483,490,515,559,579,649,768,869,887,915,922,1048,1217,1262,1295,1417,1625,2059,2270,2296],"timestamp":1669588147,"path_taken":["M","?","M","M","M","R","?","E","T","M","E","?","R","?","R","BOSS","M","?","M","$","M","E","R","M"],"build_version":"2022-10-04","purchased_purges":0,"victory":false,"max_hp_per_floor":[66,66,66,66,66,66,66,66,66,66,66,66,66,66,66,66,66,66,46,46,46,46,46,46,46],"relic_stats":{"Ice Cream":[0],"Frozen Eye":228.40594,"counters":[14,59],"Question Card":8,"Smiling Mask":0,"obtain_stats":[{"Ice Cream":23,"SlaversCollar":17,"Frozen Eye":21,"Bag of Marbles":11,"Question Card":8,"Smiling Mask":9,"Ring of the Snake":0},{"Ice Cream":13,"SlaversCollar":9,"Frozen Eye":11,"Bag of Marbles":7,"Question Card":5,"Smiling Mask":5,"Ring of the Snake":0},{"Ice Cream":56,"SlaversCollar":39,"Frozen Eye":47,"Bag of Marbles":28,"Question Card":19,"Smiling Mask":19,"Ring of the Snake":0}],"Ring of the Snake":[28]},"card_choices":[{"not_picked":["Distraction","Flechettes"],"picked":"Footwork","floor":1},{"not_picked":["Dodge and Roll","Footwork"],"picked":"Poisoned Stab","floor":4},{"not_picked":["Backstab","Footwork"],"picked":"Bouncing Flask","floor":5},{"not_picked":["Backstab","Dagger Spray"],"picked":"Backflip","floor":8},{"not_picked":["Deadly Poison","Dagger Spray","Expertise"],"picked":"Noxious Fumes","floor":10},{"not_picked":["Outmaneuver","Sucker Punch","Poisoned Stab"],"picked":"All Out Attack","floor":11},{"not_picked":["Bane","Blade Dance","Dagger Throw"],"picked":"Acrobatics","floor":12},{"not_picked":["A Thousand Cuts","Glass Knife","Tools of the Trade"],"picked":"Corpse Explosion","floor":16},{"not_picked":["Cloak And Dagger","Blur","Caltrops"],"picked":"Acrobatics","floor":18},{"not_picked":["Dagger Spray","Riddle With Holes","Poisoned Stab"],"picked":"Backflip","floor":20},{"not_picked":["Sucker Punch","Dagger Spray","Flying Knee"],"picked":"Outmaneuver","floor":22},{"not_picked":["Distraction","Deadly Poison","Quick Slash","Storm of Steel"],"picked":"SKIP","floor":23}],"player_experience":4550349,"relics_obtained":[{"floor":8,"key":"Question Card"},{"floor":9,"key":"Smiling Mask"},{"floor":11,"key":"Bag of Marbles"},{"floor":23,"key":"Ice Cream"}],"event_choices":[{"cards_removed":["Defend_G"],"damage_healed":0,"gold_gain":0,"player_choice":"Card Removal","damage_taken":0,"max_hp_gain":0,"max_hp_loss":0,"event_name":"The Cleric","floor":2,"gold_loss":75},{"damage_healed":0,"gold_gain":0,"cards_transformed":["Defend_G"],"player_choice":"Transformed","damage_taken":0,"max_hp_gain":0,"max_hp_loss":0,"event_name":"Transmorgrifier","floor":7,"gold_loss":0,"cards_obtained":["Dagger Throw"]},{"cards_removed":["Strike_G"],"damage_healed":0,"gold_gain":0,"player_choice":"Card Removal","damage_taken":7,"max_hp_gain":0,"max_hp_loss":0,"event_name":"Golden Wing","floor":14,"gold_loss":0},{"damage_healed":0,"gold_gain":0,"player_choice":"Became a vampire","damage_taken":0,"max_hp_gain":0,"max_hp_loss":20,"event_name":"Vampires","floor":19,"gold_loss":0,"cards_obtained":["Bite","Bite","Bite","Bite","Bite"]}],"is_beta":false,"boss_relics":[{"not_picked":["Runic Dome","Velvet Choker"],"picked":"SlaversCollar"}],"items_purged_floors":[],"is_endless":false,"potions_floor_spawned":[1,4,10,16,20,22],"killed_by":"Shelled Parasite and Fungi","ascension_level":20,"potion_discard_per_floor":[[],[],[],[],[],[],[],[],[],[],[],[],[],[],[],[],[],[],[],[],[],[],[],[],[]]}