{"neow_bonuses_skipped_log":["TEN_PERCENT_HP_BONUS","TWENTY_PERCENT_HP_BONUS","BOSS_RELIC"],"neow_costs_skipped_log":["NONE","CURSE","NONE"],"potions_obtained_entropic_brew":[[],[],[],[],[],[],[],[]],"gold_per_floor":[111,9,22,34,52,79,79,79],"floor_reached":8,"playtime":832,"items_purged":[],"score":116,"play_id":"374a3bb0-1a7b-4809-abee-52a0094682d6","local_time":"20221129173147","score_breakdown":["Floors Climbed (8): 40","Enemies Slain (4): 8","Exordium Elites Killed (1): 10","Bosses Slain (0): 0","Ascension (20): 58"],"is_ascension_mode":true,"potions_obtained_alchemize":[[],[],[],[],[],[],[],[]],"campfire_choices":[{"data":"Die Die Die","floor":7,"key":"SMITH"}],"lesson_learned_per_floor":[[],[],[],[],[],[],[],[]],"neow_cost":"NONE","improvable_cards":{},"seed_source_timestamp":9282873905695,"shop_contents":[{"floor":2,"relics":["Akabeko","Art of War","Orrery"],"cards":["Dagger Spray","Catalyst","Envenom","Purity","Metamorphosis"],"potions":["DuplicationPotion","GamblersBrew","AttackPotion"]}],"circlet_count":0,"master_deck":["AscendersBane","Strike_G","Strike_G","Strike_G","Strike_G","Strike_G","Defend_G","Defend_G","Defend_G","Defend_G","Defend_G","Survivor","Neutralize","Burst","Underhanded Strike","Calculated Gamble","Flying Knee","Blade Dance","PiercingWail","Die Die Die+1","Noxious Fumes"],"potion_use_per_floor":[[],[],[],[],[],["EssenceOfSteel"],[],[]],"relics":["Ring of the Snake","Gremlin Horn"],"potions_floor_usage":[6],"damage_taken":[{"damage":9,"enemies":"Cultist","floor":1,"turns":6},{"damage":7,"enemies":"Jaw Worm","floor":3,"turns":4},{"damage":0,"enemies":"2 Louse","floor":4,"turns":2},{"damage":1,"enemies":"Looter","floor":5,"turns":3},{"damage":14,"enemies":"3 Sentries","floor":6,"turns":8},{"damage":33,"enemies":"Exordium Thugs","floor":8,"turns":4}],"seed_played":"-3707869684303820987","neow_bonus_log":{"cardsObtained":["Burst"],"cardsUpgraded":[],"cardsRemoved":[],"cardsTransformed":[],"relicsObtained":[],"maxHpGained":0,"goldGained":0,"damageTaken":0,"goldLost":0,"maxHpLost":0},"potions_obtained":[{"floor":3,"key":"EssenceOfSteel"}],"is_trial":false,"path_per_floor":["M","$","M","M","M","E","R","M"],"character_chosen":"THE_SILENT","items_purchased":["Calculated Gamble","Flying Knee"],"campfire_rested":0,"item_purchase_floors":[2,2],"current_hp_per_floor":[50,50,43,43,42,28,28,0],"gold":79,"neow_bonus":"ONE_RANDOM_RARE_CARD","is_prod":false,"is_daily":false,"rewards_skipped":[],"chose_seed":false,"campfire_upgraded":1,"win_rate":0,"floor_exit_playtime":[286,323,393,442,525,723,741],"timestamp":1669761107,"path_taken":["M","$","M","M","M","E","R","M"],"build_version":"2022-10-04","purchased_purges":0,"victory":false,"max_hp_per_floor":[66,66,66,66,66,66,66,66],"relic_stats":{"Gremlin Horn":[0,0],"counters":[6,27],"obtain_stats":[{"Gremlin Horn":6,"Ring of the Snake":0},{"Gremlin Horn":5,"Ring of the Snake":0},{"Gremlin Horn":23,"Ring of the Snake":0}],"Ring of the Snake":[12]},"card_choices":[{"not_picked":["Outmaneuver","Quick Slash"],"picked":"Underhanded Strike","floor":1},{"not_picked":["Quick Slash","Backflip"],"picked":"Blade Dance","floor":3},{"not_picked":["Sucker Punch","Dodge and Roll"],"picked":"PiercingWail","floor":4},{"not_picked":["Bane","Heel Hook"],"picked":"Die Die Die","floor":5},{"not_picked":["Footwork","Outmaneuver"],"picked":"Noxious Fumes","floor":6}],"player_experience":4571689,"relics_obtained":[{"floor":6,"key":"Gremlin Horn"}],"event_choices":[],"is_beta":false,"boss_relics":[],"items_purged_floors":[],"is_endless":false,"potions_floor_spawned":[3],"killed_by":"Exordium Thugs","ascension_level":20,"potion_discard_per_floor":[[],[],[],[],[],[],[],[]]}