{"neow_bonuses_skipped_log":["TEN_PERCENT_HP_BONUS","ONE_RARE_RELIC","BOSS_RELIC"],"neow_costs_skipped_log":["NONE","CURSE","NONE"],"potions_obtained_entropic_brew":[[],[],[],[],[],[],[],[],[],[],[],[],[],[],[],[],[],[],[],[],[],[],[],[],["AttackPotion","EssenceOfSteel"],[],[],[],[],[],[],[],[],[],[],[],[],[],[],[],[],[],[],[],[],[],[],[],[],[],[],[],[],[],[],[],[]],"gold_per_floor":[111,123,134,134,149,149,14,76,76,76,76,76,94,129,129,200,200,219,494,512,523,539,565,565,594,594,35,62,29,29,45,45,122,122,139,151,206,206,206,206,206,206,232,232,242,267,285,311,311,311,311,311,311,49,74,74],"floor_reached":57,"playtime":7751,"items_purged":["Regret","Writhe"],"score":3336,"play_id":"18779be6-0f00-4c98-9390-f3f8edeb9953","local_time":"20221205185024","falling_options_log":["Acrobatics","Footwork"],"score_breakdown":["Floors Climbed (57): 285","Enemies Slain (14): 28","Exordium Elites Killed (1): 10","City Elites Killed (3): 60","Beyond Elites Killed (2): 60","Bosses Slain (5): 750","Money Money (1104): 25","Librarian: 25","Champion (5): 125","Beyond Perfect: 200","Ascension (20): 1518","Heartbreaker: 250"],"is_ascension_mode":true,"potions_obtained_alchemize":[[],[],[],[],[],[],[],[],[],[],[],[],[],[],[],[],[],[],[],[],[],[],[],[],[],[],[],[],[],[],[],[],[],[],[],[],[],[],[],[],[],[],[],[],[],[],[],[],[],[],[],[],[],[],[],[],[]],"campfire_choices":[{"data":"Crippling Poison","floor":6,"key":"SMITH"},{"data":"Dagger Spray","floor":10,"key":"SMITH"},{"floor":12,"key":"REST"},{"data":"Madness","floor":15,"key":"SMITH"},{"data":"Wraith Form v2","floor":24,"key":"SMITH"},{"data":"Well Laid Plans","floor":32,"key":"SMITH"},{"floor":40,"key":"RECALL"},{"floor":49,"key":"DIG"},{"floor":53,"key":"DIG"}],"lesson_learned_per_floor":[[],[],[],[],[],[],[],[],[],[],[],[],[],[],[],[],[],[],[],[],[],[],[],[],[],[],[],[],[],[],[],[],[],[],[],[],[],[],[],[],[],[],[],[],[],[],[],[],[],[],[],[],[],[],[],[],[]],"neow_cost":"NONE","improvable_cards":{},"seed_source_timestamp":18621446909391,"shop_contents":[{"floor":7,"relics":["Anchor","Bottled Flame","Toy Ornithopter"],"cards":["Bane","Dagger Throw","Expertise","Catalyst","Footwork","Trip","Apotheosis"],"potions":["LiquidBronze","AttackPotion","ColorlessPotion"]},{"floor":27,"relics":["Boot","Tiny Chest","Ornamental Fan"],"cards":["Sucker Punch","Grand Finale","Escape Plan","Bouncing Flask","Caltrops","Panacea","Transmutation"],"potions":["SkillPotion","LiquidBronze","Block Potion"]},{"floor":29,"relics":["Dream Catcher","Pen Nib","Strange Spoon"],"cards":["Slice","Riddle With Holes","Deflect","Acrobatics","Well Laid Plans","Jack Of All Trades","Metamorphosis"],"potions":["SkillPotion","PowerPotion","BlessingOfTheForge"]},{"floor":54,"relics":["Bird Faced Urn","Blue Candle","TwistedFunnel"],"cards":["Skewer","Poisoned Stab","Calculated Gamble","Cloak And Dagger","A Thousand Cuts","Flash of Steel","Metamorphosis"],"potions":["LiquidBronze","FearPotion","LiquidBronze"]}],"circlet_count":0,"master_deck":["AscendersBane","Strike_G+1","Strike_G+1","Strike_G+1","Strike_G+1","Defend_G+1","Defend_G+1","Defend_G+1","Defend_G+1","Defend_G+1","Survivor+1","Neutralize+1","Madness+1","Poisoned Stab+1","Crippling Poison+1","Dagger Spray+1","Calculated Gamble+1","After Image+1","Backflip+1","Wraith Form v2+1","PiercingWail+1","PiercingWail+1","After Image+1","PiercingWail+1","Acrobatics+1","Noxious Fumes+1","Well Laid Plans+1","Backstab+1","Backflip+1","Footwork+1","Ghostly+1","Ghostly+1","Ghostly+1","Night Terror+1","Acrobatics+1","Prepared+1","Impatience","Well Laid Plans+1","Backflip"],"potion_use_per_floor":[[],[],[],[],[],[],[],["SteroidPotion"],[],[],[],[],[],["DistilledChaos"],[],[],[],[],[],[],["Regen Potion"],[],["Explosive Potion"],[],["EntropicBrew","AttackPotion"],[],[],[],[],[],["Explosive Potion"],[],["ColorlessPotion"],[],["Energy Potion"],["Block Potion"],[],[],[],[],[],[],[],[],[],[],[],[],[],[],[],[],[],[],[],["Energy Potion","DuplicationPotion"],[]],"relics":["Ring of the Snake","The Courier","ClockworkSouvenir","TungstenRod","Sundial","Ninja Scroll","Cursed Key","Juzu Bracelet","PreservedInsect","TheAbacus","White Beast Statue","Matryoshka","HoveringKite","StoneCalendar","Mark of the Bloom","Bronze Scales","Shovel","Nunchaku","Whetstone","StrikeDummy","Centennial Puzzle","Snake Skull"],"potions_floor_usage":[8,14,21,23,25,25,31,33,35,36,56,56],"damage_taken":[{"damage":8,"enemies":"Small Slimes","floor":1,"turns":6},{"damage":8,"enemies":"2 Louse","floor":2,"turns":4},{"damage":0,"enemies":"Jaw Worm","floor":3,"turns":3},{"damage":7,"enemies":"Red Slaver","floor":5,"turns":4},{"damage":8,"enemies":"Gremlin Nob","floor":8,"turns":3},{"damage":2,"enemies":"Looter","floor":13,"turns":4},{"damage":17,"enemies":"Lagavulin","floor":14,"turns":9},{"damage":6,"enemies":"The Guardian","floor":16,"turns":16},{"damage":5,"enemies":"2 Thieves","floor":18,"turns":4},{"damage":2,"enemies":"3 Byrds","floor":20,"turns":5},{"damage":11,"enemies":"Shelled Parasite and Fungi","floor":21,"turns":7},{"damage":10,"enemies":"Centurion and Healer","floor":22,"turns":12},{"damage":0,"enemies":"Slavers","floor":23,"turns":6},{"damage":31,"enemies":"Book of Stabbing","floor":25,"turns":9},{"damage":0,"enemies":"Slavers","floor":28,"turns":5},{"damage":0,"enemies":"Chosen and Byrds","floor":31,"turns":6},{"damage":0,"enemies":"Automaton","floor":33,"turns":14},{"damage":4,"enemies":"3 Shapes","floor":35,"turns":3},{"damage":10,"enemies":"3 Darklings","floor":36,"turns":10},{"damage":0,"enemies":"2 Orb Walkers","floor":37,"turns":7},{"damage":0,"enemies":"4 Shapes","floor":45,"turns":7},{"damage":0,"enemies":"Giant Head","floor":46,"turns":11},{"damage":0,"enemies":"Maw","floor":47,"turns":9},{"damage":0,"enemies":"Nemesis","floor":48,"turns":7},{"damage":0,"enemies":"Awakened One","floor":50,"turns":20},{"damage":0,"enemies":"Donu and Deca","floor":51,"turns":14},{"damage":0,"enemies":"Shield and Spear","floor":55,"turns":8},{"damage":1,"enemies":"The Heart","floor":56,"turns":16}],"green_key_taken_log":14,"seed_played":"-3901131750243693587","neow_bonus_log":{"cardsObtained":[],"cardsUpgraded":[],"cardsRemoved":[],"cardsTransformed":[],"relicsObtained":[],"maxHpGained":0,"goldGained":0,"damageTaken":0,"goldLost":0,"maxHpLost":0},"potions_obtained":[{"floor":2,"key":"SteroidPotion"},{"floor":8,"key":"Explosive Potion"},{"floor":13,"key":"DistilledChaos"},{"floor":20,"key":"Regen Potion"},{"floor":23,"key":"EntropicBrew"},{"floor":28,"key":"ColorlessPotion"},{"floor":31,"key":"Energy Potion"},{"floor":33,"key":"Ancient Potion"},{"floor":35,"key":"Block Potion"},{"floor":36,"key":"Fire Potion"},{"floor":37,"key":"DuplicationPotion"},{"floor":45,"key":"Dexterity Potion"},{"floor":46,"key":"Energy Potion"}],"is_trial":false,"path_per_floor":["M","M","M","?","M","R","$","?","T","R","?","R","M","E","R","B",null,"M","?","M","M","M","E","R","E","T","$","E","$","?","M","R","B",null,"M","M","?","?","?","R","?","?","T","?","M","E","M","E","R","B","B",null,"R","$","E","B",null],"character_chosen":"THE_SILENT","items_purchased":["ClockworkSouvenir","Well Laid Plans","TheAbacus","White Beast Statue","Backstab","Explosive Potion","Footwork","Centennial Puzzle","Backflip"],"campfire_rested":1,"item_purchase_floors":[7,27,27,27,27,27,29,54,54],"current_hp_per_floor":[51,43,43,38,31,31,31,23,23,23,17,36,34,17,17,11,52,47,47,45,49,39,39,39,8,8,8,8,8,8,8,8,8,27,23,13,13,13,27,27,27,27,27,18,18,18,18,18,18,18,18,18,18,18,18,17],"gold":74,"neow_bonus":"RANDOM_COLORLESS","is_prod":false,"is_daily":false,"rewards_skipped":[{"floor":47,"relics":[],"potions":["SkillPotion"]},{"floor":48,"relics":[],"potions":["Weak Potion"]},{"floor":55,"relics":[],"potions":["PowerPotion"]}],"chose_seed":false,"campfire_upgraded":5,"win_rate":0,"floor_exit_playtime":[228,287,342,357,412,419,465,510,534,545,557,561,602,727,741,924,1018,1124,1181,1304,1525,1725,1824,1832,2109,2115,2212,2383,2412,2418,2552,2610,3168,3444,3622,3951,4416,4495,4539,4571,4595,4618,4630,4753,4944,5249,5453,5670,5695,6675,7024,7037,7048,7093,7358,7751],"timestamp":1670284224,"blue_key_relic_skipped_log":{"floor":43,"relicID":"MealTicket"},"path_taken":["M","M","M","?","M","R","$","?","T","R","?","R","M","E","R","BOSS","M","?","?","M","M","E","R","E","T","$","E","$","?","M","R","BOSS","M","M","?","?","?","R","?","?","T","?","M","E","M","E","R","BOSS","BOSS","R","$","E","BOSS"],"build_version":"2022-12-01","purchased_purges":2,"victory":true,"max_hp_per_floor":[66,66,66,66,66,66,66,66,66,66,66,66,66,66,66,66,66,66,66,66,66,66,66,66,66,66,66,66,66,33,33,33,33,33,33,33,33,33,27,27,27,27,27,27,27,27,27,27,27,27,27,27,27,27,27,27],"relic_stats":{"Mark of the Bloom":7,"counters":[28,229],"HoveringKite":[60],"StoneCalendar":[427],"The Courier":247,"PreservedInsect":297,"Snake Skull":[16],"Juzu Bracelet":2,"Whetstone":[],"Cursed Key":1,"White Beast Statue":[0.0,0.0,0.0,0.4,0.0,0.6000000000000001,0.0,0.0,0.0,0.0,0.0,5.248857600000002],"Nunchaku":[11],"Centennial Puzzle":[3],"TheAbacus":[276],"Matryoshka":1,"Shovel":2,"Sundial":[44],"Bronze Scales":[519],"obtain_stats":[{"Mark of the Bloom":41,"HoveringKite":34,"StoneCalendar":37,"The Courier":4,"PreservedInsect":25,"Snake Skull":55,"Juzu Bracelet":23,"Whetstone":49,"Cursed Key":17,"White Beast Statue":27,"ClockworkSouvenir":7,"Nunchaku":48,"Centennial Puzzle":54,"TheAbacus":27,"Matryoshka":28,"Shovel":46,"Sundial":9,"Ninja Scroll":14,"Bronze Scales":43,"StrikeDummy":53,"TungstenRod":8,"Ring of the Snake":0},{"Mark of the Bloom":20,"HoveringKite":17,"StoneCalendar":20,"The Courier":3,"PreservedInsect":14,"Snake Skull":27,"Juzu Bracelet":13,"Whetstone":24,"Cursed Key":8,"White Beast Statue":14,"ClockworkSouvenir":4,"Nunchaku":24,"Centennial Puzzle":26,"TheAbacus":14,"Matryoshka":15,"Shovel":22,"Sundial":5,"Ninja Scroll":7,"Bronze Scales":20,"StrikeDummy":26,"TungstenRod":5,"Ring of the Snake":0},{"Mark of the Bloom":137,"HoveringKite":117,"StoneCalendar":137,"The Courier":13,"PreservedInsect":92,"Snake Skull":213,"Juzu Bracelet":83,"Whetstone":171,"Cursed Key":49,"White Beast Statue":92,"ClockworkSouvenir":17,"Nunchaku":171,"Centennial Puzzle":205,"TheAbacus":92,"Matryoshka":97,"Shovel":155,"Sundial":20,"Ninja Scroll":33,"Bronze Scales":137,"StrikeDummy":205,"TungstenRod":20,"Ring of the Snake":0}],"TungstenRod":117,"Ring of the Snake":[56]},"card_choices":[{"not_picked":["Purity","Enlightenment"],"picked":"Madness","floor":0},{"not_picked":["Blade Dance","Bane"],"picked":"Underhanded Strike","floor":1},{"not_picked":["Sucker Punch","Caltrops"],"picked":"Poisoned Stab","floor":2},{"not_picked":["Doppelganger","Blade Dance"],"picked":"Crippling Poison","floor":3},{"not_picked":["Poisoned Stab","Deadly Poison"],"picked":"Dagger Spray","floor":5},{"not_picked":["Deflect","Cloak And Dagger"],"picked":"Calculated Gamble","floor":8},{"not_picked":["Heel Hook","PiercingWail"],"picked":"After Image","floor":13},{"not_picked":["Dagger Throw","Slice"],"picked":"Backflip","floor":14},{"not_picked":["Envenom","Malaise"],"picked":"Wraith Form v2","floor":16},{"not_picked":["Footwork","Quick Slash"],"picked":"PiercingWail","floor":18},{"not_picked":["Skewer","Slice"],"picked":"PiercingWail","floor":20},{"not_picked":["Bane+1","PiercingWail"],"picked":"After Image","floor":21},{"not_picked":["Flying Knee","Bane"],"picked":"PiercingWail","floor":22},{"not_picked":["Distraction+1","Bane"],"picked":"Acrobatics","floor":23},{"not_picked":["Heel Hook","Prepared"],"picked":"Noxious Fumes+1","floor":25},{"not_picked":["Cloak And Dagger","Blade Dance"],"picked":"Backflip","floor":28},{"not_picked":["Deflect","Slice","Dagger Spray"],"picked":"SKIP","floor":31},{"not_picked":["Bullet Time","Corpse Explosion"],"picked":"Night Terror","floor":33},{"not_picked":["Crippling Poison","Blur","Cloak And Dagger"],"picked":"SKIP","floor":35},{"not_picked":["Quick Slash+1","Phantasmal Killer"],"picked":"Acrobatics","floor":36},{"not_picked":["Slice+1","Accuracy"],"picked":"Prepared+1","floor":37},{"not_picked":["Blind","Enlightenment"],"picked":"Impatience","floor":44},{"not_picked":["Madness","Enlightenment","Good Instincts"],"picked":"SKIP","floor":44},{"not_picked":["Dramatic Entrance","Purity","Mind Blast"],"picked":"SKIP","floor":44},{"not_picked":["Dagger Spray","Storm of Steel"],"picked":"Well Laid Plans+1","floor":45},{"not_picked":["Dagger Throw+1","Heel Hook","Tactician"],"picked":"SKIP","floor":46},{"not_picked":["PiercingWail","Terror+1","Dodge and Roll"],"picked":"SKIP","floor":47},{"not_picked":["Poisoned Stab","Reflex","Deflect"],"picked":"SKIP","floor":48},{"not_picked":["Poisoned Stab","Deflect","Infinite Blades"],"picked":"SKIP","floor":55}],"player_experience":4636271,"relics_obtained":[{"floor":8,"key":"TungstenRod"},{"floor":9,"key":"Sundial"},{"floor":14,"key":"Ninja Scroll"},{"floor":23,"key":"Juzu Bracelet"},{"floor":25,"key":"PreservedInsect"},{"floor":28,"key":"Matryoshka"},{"floor":37,"key":"StoneCalendar"},{"floor":43,"key":"Bronze Scales"},{"floor":46,"key":"Shovel"},{"floor":48,"key":"Nunchaku"},{"floor":49,"key":"Whetstone"},{"floor":53,"key":"StrikeDummy"},{"floor":55,"key":"Snake Skull"}],"event_choices":[{"damage_healed":0,"gold_gain":0,"player_choice":"Success","damage_taken":5,"relics_obtained":["The Courier"],"max_hp_gain":0,"max_hp_loss":0,"event_name":"Scrap Ooze","floor":4,"gold_loss":0},{"damage_healed":0,"gold_gain":0,"player_choice":"Searched \u00272\u0027 times","damage_taken":0,"max_hp_gain":0,"max_hp_loss":0,"event_name":"Dead Adventurer","floor":8,"gold_loss":0},{"cards_removed":["Strike_G"],"damage_healed":0,"gold_gain":0,"player_choice":"Card Removal","damage_taken":7,"max_hp_gain":0,"max_hp_loss":0,"event_name":"Golden Wing","floor":11,"gold_loss":0},{"damage_healed":0,"gold_gain":275,"player_choice":"Desecrate","damage_taken":0,"max_hp_gain":0,"max_hp_loss":0,"event_name":"Golden Shrine","floor":19,"gold_loss":0,"cards_obtained":["Regret"]},{"damage_healed":0,"gold_gain":0,"player_choice":"Became a Ghost","damage_taken":0,"max_hp_gain":0,"max_hp_loss":33,"event_name":"Ghosts","floor":30,"gold_loss":0,"cards_obtained":["Ghostly","Ghostly","Ghostly"]},{"damage_healed":0,"gold_gain":0,"player_choice":"Fight","damage_taken":0,"max_hp_gain":0,"max_hp_loss":0,"event_name":"Mysterious Sphere","floor":37,"gold_loss":0},{"cards_removed":["Underhanded Strike"],"damage_healed":0,"gold_gain":0,"player_choice":"Removed Attack","damage_taken":0,"max_hp_gain":0,"max_hp_loss":0,"event_name":"Falling","floor":38,"gold_loss":0},{"damage_healed":27,"gold_gain":0,"player_choice":"Heal","damage_taken":0,"max_hp_gain":0,"max_hp_loss":6,"event_name":"The Moai Head","floor":39,"gold_loss":0},{"damage_healed":0,"gold_gain":0,"player_choice":"Upgrade","damage_taken":0,"relics_obtained":["Mark of the Bloom"],"max_hp_gain":0,"max_hp_loss":0,"event_name":"MindBloom","floor":41,"gold_loss":0,"cards_upgraded":["Strike_G","Strike_G","Strike_G","Strike_G","Defend_G","Defend_G","Defend_G","Defend_G","Defend_G","Survivor","Neutralize","Poisoned Stab","Calculated Gamble","After Image","Backflip","PiercingWail","PiercingWail","After Image","PiercingWail","Acrobatics","Backstab","Backflip","Footwork","Ghostly","Ghostly","Ghostly","Night Terror","Acrobatics"]},{"damage_healed":0,"gold_gain":0,"player_choice":"Ignored","damage_taken":0,"max_hp_gain":0,"max_hp_loss":0,"event_name":"Upgrade Shrine","floor":42,"gold_loss":0},{"damage_healed":0,"gold_gain":0,"player_choice":"Memory 3","damage_taken":10,"max_hp_gain":0,"max_hp_loss":0,"event_name":"SensoryStone","floor":44,"gold_loss":0}],"is_beta":false,"boss_relics":[{"not_picked":["Empty Cage","Calling Bell"],"picked":"Cursed Key"},{"not_picked":["Tiny House","Ring of the Serpent"],"picked":"HoveringKite"}],"items_purged_floors":[27,54],"is_endless":false,"potions_floor_spawned":[2,8,13,20,23,28,31,33,35,36,37,45,46,47,48,55],"ascension_level":20,"potion_discard_per_floor":[[],[],[],[],[],[],[],[],[],[],[],[],[],[],[],[],[],[],[],[],[],[],[],[],[],[],[],["EssenceOfSteel"],[],[],[],[],[],[],[],[],["Fire Potion"],[],[],[],[],[],[],[],["Ancient Potion"],["Dexterity Potion"],[],[],[],[],[],[],[],[],[],[],[]]}