{"neow_bonuses_skipped_log":["REMOVE_CARD","ONE_RARE_RELIC","BOSS_RELIC"],"neow_costs_skipped_log":["NONE","PERCENT_DAMAGE","NONE"],"potions_obtained_entropic_brew":[[],[],[],[],[],[],[],[],[],[],[],[],[],[],[],[],[],[],[],[],[],[],[],[],[],[],[],[],[],[],[],[],[],[],[],[],[],[],[],[],[],[],[],[],[],[],[],[],[],[],[],[],[],[],[],[],[]],"gold_per_floor":[114,114,128,147,159,159,186,201,225,225,225,250,263,279,279,353,353,366,8,8,24,24,49,49,69,140,167,179,226,49,75,75,147,147,158,175,87,140,140,169,169,195,195,226,226,241,273,273,273,273,273,273,273,17,52,52],"floor_reached":57,"playtime":7048,"items_purged":["Strike_G","Strike_G"],"score":3187,"play_id":"90cc82ca-6926-485f-bbba-01508d906c08","local_time":"20221202180634","falling_options_log":["Strike_G+1","Tools of the Trade"],"score_breakdown":["Floors Climbed (57): 285","Enemies Slain (13): 26","Exordium Elites Killed (2): 20","City Elites Killed (4): 80","Beyond Elites Killed (4): 120","Bosses Slain (5): 750","Librarian: 25","Champion (4): 100","Perfect (1): 50","Overkill: 25","Ascension (20): 1456","Heartbreaker: 250"],"is_ascension_mode":true,"potions_obtained_alchemize":[[],[],[],[],[],[],[],[],[],[],[],[],[],[],[],[],[],[],[],[],[],[],[],[],[],[],[],[],[],[],[],[],[],[],[],[],[],[],[],[],[],[],[],[],[],[],[],[],[],[],[],[],[],[],[],[],[]],"campfire_choices":[{"data":"Dagger Spray","floor":6,"key":"SMITH"},{"data":"Dagger Spray","floor":10,"key":"SMITH"},{"data":"Terror","floor":15,"key":"SMITH"},{"data":"RitualDagger","floor":24,"key":"SMITH"},{"data":"Phantasmal Killer","floor":28,"key":"SMITH"},{"data":"Prepared","floor":32,"key":"SMITH"},{"data":"Well Laid Plans","floor":41,"key":"SMITH"},{"floor":45,"key":"RECALL"},{"floor":49,"key":"REST"},{"floor":53,"key":"REST"}],"lesson_learned_per_floor":[[],[],[],[],[],[],[],[],[],[],[],[],[],[],[],[],[],[],[],[],[],[],[],[],[],[],[],[],[],[],[],[],[],[],[],[],[],[],[],[],[],[],[],[],[],[],[],[],[],[],[],[],[],[],[],[],[]],"neow_cost":"NONE","improvable_cards":{"RitualDagger+1":[63]},"seed_source_timestamp":18460003373775,"shop_contents":[{"floor":19,"relics":["MealTicket","Lee\u0027s Waffle"],"cards":["Sucker Punch","Underhanded Strike","Dodge and Roll","Tools of the Trade","PanicButton","Panache"],"potions":["AttackPotion","SpeedPotion"]},{"floor":30,"relics":["PreservedInsect","StoneCalendar","Cauldron"],"cards":["Flying Knee","Poisoned Stab","Concentrate","PiercingWail","Footwork","HandOfGreed"],"potions":["FearPotion","SmokeBomb","ColorlessPotion"]},{"floor":37,"relics":["Thread and Needle","Ornamental Fan","DollysMirror"],"cards":["Poisoned Stab","Choke","Bouncing Flask","Terror","Mind Blast","Mayhem"],"potions":["Strength Potion","Strength Potion","EssenceOfSteel"]},{"floor":54,"relics":["Mercury Hourglass","Happy Flower","Akabeko"],"cards":["Dagger Spray","Masterful Stab","Cloak And Dagger","Backflip","Caltrops","Deep Breath","Master of Strategy"],"potions":["SmokeBomb","AttackPotion","Fire Potion"]}],"circlet_count":0,"master_deck":["AscendersBane","Strike_G","Strike_G+1","Strike_G+1","Defend_G","Defend_G","Defend_G","Defend_G","Survivor","Neutralize","Dagger Spray+1","Dagger Spray+1","Eviscerate+1","Terror+1","Calculated Gamble","Malaise","Blade Dance","Calculated Gamble","Tools of the Trade","Acrobatics","Blade Dance","RitualDagger+1","Prepared+1","Phantasmal Killer+1","Dark Shackles","Burst","After Image","Well Laid Plans+1","Calculated Gamble+1","Backflip","PiercingWail","Sucker Punch","Blade Dance","Writhe","After Image","Escape Plan"],"potion_use_per_floor":[[],[],[],[],[],[],["DistilledChaos"],[],[],[],[],[],[],[],[],[],[],[],[],[],[],[],["SpeedPotion"],[],[],[],[],[],["Swift Potion"],[],["SteroidPotion"],[],[],[],[],[],[],[],[],[],[],["FearPotion"],[],[],[],["Fruit Juice"],[],[],[],[],["CunningPotion"],[],[],[],["Weak Potion"],["FairyPotion","DistilledChaos"],[]],"relics":["Ring of the Snake","Du-Vu Doll","Orichalcum","Vajra","WristBlade","Potion Belt","Enchiridion","Pen Nib","Shuriken","MawBank","Whetstone","Blood Vial","SlaversCollar","Ginger","Blue Candle","The Courier","Bronze Scales","Tingsha","Membership Card","Bird Faced Urn"],"potions_floor_usage":[7,23,29,31,42,46,51,55,56],"damage_taken":[{"damage":0,"enemies":"2 Louse","floor":1,"turns":4},{"damage":0,"enemies":"Small Slimes","floor":3,"turns":3},{"damage":0,"enemies":"Cultist","floor":4,"turns":4},{"damage":1,"enemies":"3 Louse","floor":5,"turns":3},{"damage":4,"enemies":"Gremlin Nob","floor":7,"turns":3},{"damage":4,"enemies":"Blue Slaver","floor":8,"turns":3},{"damage":11,"enemies":"Lagavulin","floor":12,"turns":4},{"damage":0,"enemies":"Looter","floor":13,"turns":3},{"damage":0,"enemies":"Exordium Thugs","floor":14,"turns":1},{"damage":0,"enemies":"Slime Boss","floor":16,"turns":3},{"damage":2,"enemies":"2 Thieves","floor":18,"turns":2},{"damage":0,"enemies":"3 Byrds","floor":21,"turns":4},{"damage":13,"enemies":"Gremlin Leader","floor":23,"turns":4},{"damage":0,"enemies":"Centurion and Healer","floor":25,"turns":2},{"damage":1,"enemies":"Slavers","floor":27,"turns":2},{"damage":4,"enemies":"Book of Stabbing","floor":29,"turns":3},{"damage":0,"enemies":"Slavers","floor":31,"turns":1},{"damage":3,"enemies":"Champ","floor":33,"turns":5},{"damage":9,"enemies":"3 Darklings","floor":35,"turns":6},{"damage":0,"enemies":"3 Shapes","floor":36,"turns":3},{"damage":34,"enemies":"2 Orb Walkers","floor":38,"turns":4},{"damage":0,"enemies":"Giant Head","floor":40,"turns":3},{"damage":5,"enemies":"Reptomancer","floor":42,"turns":3},{"damage":0,"enemies":"Giant Head","floor":44,"turns":3},{"damage":8,"enemies":"Transient","floor":46,"turns":6},{"damage":0,"enemies":"Reptomancer","floor":47,"turns":2},{"damage":6,"enemies":"Donu and Deca","floor":50,"turns":5},{"damage":43,"enemies":"Awakened One","floor":51,"turns":10},{"damage":15,"enemies":"Shield and Spear","floor":55,"turns":4},{"damage":108,"enemies":"The Heart","floor":56,"turns":7}],"green_key_taken_log":31,"seed_played":"742572790676447768","neow_bonus_log":{"cardsObtained":[],"cardsUpgraded":[],"cardsRemoved":[],"cardsTransformed":[],"relicsObtained":[],"maxHpGained":0,"goldGained":0,"damageTaken":0,"goldLost":0,"maxHpLost":0},"potions_obtained":[{"floor":0,"key":"ColorlessPotion"},{"floor":0,"key":"Swift Potion"},{"floor":1,"key":"DistilledChaos"},{"floor":7,"key":"CunningPotion"},{"floor":16,"key":"FairyPotion"},{"floor":21,"key":"SpeedPotion"},{"floor":23,"key":"Dexterity Potion"},{"floor":25,"key":"Swift Potion"},{"floor":35,"key":"FearPotion"},{"floor":36,"key":"Fruit Juice"},{"floor":44,"key":"GhostInAJar"},{"floor":46,"key":"Energy Potion"}],"is_trial":false,"path_per_floor":["M","?","M","M","M","R","E","M","T","R","?","E","M","M","R","B",null,"M","$","?","M","?","E","R","M","T","E","R","E","$","E","R","B",null,"M","M","$","?","?","E","R","E","T","E","R","M","E","?","R","B","B",null,"R","$","E","B",null],"character_chosen":"THE_SILENT","items_purchased":["Blade Dance","Potion Belt","SteroidPotion","Dark Shackles","Well Laid Plans","Membership Card","After Image","Weak Potion","DistilledChaos"],"campfire_rested":2,"item_purchase_floors":[19,19,19,30,37,54,54,54,54],"current_hp_per_floor":[59,64,64,64,63,63,59,55,55,55,55,44,44,44,44,44,64,62,62,41,41,35,22,22,22,22,21,21,17,17,17,17,16,57,50,52,52,20,20,22,22,19,19,21,21,20,22,37,59,55,14,61,76,76,61,22],"gold":52,"neow_bonus":"THREE_SMALL_POTIONS","is_prod":false,"is_daily":false,"rewards_skipped":[{"floor":0,"relics":[],"potions":["Energy Potion"]},{"floor":4,"relics":[],"potions":["LiquidBronze"]},{"floor":5,"relics":[],"potions":["Weak Potion"]}],"chose_seed":false,"campfire_upgraded":7,"win_rate":0,"floor_exit_playtime":[159,172,288,352,397,404,499,574,578,584,637,758,793,824,837,959,1071,1140,1230,1269,1394,1400,1649,1665,1704,1721,1824,1841,2081,2164,2243,2251,2363,2423,2625,2699,2741,2920,2934,3041,3057,3181,3221,3352,3377,3974,4678,4733,4744,5042,5684,5705,5721,6009,6421,7048],"timestamp":1670022394,"blue_key_relic_skipped_log":{"floor":43,"relicID":"Dead Branch"},"path_taken":["M","?","M","M","M","R","E","M","T","R","?","E","M","M","R","BOSS","M","$","?","M","?","E","R","M","T","E","R","E","$","E","R","BOSS","M","M","$","?","?","E","R","E","T","E","R","M","E","?","R","BOSS","BOSS","R","$","E","BOSS"],"build_version":"2022-12-01","purchased_purges":2,"victory":true,"max_hp_per_floor":[66,71,71,71,71,71,71,71,71,71,71,71,71,71,71,71,71,71,71,71,71,71,71,71,71,71,71,71,71,71,71,71,71,71,71,71,71,71,71,71,71,71,71,71,71,76,76,76,76,76,76,76,76,76,76,76],"relic_stats":{"counters":[30,110],"Blue Candle":[2],"Tingsha":[134],"Pen Nib":[21],"The Courier":216,"Whetstone":["Strike_G","Strike_G"],"Ginger":[5],"Orichalcum":[210],"MawBank":36,"Blood Vial":24,"Shuriken":[48],"Bronze Scales":[186],"Bird Faced Urn":[8],"Membership Card":216,"obtain_stats":[{"Potion Belt":19,"Blue Candle":40,"Vajra":12,"Enchiridion":20,"Tingsha":47,"Pen Nib":23,"The Courier":42,"Whetstone":29,"Ginger":38,"Orichalcum":9,"MawBank":27,"Du-Vu Doll":7,"Blood Vial":31,"SlaversCollar":34,"WristBlade":17,"Shuriken":26,"Bronze Scales":44,"Bird Faced Urn":55,"Membership Card":54,"Ring of the Snake":0},{"Potion Belt":11,"Blue Candle":22,"Vajra":7,"Enchiridion":11,"Tingsha":26,"Pen Nib":13,"The Courier":23,"Whetstone":16,"Ginger":21,"Orichalcum":6,"MawBank":15,"Du-Vu Doll":5,"Blood Vial":17,"SlaversCollar":18,"WristBlade":10,"Shuriken":14,"Bronze Scales":24,"Bird Faced Urn":29,"Membership Card":28,"Ring of the Snake":0},{"Potion Belt":33,"Blue Candle":70,"Vajra":24,"Enchiridion":33,"Tingsha":84,"Pen Nib":41,"The Courier":73,"Whetstone":48,"Ginger":67,"Orichalcum":20,"MawBank":45,"Du-Vu Doll":17,"Blood Vial":49,"SlaversCollar":54,"WristBlade":31,"Shuriken":43,"Bronze Scales":76,"Bird Faced Urn":103,"Membership Card":99,"Ring of the Snake":0}],"Ring of the Snake":[60]},"card_choices":[{"not_picked":["Accuracy","Bane"],"picked":"Dagger Spray","floor":1},{"not_picked":["Riddle With Holes","Leg Sweep"],"picked":"Dagger Spray","floor":3},{"not_picked":["Acrobatics","Slice"],"picked":"Eviscerate","floor":4},{"not_picked":["Sucker Punch","Dagger Spray"],"picked":"Terror","floor":5},{"not_picked":["Blade Dance","All Out Attack"],"picked":"Calculated Gamble","floor":7},{"not_picked":["Choke","Sucker Punch","Flying Knee"],"picked":"SKIP","floor":8},{"not_picked":["Accuracy","Malaise","Poisoned Stab"],"picked":"SKIP","floor":12},{"not_picked":["Accuracy","Poisoned Stab"],"picked":"Malaise","floor":12},{"not_picked":["Concentrate","Finisher"],"picked":"Blade Dance","floor":13},{"not_picked":["Cloak And Dagger","Backstab"],"picked":"Calculated Gamble","floor":14},{"not_picked":["Bullet Time","Glass Knife"],"picked":"Tools of the Trade","floor":16},{"not_picked":["Tactician","Underhanded Strike"],"picked":"Acrobatics","floor":18},{"not_picked":["Skewer","Terror","Deflect"],"picked":"SKIP","floor":21},{"not_picked":["Deadly Poison","Choke"],"picked":"Prepared","floor":23},{"not_picked":["Poisoned Stab","Dodge and Roll","Storm of Steel"],"picked":"SKIP","floor":25},{"not_picked":["Flying Knee","Well Laid Plans"],"picked":"Phantasmal Killer","floor":27},{"not_picked":["Concentrate","Crippling Poison","Flying Knee"],"picked":"SKIP","floor":29},{"not_picked":["Cloak And Dagger","Dodge and Roll"],"picked":"Burst","floor":31},{"not_picked":["Unload","Storm of Steel"],"picked":"After Image","floor":33},{"not_picked":["Deadly Poison","Heel Hook","Bane"],"picked":"SKIP","floor":35},{"not_picked":["Dodge and Roll","Finisher+1","Riddle With Holes"],"picked":"SKIP","floor":36},{"not_picked":["Dodge and Roll","Finisher+1","Riddle With Holes"],"picked":"SKIP","floor":36},{"not_picked":["Finisher+1","Sucker Punch","Dagger Throw"],"picked":"SKIP","floor":38},{"not_picked":["Dagger Spray","Escape Plan"],"picked":"Calculated Gamble+1","floor":40},{"not_picked":["Grand Finale","Dagger Throw"],"picked":"Backflip","floor":42},{"not_picked":["Blade Dance+1","Dagger Spray"],"picked":"PiercingWail","floor":44},{"not_picked":["Quick Slash+1","Infinite Blades"],"picked":"Sucker Punch","floor":46},{"not_picked":["Flying Knee","Finisher+1"],"picked":"Blade Dance","floor":47},{"not_picked":["Quick Slash","Terror"],"picked":"Escape Plan","floor":55}],"player_experience":4603606,"relics_obtained":[{"floor":7,"key":"Du-Vu Doll"},{"floor":9,"key":"Orichalcum"},{"floor":12,"key":"Vajra"},{"floor":20,"key":"Enchiridion"},{"floor":23,"key":"Pen Nib"},{"floor":26,"key":"Shuriken"},{"floor":27,"key":"MawBank"},{"floor":29,"key":"Whetstone"},{"floor":31,"key":"Blood Vial"},{"floor":38,"key":"Ginger"},{"floor":40,"key":"Blue Candle"},{"floor":42,"key":"The Courier"},{"floor":44,"key":"Bronze Scales"},{"floor":47,"key":"Tingsha"},{"floor":55,"key":"Bird Faced Urn"}],"event_choices":[{"damage_healed":0,"gold_gain":0,"player_choice":"Donut","damage_taken":0,"max_hp_gain":5,"max_hp_loss":0,"event_name":"Big Fish","floor":2,"gold_loss":0},{"damage_healed":0,"gold_gain":0,"player_choice":"Upgraded","damage_taken":0,"max_hp_gain":0,"max_hp_loss":0,"event_name":"Upgrade Shrine","floor":11,"gold_loss":0,"cards_upgraded":["Eviscerate"]},{"damage_healed":0,"gold_gain":0,"player_choice":"Obtained Book","damage_taken":21,"max_hp_gain":0,"max_hp_loss":0,"event_name":"Cursed Tome","floor":20,"gold_loss":0},{"damage_healed":0,"gold_gain":0,"player_choice":"Joined the Cult","damage_taken":6,"max_hp_gain":0,"max_hp_loss":0,"event_name":"Nest","floor":22,"gold_loss":0,"cards_obtained":["RitualDagger"]},{"damage_healed":0,"gold_gain":0,"player_choice":"Fight","damage_taken":0,"max_hp_gain":0,"max_hp_loss":0,"event_name":"Mysterious Sphere","floor":38,"gold_loss":0},{"cards_removed":["Defend_G"],"damage_healed":0,"gold_gain":0,"player_choice":"Removed Skill","damage_taken":0,"max_hp_gain":0,"max_hp_loss":0,"event_name":"Falling","floor":39,"gold_loss":0},{"damage_healed":15,"gold_gain":0,"player_choice":"Writhe","damage_taken":0,"max_hp_gain":0,"max_hp_loss":0,"event_name":"Winding Halls","floor":48,"gold_loss":0,"cards_obtained":["Writhe"]}],"is_beta":false,"boss_relics":[{"not_picked":["Ectoplasm","Fusion Hammer"],"picked":"WristBlade"},{"not_picked":["Busted Crown","Philosopher\u0027s Stone"],"picked":"SlaversCollar"}],"items_purged_floors":[19,30],"is_endless":false,"potions_floor_spawned":[1,4,5,7,16,21,23,25,35,36,44,46],"ascension_level":20,"potion_discard_per_floor":[["Swift Potion"],[],[],[],[],[],[],[],[],[],[],[],[],[],[],["ColorlessPotion"],[],[],[],[],[],[],[],[],["Dexterity Potion"],[],[],[],[],[],[],[],[],[],[],[],[],[],[],[],[],[],[],[],[],[],[],[],[],[],[],[],[],["Energy Potion"],[],[],[]]}