{"neow_bonuses_skipped_log":["THREE_CARDS","TEN_PERCENT_HP_BONUS","BOSS_RELIC"],"potions_obtained_entropic_brew":[[],[],[],[],[],[],[],[],[],[],[],[],[],[],[],[],[],[],[],[],[],[],[],[],[],[],[],[],[]],"neow_costs_skipped_log":["NONE","NONE","NONE"],"gold_per_floor":[116,127,141,141,154,154,166,166,166,197,215,215,215,18,18,91,91,101,16,16,16,36,65,65,85,108,5,5,5],"floor_reached":29,"playtime":2632,"items_purged":["Strike_G"],"score":486,"play_id":"be4c3d6f-2ccc-4c2e-bb1d-afa11f1fd113","local_time":"20221209185952","score_breakdown":["Floors Climbed (29): 145","Enemies Slain (9): 18","Exordium Elites Killed (1): 10","City Elites Killed (1): 20","Bosses Slain (1): 50","Ascension (20): 243"],"is_ascension_mode":true,"potions_obtained_alchemize":[[],[],[],[],[],[],[],[],[],[],[],[],[],[],[],[],[],["SkillPotion"],[],[],[],["DistilledChaos"],["PowerPotion"],[],["Swift Potion"],[],[],[],["Energy Potion"]],"campfire_choices":[{"data":"Deadly Poison","floor":6,"key":"SMITH"},{"floor":8,"key":"REST"},{"data":"Prepared","floor":12,"key":"SMITH"},{"data":"Tools of the Trade","floor":15,"key":"SMITH"},{"floor":24,"key":"REST"}],"lesson_learned_per_floor":[[],[],[],[],[],[],[],[],[],[],[],[],[],[],[],[],[],[],[],[],[],[],[],[],[],[],[],[],[]],"neow_cost":"TEN_PERCENT_HP_LOSS","improvable_cards":{},"seed_source_timestamp":25438247551465,"shop_contents":[{"floor":14,"relics":["Question Card","Omamori","Strange Spoon"],"cards":["Backstab","Poisoned Stab","Distraction","Deadly Poison","Well Laid Plans","Mind Blast"],"potions":["EssenceOfSteel","BlessingOfTheForge","DistilledChaos"]},{"floor":21,"relics":["Regal Pillow","Mango","ClockworkSouvenir"],"cards":["Dash","Choke","Backflip","Burst","Caltrops","Purity","Sadistic Nature"],"potions":["LiquidMemories","CunningPotion","Strength Potion"]},{"floor":27,"relics":["Frozen Egg 2","Happy Flower","Sling"],"cards":["Dagger Throw","Bane","Phantasmal Killer","Well Laid Plans","Impatience","Master of Strategy"],"potions":["LiquidBronze","Ancient Potion","SteroidPotion"]}],"circlet_count":0,"master_deck":["AscendersBane","Strike_G+1","Defend_G+1","Defend_G+1","Defend_G+1","Defend_G+1","Defend_G+1","Survivor","Neutralize","Tools of the Trade+1","Well Laid Plans","Poisoned Stab","Deadly Poison+1","Dagger Spray","Eviscerate","Prepared+1","Dagger Throw","Backstab","Panache","Venomology","Blade Dance","Finisher","Doppelganger","Catalyst+1","Blade Dance","Calculated Gamble","PiercingWail"],"potion_use_per_floor":[[],[],[],[],[],[],[],[],[],["Block Potion"],[],[],[],[],[],["Poison Potion"],[],[],[],[],[],["LiquidMemories"],["DistilledChaos","PowerPotion","FairyPotion"],[],["Swift Potion"],[],[],[],["Energy Potion","EssenceOfSteel"]],"relics":["Ring of the Snake","GremlinMask","Bottled Tornado","Oddly Smooth Stone","Philosopher\u0027s Stone","Gremlin Horn","Anchor","Lantern"],"potions_floor_usage":[10,16,22,23,23,25,29,29],"damage_taken":[{"damage":3,"enemies":"Small Slimes","floor":1,"turns":6},{"damage":6,"enemies":"Cultist","floor":2,"turns":5},{"damage":0,"enemies":"Jaw Worm","floor":3,"turns":5},{"damage":31,"enemies":"Large Slime","floor":5,"turns":11},{"damage":0,"enemies":"Blue Slaver","floor":7,"turns":6},{"damage":18,"enemies":"Gremlin Nob","floor":10,"turns":4},{"damage":1,"enemies":"3 Louse","floor":11,"turns":3},{"damage":4,"enemies":"Hexaghost","floor":16,"turns":8},{"damage":18,"enemies":"Spheric Guardian","floor":18,"turns":5},{"damage":6,"enemies":"2 Thieves","floor":22,"turns":4},{"damage":33,"enemies":"Book of Stabbing","floor":23,"turns":5},{"damage":28,"enemies":"Snake Plant","floor":25,"turns":5},{"damage":15,"enemies":"Snecko","floor":29,"turns":4}],"seed_played":"-3185239651408822521","neow_bonus_log":{"cardsObtained":[],"cardsUpgraded":[],"cardsRemoved":[],"cardsTransformed":[],"relicsObtained":[],"maxHpGained":0,"goldGained":0,"damageTaken":0,"goldLost":0,"maxHpLost":6},"potions_obtained":[{"floor":2,"key":"Block Potion"},{"floor":5,"key":"LiquidMemories"},{"floor":10,"key":"Poison Potion"},{"floor":22,"key":"FairyPotion"},{"floor":25,"key":"EssenceOfSteel"}],"is_trial":false,"path_per_floor":["M","M","M","?","M","R","M","R","T","E","M","R","?","$","R","B",null,"M","?","?","$","M","E","R","M","T","$","?","M"],"character_chosen":"THE_SILENT","items_purchased":["Panache","PiercingWail"],"campfire_rested":2,"item_purchase_floors":[14,27],"current_hp_per_floor":[56,50,50,50,19,19,19,37,37,19,18,18,18,18,18,14,49,31,31,31,31,25,18,36,8,8,8,8,0],"gold":5,"neow_bonus":"THREE_RARE_CARDS","is_prod":false,"is_daily":false,"rewards_skipped":[{"floor":11,"relics":[],"potions":["PowerPotion"]}],"chose_seed":false,"campfire_upgraded":3,"win_rate":0,"floor_exit_playtime":[126,197,266,287,489,501,617,669,698,1009,1102,1108,1134,1256,1272,1442,1538,1634,1709,1768,1774,1977,2224,2231,2361,2372,2388,2401],"timestamp":1670630392,"path_taken":["M","M","M","?","?","R","?","R","T","E","M","R","?","?","R","BOSS","M","?","?","$","M","E","R","M","T","$","?","M"],"build_version":"2022-12-01","purchased_purges":1,"victory":false,"max_hp_per_floor":[60,60,60,60,60,60,60,60,60,60,60,60,60,60,60,60,60,60,60,60,60,60,60,60,60,60,60,60,60],"relic_stats":{"Gremlin Horn":[1,1],"counters":[13,71],"Bottled Tornado":"Well Laid Plans","obtain_stats":[{"Anchor":23,"Lantern":26,"Gremlin Horn":19,"Oddly Smooth Stone":10,"GremlinMask":4,"Philosopher\u0027s Stone":17,"Bottled Tornado":9,"Ring of the Snake":0},{"Anchor":11,"Lantern":12,"Gremlin Horn":9,"Oddly Smooth Stone":6,"GremlinMask":3,"Philosopher\u0027s Stone":8,"Bottled Tornado":5,"Ring of the Snake":0},{"Anchor":62,"Lantern":67,"Gremlin Horn":53,"Oddly Smooth Stone":37,"GremlinMask":16,"Philosopher\u0027s Stone":48,"Bottled Tornado":33,"Ring of the Snake":0}],"Ring of the Snake":[26]},"card_choices":[{"not_picked":["Burst","Storm of Steel"],"picked":"Tools of the Trade","floor":0},{"not_picked":["Quick Slash","Dagger Throw"],"picked":"Well Laid Plans","floor":1},{"not_picked":["Flechettes","Reflex"],"picked":"Poisoned Stab","floor":2},{"not_picked":["Finisher","Concentrate"],"picked":"Deadly Poison","floor":3},{"not_picked":["Distraction","Dodge and Roll"],"picked":"Dagger Spray","floor":5},{"not_picked":["Deadly Poison","Dodge and Roll"],"picked":"Eviscerate","floor":7},{"not_picked":["Skewer","Finisher"],"picked":"Prepared","floor":10},{"not_picked":["Deflect","Finisher"],"picked":"Dagger Throw","floor":11},{"not_picked":["A Thousand Cuts","Wraith Form v2"],"picked":"Venomology","floor":16},{"not_picked":["Quick Slash","Poisoned Stab"],"picked":"Blade Dance","floor":18},{"not_picked":["Dagger Spray","Flying Knee"],"picked":"Catalyst+1","floor":22},{"not_picked":["Dagger Throw","Outmaneuver+1"],"picked":"Blade Dance","floor":23},{"not_picked":["Predator","Cloak And Dagger"],"picked":"Calculated Gamble","floor":25}],"player_experience":4675057,"relics_obtained":[{"floor":9,"key":"Bottled Tornado"},{"floor":10,"key":"Oddly Smooth Stone"},{"floor":23,"key":"Anchor"},{"floor":26,"key":"Lantern"}],"event_choices":[{"damage_healed":0,"gold_gain":0,"player_choice":"Trade","damage_taken":0,"relics_obtained":["GremlinMask"],"max_hp_gain":0,"max_hp_loss":0,"event_name":"FaceTrader","floor":4,"gold_loss":0},{"damage_healed":0,"gold_gain":0,"cards_transformed":["Strike_G"],"player_choice":"Change","damage_taken":0,"max_hp_gain":0,"max_hp_loss":0,"event_name":"Living Wall","floor":13,"gold_loss":0,"cards_obtained":["Backstab"]},{"damage_healed":0,"gold_gain":0,"player_choice":"Obtained Relic","damage_taken":0,"relics_obtained":["Gremlin Horn"],"max_hp_gain":0,"max_hp_loss":0,"event_name":"Addict","floor":19,"gold_loss":85},{"damage_healed":0,"gold_gain":0,"cards_transformed":["Strike_G","Strike_G"],"player_choice":"Became Test Subject","damage_taken":0,"max_hp_gain":0,"max_hp_loss":0,"event_name":"Drug Dealer","floor":20,"gold_loss":0,"cards_obtained":["Finisher","Doppelganger"]},{"damage_healed":0,"gold_gain":0,"player_choice":"Simplicity","damage_taken":0,"max_hp_gain":0,"max_hp_loss":0,"event_name":"Back to Basics","floor":28,"gold_loss":0,"cards_upgraded":["Strike_G","Defend_G","Defend_G","Defend_G","Defend_G","Defend_G"]}],"is_beta":false,"boss_relics":[{"not_picked":["WristBlade","Black Star"],"picked":"Philosopher\u0027s Stone"}],"items_purged_floors":[27],"is_endless":false,"potions_floor_spawned":[2,5,10,11,22,25],"killed_by":"Snecko","ascension_level":20,"potion_discard_per_floor":[[],[],[],[],[],[],[],[],[],[],[],[],[],[],[],[],[],[],[],[],[],["SkillPotion"],[],[],[],[],[],[],[]]}