{"neow_bonuses_skipped_log":["UPGRADE_CARD","TEN_PERCENT_HP_BONUS","RANDOM_COLORLESS_2"],"neow_costs_skipped_log":["NONE","NONE","CURSE"],"potions_obtained_entropic_brew":[[],[],[],[],[],[],[],[],[],[],[],[],[],[],[],[],[],[],[],[],[],[],[],[],[],[],[],[],[],[],[],[],[],[],[],[],[],[],[],[],[],[],[],[],[],[],[],[],[],[],[],[],[],[],[],[],[]],"gold_per_floor":[111,130,280,77,96,122,122,122,122,137,137,37,62,72,72,149,149,167,178,197,230,230,230,246,260,314,342,342,361,394,394,394,471,471,482,499,549,559,571,596,596,63,63,78,88,121,121,135,135,135,135,135,135,29,63,63],"floor_reached":57,"playtime":5837,"items_purged":["Doubt","Pain","Doubt"],"score":2832,"play_id":"92224b6d-8559-41df-9fb1-41cfd5b6e0bc","local_time":"20221208174039","score_breakdown":["Floors Climbed (57): 285","Enemies Slain (18): 36","Exordium Elites Killed (2): 20","City Elites Killed (2): 40","Beyond Elites Killed (2): 60","Bosses Slain (5): 750","Money Money (1026): 25","Librarian: 25","Champion (2): 50","Overkill: 25","Ascension (20): 1266","Heartbreaker: 250"],"is_ascension_mode":true,"potions_obtained_alchemize":[[],[],[],[],[],[],[],[],[],[],[],[],[],[],[],[],[],[],[],[],[],[],[],[],[],[],[],[],[],[],[],[],[],[],[],[],[],[],[],[],[],[],[],[],[],[],[],[],[],[],[],[],[],[],[],[],[]],"campfire_choices":[{"data":"Noxious Fumes","floor":8,"key":"SMITH"},{"data":"Calculated Gamble","floor":11,"key":"SMITH"},{"data":"Glass Knife","floor":15,"key":"SMITH"},{"data":"Wraith Form v2","floor":23,"key":"SMITH"},{"data":"Footwork","floor":28,"key":"SMITH"},{"data":"Dagger Spray","floor":32,"key":"SMITH"},{"data":"Night Terror","floor":41,"key":"SMITH"},{"floor":49,"key":"RECALL"},{"data":"Expertise","floor":53,"key":"SMITH"}],"lesson_learned_per_floor":[[],[],[],[],[],[],[],[],[],[],[],[],[],[],[],[],[],[],[],[],[],[],[],[],[],[],[],[],[],[],[],[],[],[],[],[],[],[],[],[],[],[],[],[],[],[],[],[],[],[],[],[],[],[],[],[],[]],"neow_cost":"NONE","improvable_cards":{},"seed_source_timestamp":17538877539871,"shop_contents":[{"floor":4,"relics":["Girya","Sundial","PrismaticShard"],"cards":["Riddle With Holes","Slice","Distraction","Corpse Explosion","PanicButton","Transmutation"],"potions":["GamblersBrew","EssenceOfSteel"]},{"floor":12,"relics":["Akabeko","Pear","Medical Kit"],"cards":["Backstab","Masterful Stab","Terror","Blade Dance","Envenom","Dark Shackles","Violence"],"potions":["GamblersBrew","FearPotion","SteroidPotion"]},{"floor":42,"relics":["War Paint","InkBottle"],"cards":["Sucker Punch","Endless Agony","Setup","Accuracy","Jack Of All Trades"],"potions":["Ancient Potion","LiquidBronze","Explosive Potion"]},{"floor":54,"relics":["Art of War","Bottled Flame","TheAbacus"],"cards":["Dagger Spray","Skewer","Deadly Poison","Dodge and Roll","Footwork","Bandage Up","Magnetism"],"potions":["CultistPotion"]}],"circlet_count":0,"master_deck":["AscendersBane","Defend_G","Defend_G","Defend_G","Defend_G","Defend_G","Survivor","Neutralize","Calculated Gamble+1","Leg Sweep","Noxious Fumes+1","Dagger Throw","Calculated Gamble","Malaise","Dagger Throw","Glass Knife+1","Tactician","Wraith Form v2+1","After Image","Leg Sweep","Endless Agony+1","PiercingWail","Footwork+1","Blade Dance","Dagger Spray+1","Dodge and Roll","Choke","Night Terror+1","Grand Finale+1","Finisher+1","Endless Agony+1","Escape Plan","Backflip+1","Blade Dance+1","Tools of the Trade","Secret Technique","PiercingWail","Catalyst+1","Noxious Fumes+1","Calculated Gamble","Expertise+1","Adrenaline"],"potion_use_per_floor":[[],[],[],[],[],["AttackPotion"],[],[],[],[],[],[],["Regen Potion"],[],[],["PowerPotion"],[],[],[],[],["Fire Potion"],["Fruit Juice"],[],["Swift Potion"],["Ancient Potion"],[],[],[],["LiquidMemories"],["BlessingOfTheForge"],[],[],["CunningPotion","Explosive Potion"],[],["ColorlessPotion"],[],[],["PowerPotion"],["SteroidPotion"],["CultistPotion"],[],[],[],["Swift Potion"],[],["FairyPotion","GhostInAJar"],[],[],[],["AttackPotion"],[],[],[],["Fruit Juice"],["Energy Potion"],["PowerPotion","SkillPotion"],[]],"relics":["Cursed Key","Matryoshka","Letter Opener","Bottled Tornado","The Specimen","Coffee Dripper","Red Mask","Shuriken","MealTicket","White Beast Statue","Astrolabe","Turnip","TwistedFunnel","Vajra","Orichalcum"],"potions_floor_usage":[6,13,16,21,22,24,25,29,30,33,33,35,38,39,40,44,46,50,54,55,56,56],"damage_taken":[{"damage":4,"enemies":"Jaw Worm","floor":1,"turns":6},{"damage":0,"enemies":"Small Slimes","floor":2,"turns":5},{"damage":0,"enemies":"Cultist","floor":5,"turns":4},{"damage":16,"enemies":"Gremlin Nob","floor":6,"turns":4},{"damage":3,"enemies":"Exordium Thugs","floor":10,"turns":5},{"damage":0,"enemies":"3 Sentries","floor":13,"turns":6},{"damage":2,"enemies":"Lots of Slimes","floor":14,"turns":5},{"damage":28,"enemies":"Slime Boss","floor":16,"turns":7},{"damage":12,"enemies":"Shell Parasite","floor":18,"turns":6},{"damage":15,"enemies":"2 Thieves","floor":19,"turns":5},{"damage":7,"enemies":"Snecko","floor":20,"turns":8},{"damage":8,"enemies":"Masked Bandits","floor":21,"turns":5},{"damage":0,"enemies":"Snake Plant","floor":24,"turns":6},{"damage":0,"enemies":"Cultist and Chosen","floor":25,"turns":5},{"damage":11,"enemies":"Slavers","floor":27,"turns":6},{"damage":2,"enemies":"Snecko","floor":29,"turns":8},{"damage":0,"enemies":"Gremlin Leader","floor":30,"turns":6},{"damage":3,"enemies":"Automaton","floor":33,"turns":8},{"damage":8,"enemies":"3 Shapes","floor":35,"turns":5},{"damage":17,"enemies":"3 Darklings","floor":36,"turns":7},{"damage":0,"enemies":"Spire Growth","floor":38,"turns":5},{"damage":4,"enemies":"Writhing Mass","floor":39,"turns":8},{"damage":18,"enemies":"Reptomancer","floor":40,"turns":5},{"damage":12,"enemies":"3 Darklings","floor":44,"turns":4},{"damage":0,"enemies":"Sphere and 2 Shapes","floor":45,"turns":3},{"damage":16,"enemies":"Nemesis","floor":46,"turns":3},{"damage":0,"enemies":"4 Shapes","floor":48,"turns":4},{"damage":24,"enemies":"Awakened One","floor":50,"turns":18},{"damage":31,"enemies":"Donu and Deca","floor":51,"turns":9},{"damage":3,"enemies":"Shield and Spear","floor":55,"turns":8},{"damage":55,"enemies":"The Heart","floor":56,"turns":8}],"green_key_taken_log":46,"seed_played":"-2935498404922530446","neow_bonus_log":{"cardsObtained":[],"cardsUpgraded":[],"cardsRemoved":[],"cardsTransformed":[],"relicsObtained":["Cursed Key"],"maxHpGained":0,"goldGained":0,"damageTaken":0,"goldLost":0,"maxHpLost":0},"potions_obtained":[{"floor":6,"key":"PowerPotion"},{"floor":10,"key":"Regen Potion"},{"floor":16,"key":"SmokeBomb"},{"floor":19,"key":"Fire Potion"},{"floor":21,"key":"Explosive Potion"},{"floor":22,"key":"Fruit Juice"},{"floor":22,"key":"Swift Potion"},{"floor":24,"key":"Ancient Potion"},{"floor":27,"key":"LiquidMemories"},{"floor":29,"key":"BlessingOfTheForge"},{"floor":30,"key":"CunningPotion"},{"floor":33,"key":"ColorlessPotion"},{"floor":35,"key":"FairyPotion"},{"floor":36,"key":"PowerPotion"},{"floor":38,"key":"SteroidPotion"},{"floor":39,"key":"CultistPotion"},{"floor":40,"key":"Swift Potion"},{"floor":44,"key":"Energy Potion"},{"floor":45,"key":"GhostInAJar"},{"floor":46,"key":"AttackPotion"},{"floor":48,"key":"Fruit Juice"},{"floor":55,"key":"SkillPotion"}],"is_trial":false,"path_per_floor":["M","M","?","$","M","E","?","R","T","M","R","$","E","M","R","B",null,"M","M","M","?","?","R","M","M","T","E","R","M","E","?","R","B",null,"M","M","?","M","M","E","R","$","T","M","M","E","?","M","R","B","B",null,"R","$","E","B",null],"character_chosen":"THE_SILENT","items_purchased":["AttackPotion","Noxious Fumes","Secret Technique","TwistedFunnel","PiercingWail","PowerPotion","Energy Potion"],"campfire_rested":0,"item_purchase_floors":[4,4,42,42,42,54,54],"current_hp_per_floor":[55,55,55,55,55,39,39,39,39,36,36,36,51,49,49,21,55,43,28,21,13,18,18,18,18,18,7,7,5,5,5,5,2,54,46,29,29,29,25,7,7,22,22,10,10,15,58,58,58,34,3,44,44,63,60,5],"gold":63,"neow_bonus":"BOSS_RELIC","is_prod":false,"is_daily":false,"rewards_skipped":[],"chose_seed":false,"campfire_upgraded":8,"win_rate":0,"floor_exit_playtime":[144,221,242,290,326,425,441,456,490,555,562,594,701,851,858,995,1149,1254,1387,1496,1652,1660,1690,1801,1918,1942,2107,2148,2337,2619,2649,2656,2894,2987,3111,3257,3266,3346,3543,3696,3723,3781,3789,3899,4037,4113,4129,4200,4203,4674,4955,4972,5002,5035,5225,5837],"timestamp":1670539239,"blue_key_relic_skipped_log":{"floor":26,"relicID":"Bronze Scales"},"path_taken":["M","M","?","$","M","E","?","R","T","?","R","?","E","M","R","BOSS","M","?","M","?","?","R","M","?","T","E","R","M","E","?","R","BOSS","M","M","?","?","M","E","R","$","T","M","M","E","?","M","R","BOSS","BOSS","R","$","E","BOSS"],"build_version":"2022-12-01","purchased_purges":3,"victory":true,"max_hp_per_floor":[66,66,66,66,66,66,66,66,66,66,66,66,66,66,66,66,66,66,66,66,66,71,71,71,71,71,71,71,71,71,71,71,71,71,71,71,71,71,71,71,71,71,71,71,71,71,58,58,58,58,58,58,58,63,63,63],"relic_stats":{"The Specimen":[183],"counters":[31,192],"Astrolabe":["Grand Finale","Finisher","Endless Agony"],"Letter Opener":[463],"Bottled Tornado":"Noxious Fumes","Orichalcum":[30],"Cursed Key":2,"White Beast Statue":[0.0,0.0,0.0,0.4,0.0,0.6000000000000001,0.0,0.0,0.0,0.0,0.0,4.5671088640000015],"Matryoshka":2,"Shuriken":[54],"MealTicket":29,"Turnip":[7],"obtain_stats":[{"TwistedFunnel":42,"The Specimen":13,"Astrolabe":34,"Vajra":46,"Letter Opener":9,"Bottled Tornado":9,"Orichalcum":55,"Cursed Key":0,"White Beast Statue":30,"Matryoshka":6,"Shuriken":26,"MealTicket":27,"Turnip":40,"Coffee Dripper":17,"Red Mask":21,"Ring of the Snake":0},{"TwistedFunnel":23,"The Specimen":6,"Astrolabe":18,"Vajra":26,"Letter Opener":4,"Bottled Tornado":4,"Orichalcum":30,"Cursed Key":0,"White Beast Statue":17,"Matryoshka":4,"Shuriken":14,"MealTicket":15,"Turnip":23,"Coffee Dripper":8,"Red Mask":12,"Ring of the Snake":0},{"TwistedFunnel":135,"The Specimen":30,"Astrolabe":105,"Vajra":145,"Letter Opener":19,"Bottled Tornado":19,"Orichalcum":184,"Cursed Key":0,"White Beast Statue":97,"Matryoshka":19,"Shuriken":77,"MealTicket":83,"Turnip":135,"Coffee Dripper":42,"Red Mask":66,"Ring of the Snake":0}]},"card_choices":[{"not_picked":["Dagger Throw","Cloak And Dagger"],"picked":"Calculated Gamble","floor":1},{"not_picked":["Backstab","Bane"],"picked":"Leg Sweep","floor":2},{"not_picked":["Reflex","Bane"],"picked":"Dagger Throw","floor":5},{"not_picked":["PiercingWail","Choke"],"picked":"Calculated Gamble","floor":6},{"not_picked":["Caltrops","Prepared"],"picked":"Dagger Throw","floor":10},{"not_picked":["Blade Dance","Prepared"],"picked":"Glass Knife","floor":13},{"not_picked":["Deflect","Choke"],"picked":"Tactician","floor":14},{"not_picked":["Malaise","Phantasmal Killer"],"picked":"Wraith Form v2","floor":16},{"not_picked":["Bane","Underhanded Strike","Quick Slash"],"picked":"SKIP","floor":18},{"not_picked":["Slice+1","Concentrate"],"picked":"After Image","floor":19},{"not_picked":["Deadly Poison","Poisoned Stab"],"picked":"Leg Sweep","floor":20},{"not_picked":["Noxious Fumes","Dagger Spray"],"picked":"Endless Agony+1","floor":21},{"not_picked":["Blade Dance","Quick Slash"],"picked":"PiercingWail","floor":24},{"not_picked":["Setup","Poisoned Stab","Slice"],"picked":"SKIP","floor":25},{"not_picked":["Unload","All Out Attack"],"picked":"Footwork","floor":27},{"not_picked":["Distraction","Dagger Spray"],"picked":"Blade Dance","floor":29},{"not_picked":["Prepared","Poisoned Stab"],"picked":"Dagger Spray","floor":30},{"not_picked":["Unload","Phantasmal Killer"],"picked":"Night Terror","floor":33},{"not_picked":["Flechettes","Dagger Spray"],"picked":"Escape Plan","floor":35},{"not_picked":["Skewer","Predator"],"picked":"Backflip+1","floor":36},{"not_picked":["Underhanded Strike","Cloak And Dagger"],"picked":"Blade Dance+1","floor":38},{"not_picked":["Dagger Throw","Skewer","Poisoned Stab"],"picked":"SKIP","floor":39},{"not_picked":["Poisoned Stab","Accuracy"],"picked":"Tools of the Trade","floor":40},{"not_picked":["Cloak And Dagger","Poisoned Stab"],"picked":"Catalyst+1","floor":44},{"not_picked":["Setup","Dodge and Roll"],"picked":"Noxious Fumes+1","floor":45},{"not_picked":["Blade Dance","Choke"],"picked":"Calculated Gamble","floor":46},{"not_picked":["Dodge and Roll","Concentrate"],"picked":"Expertise","floor":48},{"not_picked":["Noxious Fumes+1","Setup"],"picked":"Adrenaline","floor":55}],"player_experience":4658133,"relics_obtained":[{"floor":6,"key":"Matryoshka"},{"floor":9,"key":"Letter Opener"},{"floor":9,"key":"Bottled Tornado"},{"floor":13,"key":"The Specimen"},{"floor":21,"key":"Red Mask"},{"floor":26,"key":"Shuriken"},{"floor":27,"key":"MealTicket"},{"floor":30,"key":"White Beast Statue"},{"floor":40,"key":"Turnip"},{"floor":46,"key":"Vajra"},{"floor":55,"key":"Orichalcum"}],"event_choices":[{"damage_healed":0,"gold_gain":150,"player_choice":"AGREE","damage_taken":0,"max_hp_gain":0,"max_hp_loss":0,"event_name":"Liars Game","floor":3,"gold_loss":0,"cards_obtained":["Doubt"]},{"damage_healed":0,"gold_gain":0,"player_choice":"1 cards matched","damage_taken":0,"max_hp_gain":0,"max_hp_loss":0,"event_name":"Match and Keep!","floor":7,"gold_loss":0,"cards_obtained":["Malaise"]},{"damage_healed":0,"gold_gain":0,"player_choice":"Fought Bandits","damage_taken":0,"max_hp_gain":0,"max_hp_loss":0,"event_name":"Masked Bandits","floor":21,"gold_loss":0},{"damage_healed":0,"gold_gain":0,"player_choice":"Got Potions","damage_taken":0,"max_hp_gain":0,"max_hp_loss":0,"event_name":"Lab","floor":22,"gold_loss":0},{"damage_healed":0,"gold_gain":0,"cards_transformed":["Strike_G","Strike_G"],"player_choice":"Became Test Subject","damage_taken":0,"max_hp_gain":0,"max_hp_loss":0,"event_name":"Drug Dealer","floor":31,"gold_loss":0,"cards_obtained":["Dodge and Roll","Choke"]},{"damage_healed":0,"gold_gain":50,"player_choice":"Pray","damage_taken":0,"max_hp_gain":0,"max_hp_loss":0,"event_name":"Golden Shrine","floor":37,"gold_loss":0},{"damage_healed":58,"gold_gain":0,"player_choice":"Heal","damage_taken":0,"max_hp_gain":0,"max_hp_loss":13,"event_name":"The Moai Head","floor":47,"gold_loss":0}],"is_beta":false,"boss_relics":[{"not_picked":["Ectoplasm","Sozu"],"picked":"Coffee Dripper"},{"not_picked":["Philosopher\u0027s Stone","HoveringKite"],"picked":"Astrolabe"}],"items_purged_floors":[4,12,42],"is_endless":false,"potions_floor_spawned":[6,10,16,19,21,24,27,29,30,33,35,36,38,39,40,44,45,46,48,55],"ascension_level":20,"potion_discard_per_floor":[[],[],[],[],[],[],[],[],[],[],[],[],[],[],[],[],[],[],[],[],[],["SmokeBomb"],[],[],[],[],[],[],[],[],[],[],[],[],[],[],[],[],[],[],[],[],[],[],["Energy Potion"],[],[],[],[],[],[],[],[],[],[],[],[]]}