{"neow_bonuses_skipped_log":["THREE_CARDS","RANDOM_COMMON_RELIC","BOSS_RELIC"],"neow_costs_skipped_log":["NONE","NONE","NONE"],"potions_obtained_entropic_brew":[[],[],[],[],[],[],[],[],[],[],[],[],[],[],[],[]],"gold_per_floor":[110,127,127,139,214,214,1,20,20,20,20,20,36,68,68,68],"floor_reached":16,"playtime":1170,"items_purged":[],"score":200,"play_id":"ba0682e8-7191-40ef-ac8f-305c5616a9cf","local_time":"20221204185114","score_breakdown":["Floors Climbed (16): 80","Enemies Slain (5): 10","Exordium Elites Killed (1): 10","Bosses Slain (0): 0","Ascension (20): 100"],"is_ascension_mode":true,"potions_obtained_alchemize":[[],[],[],[],[],[],[],[],[],[],[],[],[],[],[],[]],"campfire_choices":[{"data":"Dagger Throw","floor":6,"key":"SMITH"},{"data":"Crippling Poison","floor":10,"key":"SMITH"},{"floor":15,"key":"REST"}],"lesson_learned_per_floor":[[],[],[],[],[],[],[],[],[],[],[],[],[],[],[],[]],"neow_cost":"TEN_PERCENT_HP_LOSS","improvable_cards":{},"seed_source_timestamp":2554861441390,"shop_contents":[{"floor":7,"relics":["Ginger","Frozen Eye"],"cards":["Die Die Die","Masterful Stab","Backflip","Accuracy","Deep Breath","Transmutation"],"potions":["SteroidPotion","SpeedPotion","Poison Potion"]}],"circlet_count":0,"master_deck":["AscendersBane","Strike_G","Strike_G","Strike_G","Strike_G","Defend_G","Defend_G","Defend_G","Defend_G","Survivor","Neutralize","Flying Knee","Acrobatics+1","Dagger Throw+1","Calculated Gamble","Crippling Poison+1","Dagger Spray","Backflip"],"potion_use_per_floor":[[],[],[],[],[],[],[],[],[],[],[],[],[],["SkillPotion"],[],[]],"relics":["Ring of the Snake","PreservedInsect","Boot","Question Card"],"potions_floor_usage":[14],"damage_taken":[{"damage":0,"enemies":"2 Louse","floor":1,"turns":4},{"damage":2,"enemies":"Cultist","floor":2,"turns":4},{"damage":4,"enemies":"Small Slimes","floor":4,"turns":4},{"damage":6,"enemies":"Blue Slaver","floor":8,"turns":4},{"damage":0,"enemies":"Looter","floor":13,"turns":3},{"damage":3,"enemies":"Lagavulin","floor":14,"turns":5},{"damage":52,"enemies":"The Guardian","floor":16,"turns":17}],"seed_played":"9020114204668500537","neow_bonus_log":{"cardsObtained":[],"cardsUpgraded":[],"cardsRemoved":["Defend_G","Strike_G"],"cardsTransformed":[],"relicsObtained":[],"maxHpGained":0,"goldGained":0,"damageTaken":0,"goldLost":0,"maxHpLost":6},"potions_obtained":[{"floor":1,"key":"SkillPotion"},{"floor":8,"key":"Ancient Potion"}],"is_trial":false,"path_per_floor":["M","M","?","M","?","R","$","M","T","R","T","?","M","E","R","B"],"character_chosen":"THE_SILENT","items_purchased":["Calculated Gamble","PreservedInsect"],"campfire_rested":1,"item_purchase_floors":[7,7],"current_hp_per_floor":[59,57,57,53,42,42,42,36,36,36,36,36,36,33,51,0],"gold":68,"neow_bonus":"REMOVE_TWO","is_prod":false,"is_daily":false,"rewards_skipped":[],"chose_seed":false,"campfire_upgraded":2,"win_rate":0,"floor_exit_playtime":[174,275,280,328,331,344,372,447,455,461,469,477,561,673,694],"timestamp":1670197874,"blue_key_relic_skipped_log":{"floor":9,"relicID":"Blue Candle"},"path_taken":["M","M","?","?","?","R","$","M","T","R","?","?","M","E","R","BOSS"],"build_version":"2022-12-01","purchased_purges":0,"victory":false,"max_hp_per_floor":[60,60,60,60,60,60,60,60,60,60,60,60,60,60,60,60],"relic_stats":{"counters":[7,41],"PreservedInsect":29,"Boot":[40],"Question Card":0,"obtain_stats":[{"PreservedInsect":7,"Boot":11,"Question Card":14,"Ring of the Snake":0},{"PreservedInsect":3,"Boot":4,"Question Card":6,"Ring of the Snake":0},{"PreservedInsect":12,"Boot":16,"Question Card":24,"Ring of the Snake":0}],"Ring of the Snake":[14]},"card_choices":[{"not_picked":["Outmaneuver","Prepared"],"picked":"Flying Knee","floor":1},{"not_picked":["Leg Sweep","All Out Attack"],"picked":"Acrobatics","floor":2},{"not_picked":["Blur","Well Laid Plans"],"picked":"Dagger Throw","floor":4},{"not_picked":["Dodge and Roll","Dagger Spray"],"picked":"Crippling Poison","floor":8},{"not_picked":["Escape Plan","Bouncing Flask"],"picked":"Dagger Spray","floor":13},{"not_picked":["Choke","Accuracy"],"picked":"Backflip","floor":14}],"player_experience":4621617,"relics_obtained":[{"floor":11,"key":"Boot"},{"floor":14,"key":"Question Card"}],"event_choices":[{"damage_healed":0,"gold_gain":0,"player_choice":"Upgraded","damage_taken":0,"max_hp_gain":0,"max_hp_loss":0,"event_name":"Upgrade Shrine","floor":3,"gold_loss":0,"cards_upgraded":["Acrobatics"]},{"damage_healed":0,"gold_gain":75,"player_choice":"Gather Gold","damage_taken":11,"max_hp_gain":0,"max_hp_loss":0,"event_name":"World of Goop","floor":5,"gold_loss":0},{"damage_healed":0,"gold_gain":0,"player_choice":"Ignored","damage_taken":0,"max_hp_gain":0,"max_hp_loss":0,"event_name":"Liars Game","floor":12,"gold_loss":0}],"is_beta":false,"boss_relics":[],"items_purged_floors":[],"is_endless":false,"potions_floor_spawned":[1,8],"killed_by":"The Guardian","ascension_level":20,"potion_discard_per_floor":[[],[],[],[],[],[],[],[],[],[],[],[],[],[],[],[]]}