{"neow_bonuses_skipped_log":["TRANSFORM_CARD","RANDOM_COLORLESS_2","BOSS_RELIC"],"potions_obtained_entropic_brew":[[],[],[],[],[],[],[],[]],"neow_costs_skipped_log":["NONE","CURSE","NONE"],"gold_per_floor":[213,3,17,37,37,66,66,66],"floor_reached":8,"playtime":446,"items_purged":[],"score":112,"play_id":"3419f5b0-a0e6-4458-81e5-8ccc8e49059c","local_time":"20221210192528","score_breakdown":["Floors Climbed (8): 40","Enemies Slain (3): 6","Exordium Elites Killed (1): 10","Bosses Slain (0): 0","Ascension (20): 56"],"is_ascension_mode":true,"potions_obtained_alchemize":[[],[],[],[],[],[],[],[]],"campfire_choices":[{"floor":7,"key":"REST"}],"lesson_learned_per_floor":[[],[],[],[],[],[],[],[]],"neow_cost":"NONE","improvable_cards":{},"seed_source_timestamp":23371627210761,"shop_contents":[{"floor":2,"relics":["Toxic Egg 2","Regal Pillow"],"cards":["Sucker Punch","Dodge and Roll","Blade Dance","Caltrops","Finesse","HandOfGreed"],"potions":["DistilledChaos","ColorlessPotion","Regen Potion"]}],"circlet_count":0,"master_deck":["AscendersBane","Strike_G","Strike_G","Strike_G","Strike_G","Strike_G","Defend_G","Defend_G","Defend_G","Defend_G","Defend_G","Survivor","Neutralize","Slice","Predator","Dagger Spray","Noxious Fumes"],"potion_use_per_floor":[[],[],[],[],[],[],[],[]],"relics":["Ring of the Snake","Membership Card","Juzu Bracelet","Ice Cream"],"potions_floor_usage":[],"damage_taken":[{"damage":1,"enemies":"Jaw Worm","floor":1,"turns":6},{"damage":0,"enemies":"Cultist","floor":3,"turns":4},{"damage":0,"enemies":"2 Louse","floor":4,"turns":3},{"damage":40,"enemies":"3 Sentries","floor":6,"turns":11},{"damage":49,"enemies":"Gremlin Nob","floor":8,"turns":4}],"seed_played":"7286749372652060195","neow_bonus_log":{"cardsObtained":[],"cardsUpgraded":[],"cardsRemoved":[],"cardsTransformed":[],"relicsObtained":[],"maxHpGained":0,"goldGained":100,"damageTaken":0,"goldLost":0,"maxHpLost":0},"potions_obtained":[{"floor":4,"key":"Weak Potion"}],"is_trial":false,"path_per_floor":["M","$","M","M","?","E","R","E"],"character_chosen":"THE_SILENT","items_purchased":["Membership Card","Predator"],"campfire_rested":1,"item_purchase_floors":[2,2],"current_hp_per_floor":[58,58,58,58,58,18,37,0],"gold":66,"neow_bonus":"HUNDRED_GOLD","is_prod":false,"is_daily":false,"rewards_skipped":[],"chose_seed":false,"campfire_upgraded":0,"win_rate":0,"floor_exit_playtime":[77,101,174,221,231,343,347],"timestamp":1670718328,"path_taken":["M","$","M","M","?","E","R","E"],"build_version":"2022-12-01","purchased_purges":0,"victory":false,"max_hp_per_floor":[66,66,66,66,66,66,66,66],"relic_stats":{"Ice Cream":[3],"counters":[5,28],"Juzu Bracelet":0,"Membership Card":40,"obtain_stats":[{"Ice Cream":6,"Juzu Bracelet":5,"Membership Card":2,"Ring of the Snake":0},{"Ice Cream":4,"Juzu Bracelet":3,"Membership Card":1,"Ring of the Snake":0},{"Ice Cream":24,"Juzu Bracelet":13,"Membership Card":6,"Ring of the Snake":0}],"Ring of the Snake":[10]},"card_choices":[{"not_picked":["Backflip","Bane"],"picked":"Slice","floor":1},{"not_picked":["Deadly Poison","Bane","Riddle With Holes"],"picked":"SKIP","floor":3},{"not_picked":["Dodge and Roll","Bane"],"picked":"Dagger Spray","floor":4},{"not_picked":["Riddle With Holes","Flying Knee"],"picked":"Noxious Fumes","floor":6}],"player_experience":4688421,"relics_obtained":[{"floor":6,"key":"Ice Cream"}],"event_choices":[{"damage_healed":0,"gold_gain":0,"player_choice":"Gave Potion","damage_taken":0,"relics_obtained":["Juzu Bracelet"],"max_hp_gain":0,"max_hp_loss":0,"event_name":"WeMeetAgain","floor":5,"gold_loss":0}],"is_beta":false,"boss_relics":[],"items_purged_floors":[],"is_endless":false,"potions_floor_spawned":[4],"killed_by":"Gremlin Nob","ascension_level":20,"potion_discard_per_floor":[[],[],[],[],[],[],[],[]]}