{"neow_bonuses_skipped_log":["THREE_ENEMY_KILL","RANDOM_COLORLESS_2","BOSS_RELIC"],"neow_costs_skipped_log":["NONE","NO_GOLD","NONE"],"potions_obtained_entropic_brew":[[],[],[],[],[],[],[],[],[],[],[],[],[],[],[],[],[],[],[],[],[],[],[],[],[],[],[],[],[],[],[],[],[]],"gold_per_floor":[113,128,128,128,143,143,15,46,46,46,89,89,103,126,126,222,222,247,247,261,36,46,46,46,46,70,70,26,26,46,76,76,76],"floor_reached":33,"playtime":1918,"items_purged":["Defend_G"],"score":546,"play_id":"1385a290-08ed-463a-9c72-13cb7346d6a5","local_time":"20221215195921","score_breakdown":["Floors Climbed (33): 165","Enemies Slain (9): 18","Exordium Elites Killed (2): 20","City Elites Killed (1): 20","Bosses Slain (1): 50","Ascension (20): 273"],"is_ascension_mode":true,"potions_obtained_alchemize":[[],[],[],[],[],[],[],[],[],[],[],[],[],[],[],[],[],[],[],[],[],[],[],[],[],[],[],[],[],[],[],[],[]],"campfire_choices":[{"data":"A Thousand Cuts","floor":6,"key":"SMITH"},{"data":"Dagger Spray","floor":10,"key":"SMITH"},{"floor":12,"key":"REST"},{"data":"Cloak And Dagger","floor":15,"key":"SMITH"},{"data":"Finisher","floor":23,"key":"PURGE"},{"data":"Deadly Poison","floor":25,"key":"PURGE"},{"data":"Acrobatics","floor":29,"key":"SMITH"},{"data":"Prepared","floor":32,"key":"SMITH"}],"lesson_learned_per_floor":[[],[],[],[],[],[],[],[],[],[],[],[],[],[],[],[],[],[],[],[],[],[],[],[],[],[],[],[],[],[],[],[],[]],"neow_cost":"NONE","improvable_cards":{},"seed_source_timestamp":32381548449018,"shop_contents":[{"floor":7,"relics":["Boot","Snake Skull","Cauldron"],"cards":["Die Die Die","Unload","Setup","Acrobatics","Infinite Blades","Enlightenment","Violence"],"potions":["Weak Potion","FearPotion"]},{"floor":21,"relics":["Du-Vu Doll","Medical Kit"],"cards":["Heel Hook","Backstab","Escape Plan","Outmaneuver","Infinite Blades","Jack Of All Trades","Metamorphosis"],"potions":["Explosive Potion","PowerPotion"]},{"floor":28,"relics":["Pantograph","Dream Catcher","Sling"],"cards":["Underhanded Strike","Endless Agony","Setup","Bouncing Flask","Madness","Secret Technique"],"potions":["Ancient Potion","LiquidMemories","SpeedPotion"]}],"circlet_count":0,"master_deck":["AscendersBane","Survivor","Neutralize","A Thousand Cuts+1","Slice","Dash","Outmaneuver","Dagger Spray+1","Backflip","Leg Sweep","Cloak And Dagger+1","Terror+1","Doppelganger","Tactician+1","Acrobatics+1","Quick Slash","Underhanded Strike","Phantasmal Killer","Deflect","Ghostly","Ghostly","Ghostly","Footwork","Prepared+1","After Image"],"potion_use_per_floor":[[],[],[],[],[],[],[],["AttackPotion"],[],[],[],[],[],[],[],["Weak Potion","CunningPotion"],[],[],[],[],[],[],[],[],[],[],[],[],[],[],[],[],["SpeedPotion"]],"relics":["Ring of the Snake","Bloody Idol","Matryoshka","Bag of Marbles","Letter Opener","Peace Pipe","Pandora\u0027s Box","War Paint","Potion Belt","Art of War","Strawberry"],"potions_floor_usage":[8,16,16,33],"damage_taken":[{"damage":4,"enemies":"Small Slimes","floor":1,"turns":4},{"damage":0,"enemies":"2 Louse","floor":2,"turns":3},{"damage":8,"enemies":"Jaw Worm","floor":5,"turns":4},{"damage":20,"enemies":"Lagavulin","floor":8,"turns":7},{"damage":22,"enemies":"3 Sentries","floor":11,"turns":4},{"damage":0,"enemies":"2 Fungi Beasts","floor":13,"turns":3},{"damage":0,"enemies":"3 Louse","floor":14,"turns":1},{"damage":16,"enemies":"Hexaghost","floor":16,"turns":10},{"damage":24,"enemies":"Shell Parasite","floor":18,"turns":3},{"damage":8,"enemies":"Spheric Guardian","floor":20,"turns":4},{"damage":6,"enemies":"Snake Plant","floor":22,"turns":3},{"damage":5,"enemies":"Snecko","floor":30,"turns":7},{"damage":2,"enemies":"Book of Stabbing","floor":31,"turns":4},{"damage":42,"enemies":"Champ","floor":33,"turns":8}],"seed_played":"-1311821795945279759","neow_bonus_log":{"cardsObtained":["A Thousand Cuts"],"cardsUpgraded":[],"cardsRemoved":[],"cardsTransformed":["Defend_G"],"relicsObtained":[],"maxHpGained":0,"goldGained":0,"damageTaken":0,"goldLost":0,"maxHpLost":0},"potions_obtained":[{"floor":8,"key":"Weak Potion"},{"floor":14,"key":"CunningPotion"},{"floor":30,"key":"SpeedPotion"}],"is_trial":false,"path_per_floor":["M","M","?","?","M","R","$","E","T","R","E","R","M","M","R","B",null,"M","?","M","$","M","R","?","R","T","?","$","R","M","E","R","B"],"character_chosen":"THE_SILENT","items_purchased":["AttackPotion","War Paint","Fire Potion","Footwork"],"campfire_rested":1,"item_purchase_floors":[7,21,21,28],"current_hp_per_floor":[55,55,55,55,47,47,47,27,27,27,5,23,23,23,23,7,47,23,23,20,20,19,19,19,19,24,24,24,24,24,34,34,0],"gold":76,"neow_bonus":"TRANSFORM_CARD","is_prod":false,"is_daily":false,"rewards_skipped":[],"chose_seed":false,"campfire_upgraded":5,"win_rate":0,"floor_exit_playtime":[164,190,223,227,279,285,339,447,459,480,621,626,685,695,701,1009,1051,1099,1102,1263,1322,1380,1413,1419,1426,1429,1432,1461,1499,1624,1686,1701],"timestamp":1671152361,"path_taken":["M","M","?","?","M","R","$","E","T","R","E","R","M","M","R","BOSS","M","?","M","$","M","R","?","R","T","?","?","R","M","E","R","BOSS"],"build_version":"2022-12-01","purchased_purges":1,"victory":false,"max_hp_per_floor":[66,66,66,60,60,60,60,60,60,60,60,60,60,60,60,60,60,60,60,60,60,60,60,60,60,60,30,30,30,30,37,37,37],"relic_stats":{"Peace Pipe":4,"Matryoshka":2,"counters":[14,65],"Bloody Idol":25,"Pandora\u0027s Box":["Tactician","Acrobatics","Quick Slash","Finisher","Underhanded Strike","Deadly Poison","Phantasmal Killer"],"Art of War":[8],"Letter Opener":[75],"War Paint":["Tactician","Terror"],"obtain_stats":[{"Peace Pipe":11,"Potion Belt":26,"Matryoshka":8,"Golden Idol":4,"Bloody Idol":19,"Strawberry":31,"Pandora\u0027s Box":17,"Bag of Marbles":9,"Art of War":26,"Letter Opener":9,"War Paint":21,"Ring of the Snake":0},{"Peace Pipe":5,"Potion Belt":11,"Matryoshka":4,"Golden Idol":2,"Bloody Idol":9,"Strawberry":13,"Pandora\u0027s Box":8,"Bag of Marbles":4,"Art of War":11,"Letter Opener":4,"War Paint":10,"Ring of the Snake":0},{"Peace Pipe":22,"Potion Belt":46,"Matryoshka":18,"Golden Idol":7,"Bloody Idol":39,"Strawberry":57,"Pandora\u0027s Box":36,"Bag of Marbles":18,"Art of War":46,"Letter Opener":18,"War Paint":43,"Ring of the Snake":0}],"Ring of the Snake":[28]},"card_choices":[{"not_picked":["Quick Slash","Cloak And Dagger"],"picked":"Slice","floor":1},{"not_picked":["Skewer","Slice"],"picked":"Dash","floor":2},{"not_picked":["Dagger Throw","Outmaneuver"],"picked":"Dagger Spray","floor":5},{"not_picked":["Masterful Stab","All Out Attack"],"picked":"Backflip","floor":8},{"not_picked":["Catalyst","Slice"],"picked":"Leg Sweep","floor":11},{"not_picked":["Deflect","Poisoned Stab"],"picked":"Cloak And Dagger","floor":13},{"not_picked":["Backflip","Dagger Spray"],"picked":"Terror","floor":14},{"not_picked":["A Thousand Cuts","Corpse Explosion"],"picked":"Doppelganger","floor":16},{"not_picked":["Masterful Stab","Deadly Poison","Outmaneuver"],"picked":"SKIP","floor":18},{"not_picked":["Choke","Endless Agony"],"picked":"Deflect","floor":20},{"not_picked":["Accuracy","Dodge and Roll","Blade Dance"],"picked":"SKIP","floor":22},{"not_picked":["Escape Plan","Poisoned Stab"],"picked":"Prepared","floor":30},{"not_picked":["Dagger Throw","Quick Slash"],"picked":"After Image","floor":31}],"player_experience":4734819,"relics_obtained":[{"floor":8,"key":"Matryoshka"},{"floor":9,"key":"Bag of Marbles"},{"floor":9,"key":"Letter Opener"},{"floor":11,"key":"Peace Pipe"},{"floor":26,"key":"Potion Belt"},{"floor":26,"key":"Art of War"},{"floor":31,"key":"Strawberry"}],"event_choices":[{"damage_healed":0,"gold_gain":0,"cards_transformed":["Strike_G"],"player_choice":"Change","damage_taken":0,"max_hp_gain":0,"max_hp_loss":0,"event_name":"Living Wall","floor":3,"gold_loss":0,"cards_obtained":["Outmaneuver"]},{"damage_healed":0,"gold_gain":0,"player_choice":"Lose Max HP","damage_taken":0,"relics_obtained":["Golden Idol"],"max_hp_gain":0,"max_hp_loss":6,"event_name":"Golden Idol","floor":4,"gold_loss":0},{"damage_healed":0,"gold_gain":0,"player_choice":"Gave Idol","damage_taken":0,"relics_obtained":["Bloody Idol"],"max_hp_gain":0,"max_hp_loss":0,"event_name":"Forgotten Altar","floor":19,"relics_lost":["Golden Idol"],"gold_loss":0},{"damage_healed":0,"gold_gain":0,"player_choice":"Ignored","damage_taken":0,"max_hp_gain":0,"max_hp_loss":0,"event_name":"Cursed Tome","floor":24,"gold_loss":0},{"damage_healed":0,"gold_gain":0,"player_choice":"Became a Ghost","damage_taken":0,"max_hp_gain":0,"max_hp_loss":30,"event_name":"Ghosts","floor":27,"gold_loss":0,"cards_obtained":["Ghostly","Ghostly","Ghostly"]}],"is_beta":false,"boss_relics":[{"not_picked":["SlaversCollar","SacredBark"],"picked":"Pandora\u0027s Box"}],"items_purged_floors":[7],"is_endless":false,"potions_floor_spawned":[8,14,30],"killed_by":"Champ","ascension_level":20,"potion_discard_per_floor":[[],[],[],[],[],[],[],[],[],[],[],[],[],[],[],[],[],[],[],[],[],[],[],[],[],[],[],[],[],[],[],[],[]]}