{"neow_bonuses_skipped_log":["RANDOM_COLORLESS","REMOVE_TWO","BOSS_RELIC"],"neow_costs_skipped_log":["NONE","PERCENT_DAMAGE","NONE"],"potions_obtained_entropic_brew":[[],[],[],[],[],[],[],[],[],[],[],[],[],[],[],[],[],[],[],[],[],[],[],[],[],[],[],[],[],[],[],[],["ColorlessPotion","Energy Potion"],[],[],[],[],[],[],[],[],[],[],[],[],[],[],[],[],[],[],[],[],[],[],["SteroidPotion","Dexterity Potion","BlessingOfTheForge","LiquidMemories"],[]],"gold_per_floor":[116,135,60,76,126,161,178,178,178,178,212,231,62,0,0,79,79,92,105,105,124,124,159,43,74,100,100,375,404,404,417,417,495,495,513,513,531,548,548,577,9,34,82,111,111,111,134,49,49,49,49,49,49,49,75,75],"floor_reached":57,"playtime":6371,"items_purged":["Strike_G"],"score":3008,"play_id":"7744837f-6c23-475a-8e7a-aed9bc8b2ab4","local_time":"20221223213043","score_breakdown":["Floors Climbed (57): 285","Enemies Slain (12): 24","Exordium Elites Killed (2): 20","City Elites Killed (3): 60","Beyond Elites Killed (3): 90","Bosses Slain (5): 750","Money Money (1051): 25","Mystery Machine (15): 25","Collector (1): 25","Librarian: 25","Champion (3): 75","C-c-c-combo: 25","Ascension (20): 1329","Heartbreaker: 250"],"is_ascension_mode":true,"potions_obtained_alchemize":[[],[],[],[],[],[],[],[],[],[],[],[],[],[],[],[],[],[],[],[],["Ancient Potion"],[],[],[],["Fire Potion"],[],[],[],["Ancient Potion"],[],["EntropicBrew"],[],["Block Potion"],[],["ColorlessPotion"],[],["Strength Potion"],["EssenceOfSteel"],[],["CultistPotion"],[],["ColorlessPotion"],[],["DistilledChaos"],[],[],[],[],[],["AttackPotion"],["Fire Potion"],[],[],[],["Block Potion"],["SmokeBomb"],[]],"campfire_choices":[{"data":"Blade Dance","floor":8,"key":"SMITH"},{"floor":10,"key":"REST"},{"data":"Accuracy","floor":15,"key":"SMITH"},{"floor":30,"key":"REST"},{"floor":32,"key":"REST"},{"floor":45,"key":"RECALL"},{"floor":49,"key":"REST"},{"floor":53,"key":"REST"}],"lesson_learned_per_floor":[[],[],[],[],[],[],[],[],[],[],[],[],[],[],[],[],[],[],[],[],[],[],[],[],[],[],[],[],[],[],[],[],[],[],[],[],[],[],[],[],[],[],[],[],[],[],[],[],[],[],[],[],[],[],[],[],[]],"neow_cost":"NONE","improvable_cards":{},"seed_source_timestamp":18666124313511,"shop_contents":[{"floor":13,"relics":["Toxic Egg 2","Chemical X"],"cards":["Grand Finale","Predator","Expertise","Cloak And Dagger","Footwork","Panacea","Magnetism"],"potions":["ColorlessPotion","SpeedPotion","Regen Potion"]},{"floor":24,"relics":["Mercury Hourglass","Question Card","ClockworkSouvenir"],"cards":["Flying Knee","Slice","Noxious Fumes","Swift Strike","Violence"],"potions":["DuplicationPotion","EntropicBrew","DistilledChaos"]},{"floor":41,"relics":["Sling"],"cards":["Quick Slash","Skewer","Cloak And Dagger","Noxious Fumes","Trip","Mayhem"],"potions":["Energy Potion","BlessingOfTheForge","Dexterity Potion"]},{"floor":48,"relics":["Singing Bowl","TungstenRod","TwistedFunnel"],"cards":["Quick Slash","Dagger Spray","Blade Dance","Terror","Bandage Up","Secret Technique"],"potions":["SkillPotion","Poison Potion","PowerPotion"]},{"floor":54,"relics":["Gremlin Horn","Ice Cream","HandDrill"],"cards":["Dagger Spray","Bane","Dodge and Roll","Expertise","Footwork","Finesse","Chrysalis"],"potions":["DuplicationPotion","EssenceOfSteel","Block Potion"]}],"circlet_count":0,"master_deck":["AscendersBane","Strike_G","Strike_G","Strike_G","Strike_G+1","Defend_G","Defend_G","Defend_G","Defend_G","Survivor","Neutralize+1","Blade Dance+1","Accuracy+1","Infinite Blades","Calculated Gamble","Blade Dance","PiercingWail","After Image","Venomology","Acrobatics","Terror","Acrobatics","Underhanded Strike+1","PiercingWail","Backflip","Tools of the Trade","Calculated Gamble+1","Acrobatics","Setup+1","Footwork+1","Malaise","Acrobatics+1","Apotheosis","PanicButton","Well Laid Plans","Dodge and Roll+1"],"potion_use_per_floor":[[],[],[],[],[],[],[],[],[],[],[],[],[],[],[],["PowerPotion"],[],[],[],[],["Fire Potion"],[],["LiquidMemories"],[],["CunningPotion"],[],[],[],[],[],["Fire Potion","Fire Potion"],[],["EntropicBrew","Energy Potion"],[],["ColorlessPotion"],[],["ColorlessPotion"],["Block Potion"],[],["EssenceOfSteel"],[],["Strength Potion","ColorlessPotion"],[],[],[],[],[],[],[],["Regen Potion","CultistPotion"],[],[],[],[],["DistilledChaos"],["Fire Potion","CunningPotion","Block Potion","EntropicBrew","Dexterity Potion","LiquidMemories","BlessingOfTheForge","SteroidPotion"],[]],"relics":["Ring of the Snake","Art of War","Toy Ornithopter","Juzu Bracelet","Bottled Tornado","Bag of Marbles","Fusion Hammer","Omamori","Mummified Hand","Turnip","PreservedInsect","HoveringKite","White Beast Statue","Bag of Preparation","Pen Nib","Potion Belt","Lantern","Whetstone","Oddly Smooth Stone","Akabeko"],"potions_floor_usage":[16,21,23,25,31,31,33,33,35,37,38,40,42,42,50,50,55,56,56,56,56,56,56,56,56],"damage_taken":[{"damage":3,"enemies":"Cultist","floor":1,"turns":5},{"damage":4,"enemies":"Small Slimes","floor":2,"turns":4},{"damage":0,"enemies":"2 Louse","floor":4,"turns":4},{"damage":24,"enemies":"Gremlin Nob","floor":6,"turns":4},{"damage":14,"enemies":"Lots of Slimes","floor":7,"turns":6},{"damage":17,"enemies":"Lagavulin","floor":11,"turns":6},{"damage":9,"enemies":"Blue Slaver","floor":12,"turns":3},{"damage":9,"enemies":"Hexaghost","floor":16,"turns":6},{"damage":4,"enemies":"3 Byrds","floor":18,"turns":4},{"damage":5,"enemies":"Shell Parasite","floor":19,"turns":4},{"damage":12,"enemies":"Snake Plant","floor":21,"turns":4},{"damage":1,"enemies":"Slavers","floor":23,"turns":2},{"damage":0,"enemies":"Gremlin Leader","floor":25,"turns":3},{"damage":26,"enemies":"Book of Stabbing","floor":29,"turns":4},{"damage":0,"enemies":"Snecko","floor":31,"turns":2},{"damage":38,"enemies":"Automaton","floor":33,"turns":8},{"damage":0,"enemies":"Orb Walker","floor":35,"turns":2},{"damage":14,"enemies":"3 Darklings","floor":37,"turns":5},{"damage":6,"enemies":"Transient","floor":38,"turns":6},{"damage":0,"enemies":"Nemesis","floor":40,"turns":5},{"damage":23,"enemies":"Reptomancer","floor":42,"turns":4},{"damage":9,"enemies":"Giant Head","floor":44,"turns":4},{"damage":3,"enemies":"Time Eater","floor":50,"turns":11},{"damage":15,"enemies":"Donu and Deca","floor":51,"turns":9},{"damage":0,"enemies":"Shield and Spear","floor":55,"turns":5},{"damage":70,"enemies":"The Heart","floor":56,"turns":11}],"green_key_taken_log":23,"seed_played":"-6638378384925739152","neow_bonus_log":{"cardsObtained":[],"cardsUpgraded":[],"cardsRemoved":[],"cardsTransformed":[],"relicsObtained":["Art of War"],"maxHpGained":0,"goldGained":0,"damageTaken":0,"goldLost":0,"maxHpLost":0},"potions_obtained":[{"floor":2,"key":"LiquidMemories"},{"floor":6,"key":"PowerPotion"},{"floor":16,"key":"Fire Potion"},{"floor":22,"key":"CunningPotion"},{"floor":29,"key":"Fire Potion"},{"floor":42,"key":"Regen Potion"},{"floor":44,"key":"EntropicBrew"},{"floor":55,"key":"CunningPotion"}],"is_trial":false,"path_per_floor":["M","M","?","M","?","E","M","R","T","R","E","M","$","?","R","B",null,"M","M","?","M","?","E","$","E","T","?","?","E","R","M","R","B",null,"M","?","M","M","?","E","$","E","T","E","R","?","T","$","R","B","B",null,"R","$","E","B",null],"character_chosen":"THE_SILENT","items_purchased":["Bag of Marbles","Terror","Acrobatics","Malaise","Bag of Preparation","Pen Nib","Well Laid Plans"],"campfire_rested":5,"item_purchase_floors":[13,24,24,41,41,41,48],"current_hp_per_floor":[56,52,52,52,52,28,14,14,14,33,16,7,7,7,7,3,50,46,41,41,34,34,38,38,43,43,43,43,17,36,46,65,28,57,62,62,53,52,52,57,57,44,44,35,35,25,25,25,43,60,45,59,63,63,63,12],"gold":75,"neow_bonus":"RANDOM_COMMON_RELIC","is_prod":false,"is_daily":false,"rewards_skipped":[{"floor":7,"relics":[],"potions":["Explosive Potion"]},{"floor":11,"relics":[],"potions":["ColorlessPotion"]},{"floor":18,"relics":[],"potions":["Fruit Juice"]},{"floor":19,"relics":[],"potions":["Ancient Potion"]},{"floor":22,"relics":[],"potions":["EssenceOfSteel"]},{"floor":38,"relics":[],"potions":["LiquidBronze"]},{"floor":40,"relics":[],"potions":["LiquidBronze"]}],"chose_seed":false,"campfire_upgraded":2,"win_rate":0,"floor_exit_playtime":[205,267,280,373,379,504,642,652,657,661,756,811,901,986,991,1287,1614,1712,1847,1869,1992,2009,2197,2232,2489,2523,2531,2548,2683,2686,2741,2746,2973,3302,3430,3445,3630,3885,3907,4024,4067,4338,4343,4460,4467,4624,4633,4683,4702,5151,5470,5482,5485,5492,5753,6371],"timestamp":1671849043,"blue_key_relic_skipped_log":{"floor":26,"relicID":"Smiling Mask"},"path_taken":["M","M","?","M","?","E","?","R","T","R","E","M","?","?","R","BOSS","M","M","?","M","?","E","?","E","T","?","?","E","R","M","R","BOSS","M","?","M","M","?","E","$","E","T","E","R","?","?","?","R","BOSS","BOSS","R","$","E","BOSS"],"build_version":"2022-12-18","purchased_purges":1,"victory":true,"max_hp_per_floor":[66,66,66,66,66,66,66,66,66,66,66,66,66,66,66,66,66,66,66,66,66,66,66,66,66,66,66,66,66,66,66,66,66,66,66,63,63,63,63,63,63,63,63,63,63,63,63,63,63,63,63,63,63,63,63,63],"relic_stats":{"counters":[26,131],"HoveringKite":[55],"PreservedInsect":318,"Pen Nib":[17],"Juzu Bracelet":2,"Omamori":2,"Bag of Preparation":[12],"Whetstone":["Neutralize","Strike_G"],"Bottled Tornado":"Accuracy","White Beast Statue":[0.0,0.0,0.0,0.4,0.0,0.6000000000000001,0.0,0.0,0.0,0.0,0.0,1.2200000000000002],"Mummified Hand":[56],"Turnip":[4],"Art of War":[11],"obtain_stats":[{"Potion Belt":42,"Lantern":43,"HoveringKite":34,"Oddly Smooth Stone":47,"PreservedInsect":29,"Pen Nib":41,"Juzu Bracelet":9,"Omamori":23,"Bag of Preparation":41,"Whetstone":44,"Bottled Tornado":11,"White Beast Statue":40,"Akabeko":55,"Mummified Hand":25,"Fusion Hammer":17,"Turnip":27,"Art of War":0,"Bag of Marbles":13,"Toy Ornithopter":6,"Ring of the Snake":0},{"Potion Belt":21,"Lantern":21,"HoveringKite":16,"Oddly Smooth Stone":22,"PreservedInsect":14,"Pen Nib":20,"Juzu Bracelet":5,"Omamori":12,"Bag of Preparation":20,"Whetstone":22,"Bottled Tornado":6,"White Beast Statue":20,"Akabeko":25,"Mummified Hand":13,"Fusion Hammer":8,"Turnip":13,"Art of War":0,"Bag of Marbles":7,"Toy Ornithopter":4,"Ring of the Snake":0},{"Potion Belt":91,"Lantern":91,"HoveringKite":69,"Oddly Smooth Stone":95,"PreservedInsect":59,"Pen Nib":87,"Juzu Bracelet":23,"Omamori":52,"Bag of Preparation":87,"Whetstone":95,"Bottled Tornado":29,"White Beast Statue":87,"Akabeko":120,"Mummified Hand":55,"Fusion Hammer":38,"Turnip":55,"Art of War":0,"Bag of Marbles":32,"Toy Ornithopter":17,"Ring of the Snake":0}],"Toy Ornithopter":90,"Ring of the Snake":[52]},"card_choices":[{"not_picked":["PiercingWail","Sucker Punch"],"picked":"Blade Dance","floor":1},{"not_picked":["All Out Attack","Caltrops"],"picked":"Accuracy","floor":2},{"not_picked":["Dodge and Roll","Outmaneuver"],"picked":"Infinite Blades","floor":4},{"not_picked":["Dash","Dagger Throw"],"picked":"Calculated Gamble","floor":6},{"not_picked":["Heel Hook","Sucker Punch","Deadly Poison"],"picked":"SKIP","floor":7},{"not_picked":["Concentrate","Dagger Throw"],"picked":"Blade Dance","floor":11},{"not_picked":["Cloak And Dagger","Outmaneuver"],"picked":"PiercingWail","floor":12},{"not_picked":["Corpse Explosion","Adrenaline"],"picked":"After Image","floor":16},{"not_picked":["Quick Slash","Concentrate","Sucker Punch"],"picked":"SKIP","floor":18},{"not_picked":["Slice","Well Laid Plans+1"],"picked":"Venomology","floor":19},{"not_picked":["Choke","Cloak And Dagger"],"picked":"Acrobatics","floor":21},{"not_picked":["Flechettes","Dodge and Roll","Deflect"],"picked":"SKIP","floor":23},{"not_picked":["Deflect","Bane"],"picked":"Underhanded Strike+1","floor":25},{"not_picked":["Terror+1","Predator"],"picked":"PiercingWail","floor":29},{"not_picked":["Bouncing Flask","Dagger Throw"],"picked":"Backflip","floor":31},{"not_picked":["Bullet Time","Grand Finale"],"picked":"Tools of the Trade","floor":33},{"not_picked":["Tactician+1","PiercingWail"],"picked":"Calculated Gamble+1","floor":35},{"not_picked":["Prepared","Blade Dance"],"picked":"Acrobatics","floor":37},{"not_picked":["Bane","Deflect"],"picked":"Setup+1","floor":38},{"not_picked":["Dagger Spray+1","Bane+1"],"picked":"Footwork+1","floor":40},{"not_picked":["Setup","Terror","A Thousand Cuts"],"picked":"SKIP","floor":42},{"not_picked":["Endless Agony","All Out Attack"],"picked":"Acrobatics+1","floor":44},{"not_picked":["Chrysalis","Madness"],"picked":"Apotheosis","floor":46},{"not_picked":["Magnetism","Mind Blast"],"picked":"PanicButton","floor":46},{"not_picked":["Dramatic Entrance","Purity","Forethought"],"picked":"SKIP","floor":46},{"not_picked":["Slice+1","Blade Dance"],"picked":"Dodge and Roll+1","floor":55}],"player_experience":4818090,"relics_obtained":[{"floor":6,"key":"Toy Ornithopter"},{"floor":9,"key":"Juzu Bracelet"},{"floor":11,"key":"Bottled Tornado"},{"floor":23,"key":"Omamori"},{"floor":25,"key":"Mummified Hand"},{"floor":29,"key":"PreservedInsect"},{"floor":40,"key":"White Beast Statue"},{"floor":42,"key":"Potion Belt"},{"floor":43,"key":"Lantern"},{"floor":44,"key":"Whetstone"},{"floor":47,"key":"Oddly Smooth Stone"},{"floor":55,"key":"Akabeko"}],"event_choices":[{"cards_removed":["Defend_G"],"damage_healed":0,"gold_gain":0,"player_choice":"Card Removal","damage_taken":0,"max_hp_gain":0,"max_hp_loss":0,"event_name":"The Cleric","floor":3,"gold_loss":75},{"damage_healed":0,"gold_gain":50,"player_choice":"Pray","damage_taken":0,"max_hp_gain":0,"max_hp_loss":0,"event_name":"Golden Shrine","floor":5,"gold_loss":0},{"damage_healed":0,"gold_gain":0,"player_choice":"Left Gold","damage_taken":0,"max_hp_gain":0,"max_hp_loss":0,"event_name":"World of Goop","floor":14,"gold_loss":62},{"damage_healed":0,"gold_gain":0,"player_choice":"0 cards matched","damage_taken":0,"max_hp_gain":0,"max_hp_loss":0,"event_name":"Match and Keep!","floor":20,"gold_loss":0,"cards_obtained":[]},{"damage_healed":0,"gold_gain":0,"player_choice":"Got Potions","damage_taken":0,"max_hp_gain":0,"max_hp_loss":0,"event_name":"Lab","floor":22,"gold_loss":0},{"damage_healed":0,"gold_gain":0,"player_choice":"Opened","damage_taken":0,"relics_obtained":["Turnip"],"max_hp_gain":0,"max_hp_loss":0,"event_name":"The Mausoleum","floor":27,"gold_loss":0,"cards_obtained":["Writhe"]},{"damage_healed":0,"gold_gain":275,"player_choice":"Desecrate","damage_taken":0,"max_hp_gain":0,"max_hp_loss":0,"event_name":"Golden Shrine","floor":28,"gold_loss":0,"cards_obtained":["Regret"]},{"damage_healed":0,"gold_gain":0,"player_choice":"Max HP","damage_taken":0,"max_hp_gain":0,"max_hp_loss":3,"event_name":"Winding Halls","floor":36,"gold_loss":0},{"damage_healed":0,"gold_gain":0,"player_choice":"Ignored","damage_taken":0,"max_hp_gain":0,"max_hp_loss":0,"event_name":"Tomb of Lord Red Mask","floor":39,"gold_loss":0},{"damage_healed":0,"gold_gain":0,"player_choice":"Memory 3","damage_taken":10,"max_hp_gain":0,"max_hp_loss":0,"event_name":"SensoryStone","floor":46,"gold_loss":0}],"is_beta":false,"boss_relics":[{"not_picked":["Snecko Eye","Busted Crown"],"picked":"Fusion Hammer"},{"not_picked":["Coffee Dripper","Velvet Choker"],"picked":"HoveringKite"}],"items_purged_floors":[41],"is_endless":false,"potions_floor_spawned":[2,6,7,11,16,18,19,29,38,40,42,44,55],"ascension_level":20,"potion_discard_per_floor":[[],[],[],[],[],[],[],[],[],[],[],[],[],[],[],[],[],[],[],[],[],["Ancient Potion"],[],[],[],[],[],[],["Ancient Potion"],[],[],[],[],[],[],[],[],[],[],[],[],[],[],[],[],[],[],[],[],[],[],[],[],[],["AttackPotion"],[],[]]}