{"neow_bonuses_skipped_log":["THREE_ENEMY_KILL","RANDOM_COLORLESS_2","BOSS_RELIC"],"neow_costs_skipped_log":["NONE","CURSE","NONE"],"potions_obtained_entropic_brew":[[],[],[],[],[],[],[],[],[],[],[],[],[],[],[],[],[],[],[],[],[],[],[],[],[],[],[],[],[],[],[],[],[],[],[],[],[],[],[],[],[],[],[],[],[],[],[],[],[],[],[],[],[],[],[],[],[]],"gold_per_floor":[112,187,198,26,43,43,75,85,85,85,103,120,146,71,71,144,144,164,176,192,50,64,64,81,110,133,8,18,18,35,35,35,110,110,128,140,155,174,187,213,213,248,271,271,271,296,296,325,325,325,325,325,325,37,63,63],"floor_reached":57,"playtime":8349,"items_purged":["Strike_G","Strike_G","Strike_G","Strike_G"],"score":3287,"play_id":"2879210a-7681-4368-8de6-1fd69f6ad659","local_time":"20221220190734","falling_options_log":["Eviscerate+1","Acrobatics+1"],"score_breakdown":["Floors Climbed (57): 285","Enemies Slain (18): 36","Exordium Elites Killed (2): 20","City Elites Killed (1): 20","Beyond Elites Killed (4): 120","Bosses Slain (5): 750","Collector (1): 25","Champion (5): 125","Perfect (2): 100","Overkill: 25","C-c-c-combo: 25","Ascension (20): 1506","Heartbreaker: 250"],"is_ascension_mode":true,"potions_obtained_alchemize":[[],[],[],[],[],[],[],[],[],[],[],[],[],[],[],[],[],["AttackPotion"],["Energy Potion"],["GamblersBrew"],[],[],[],[],["PowerPotion"],[],[],[],[],[],[],[],["SteroidPotion"],[],[],[],["Dexterity Potion"],[],[],[],[],[],[],[],[],[],[],["GamblersBrew"],[],[],["FearPotion","Block Potion"],[],[],[],[],["Dexterity Potion","Fire Potion"],[]],"campfire_choices":[{"data":"Predator","floor":6,"key":"SMITH"},{"data":"Concentrate","floor":10,"key":"SMITH"},{"data":"Eviscerate","floor":15,"key":"SMITH"},{"data":"Prepared","floor":23,"key":"SMITH"},{"data":"Venomology","floor":29,"key":"SMITH"},{"data":"Tactician","floor":32,"key":"SMITH"},{"floor":41,"key":"RECALL"},{"data":"Footwork","floor":49,"key":"SMITH"},{"data":"Survivor","floor":53,"key":"SMITH"}],"lesson_learned_per_floor":[[],[],[],[],[],[],[],[],[],[],[],[],[],[],[],[],[],[],[],[],[],[],[],[],[],[],[],[],[],[],[],[],[],[],[],[],[],[],[],[],[],[],[],[],[],[],[],[],[],[],[],[],[],[],[],[],[]],"neow_cost":"NONE","improvable_cards":{},"seed_source_timestamp":24480135080080,"shop_contents":[{"floor":4,"relics":["Orichalcum","TungstenRod"],"cards":["Unload","Dagger Spray","PiercingWail","Leg Sweep","Well Laid Plans","Blind","Sadistic Nature"],"potions":["LiquidBronze","CunningPotion","EntropicBrew"]},{"floor":14,"relics":["Lantern","Blood Vial","HandDrill"],"cards":["Riddle With Holes","Quick Slash","Escape Plan","Bullet Time","Noxious Fumes","Swift Strike","Metamorphosis"],"potions":["Explosive Potion","SteroidPotion","LiquidMemories"]},{"floor":21,"relics":["Pocketwatch","Torii","Toolbox"],"cards":["Quick Slash","Sucker Punch","Blade Dance","Caltrops","Impatience","Transmutation"],"potions":["Weak Potion","LiquidBronze","Block Potion"]},{"floor":27,"relics":["Sundial","Question Card","Orrery"],"cards":["Slice","Finisher","Backflip","Leg Sweep","Noxious Fumes","Discovery","Secret Technique"],"potions":["DuplicationPotion","FearPotion","Weak Potion"]},{"floor":54,"relics":["Mummified Hand","Oddly Smooth Stone","Lee\u0027s Waffle"],"cards":["Sucker Punch","Underhanded Strike","Catalyst","Dodge and Roll","Footwork","Forethought","Sadistic Nature"],"potions":["LiquidMemories"]}],"circlet_count":0,"master_deck":["AscendersBane","Strike_G","Defend_G","Defend_G","Defend_G","Defend_G","Survivor+1","Neutralize","Reflex","Eviscerate+1","Predator+1","Acrobatics+1","Underhanded Strike","Concentrate+1","Reflex","Venomology+1","Prepared+1","Terror","Acrobatics+1","Tactician+1","Acrobatics+1","Tactician+1","Acrobatics+1","Prepared+1","Venomology","Footwork+1"],"potion_use_per_floor":[[],[],[],[],[],[],[],[],[],[],[],[],[],[],[],["FairyPotion","DuplicationPotion"],[],["AttackPotion"],[],[],[],[],[],[],["GamblersBrew"],[],[],[],[],[],[],[],["PowerPotion"],[],[],[],["SteroidPotion"],[],[],[],[],[],[],[],[],[],[],["Regen Potion"],[],[],["GamblersBrew","FearPotion","Dexterity Potion"],[],[],[],[],["Dexterity Potion","Dexterity Potion","Fire Potion"],[]],"relics":["Ring of the Serpent","Frozen Eye","Bag of Preparation","Meat on the Bone","StoneCalendar","SacredBark","Bronze Scales","Akabeko","War Paint","Omamori","Thread and Needle","FossilizedHelix","Boot"],"potions_floor_usage":[16,18,25,33,37,48,51,51,51,56,56,56],"damage_taken":[{"damage":4,"enemies":"Small Slimes","floor":1,"turns":4},{"damage":8,"enemies":"Jaw Worm","floor":3,"turns":6},{"damage":1,"enemies":"Cultist","floor":5,"turns":3},{"damage":24,"enemies":"3 Sentries","floor":7,"turns":9},{"damage":1,"enemies":"Looter","floor":8,"turns":3},{"damage":0,"enemies":"Blue Slaver","floor":11,"turns":2},{"damage":0,"enemies":"Lots of Slimes","floor":12,"turns":3},{"damage":10,"enemies":"Lagavulin","floor":13,"turns":3},{"damage":46,"enemies":"The Guardian","floor":16,"turns":13},{"damage":8,"enemies":"2 Thieves","floor":18,"turns":2},{"damage":0,"enemies":"Chosen","floor":19,"turns":3},{"damage":8,"enemies":"Centurion and Healer","floor":20,"turns":7},{"damage":10,"enemies":"Snecko","floor":22,"turns":4},{"damage":0,"enemies":"Snake Plant","floor":24,"turns":1},{"damage":0,"enemies":"Gremlin Leader","floor":25,"turns":2},{"damage":0,"enemies":"Sentry and Sphere","floor":28,"turns":2},{"damage":8,"enemies":"Shelled Parasite and Fungi","floor":30,"turns":4},{"damage":0,"enemies":"Champ","floor":33,"turns":3},{"damage":18,"enemies":"3 Shapes","floor":35,"turns":2},{"damage":0,"enemies":"3 Darklings","floor":36,"turns":2},{"damage":0,"enemies":"Writhing Mass","floor":37,"turns":1},{"damage":0,"enemies":"Sphere and 2 Shapes","floor":38,"turns":2},{"damage":0,"enemies":"Spire Growth","floor":39,"turns":2},{"damage":14,"enemies":"Nemesis","floor":40,"turns":3},{"damage":0,"enemies":"Giant Head","floor":42,"turns":1},{"damage":0,"enemies":"Nemesis","floor":46,"turns":1},{"damage":0,"enemies":"Reptomancer","floor":48,"turns":4},{"damage":0,"enemies":"Awakened One","floor":50,"turns":2},{"damage":48,"enemies":"Time Eater","floor":51,"turns":10},{"damage":0,"enemies":"Shield and Spear","floor":55,"turns":1},{"damage":47,"enemies":"The Heart","floor":56,"turns":7}],"green_key_taken_log":48,"seed_played":"5598860395286888193","neow_bonus_log":{"cardsObtained":["Reflex"],"cardsUpgraded":[],"cardsRemoved":[],"cardsTransformed":["Defend_G"],"relicsObtained":[],"maxHpGained":0,"goldGained":0,"damageTaken":0,"goldLost":0,"maxHpLost":0},"potions_obtained":[{"floor":5,"key":"SkillPotion"},{"floor":7,"key":"Block Potion"},{"floor":8,"key":"DuplicationPotion"},{"floor":13,"key":"FairyPotion"},{"floor":20,"key":"SteroidPotion"},{"floor":22,"key":"LiquidMemories"},{"floor":36,"key":"SteroidPotion"},{"floor":46,"key":"Regen Potion"}],"is_trial":false,"path_per_floor":["M","?","M","$","M","R","E","M","T","R","M","M","E","$","R","B",null,"M","M","M","$","M","R","M","E","T","$","M","R","M","?","R","B",null,"M","M","M","M","M","E","R","E","T","?","?","E","?","E","R","B","B",null,"R","$","E","B",null],"character_chosen":"THE_SILENT","items_purchased":["Frozen Eye","Terror","Dexterity Potion","LiquidMemories"],"campfire_rested":0,"item_purchase_floors":[4,21,54,54],"current_hp_per_floor":[55,44,36,36,35,35,11,10,10,10,22,34,36,36,36,21,55,47,47,39,39,41,41,41,41,41,41,41,41,45,45,45,45,61,43,43,43,43,43,41,41,41,41,41,41,41,41,63,63,63,27,54,54,54,54,19],"gold":63,"neow_bonus":"TRANSFORM_CARD","is_prod":false,"is_daily":false,"rewards_skipped":[{"floor":25,"relics":[],"potions":["BlessingOfTheForge"]},{"floor":28,"relics":[],"potions":["Swift Potion"]},{"floor":33,"relics":[],"potions":["Strength Potion"]},{"floor":38,"relics":[],"potions":["DuplicationPotion"]},{"floor":40,"relics":[],"potions":["Weak Potion"]},{"floor":48,"relics":[],"potions":["BlessingOfTheForge"]}],"chose_seed":false,"campfire_upgraded":8,"win_rate":0,"floor_exit_playtime":[123,131,218,262,312,326,568,651,665,672,707,794,1006,1022,1105,1488,1600,1702,1761,1920,1939,2072,2086,2220,2450,2469,2482,2634,2658,2902,2930,2934,3291,3411,3615,3764,4001,4117,4200,4423,4428,4610,4626,4690,4700,5039,5091,5350,5393,5649,7404,7415,7443,7575,7820,8349],"timestamp":1671581254,"blue_key_relic_skipped_log":{"floor":43,"relicID":"Ancient Tea Set"},"path_taken":["M","?","M","$","M","R","E","M","T","R","M","M","E","$","R","BOSS","M","M","M","$","M","R","M","E","T","$","M","R","M","?","R","BOSS","M","?","M","M","M","E","R","E","T","?","?","E","?","E","R","BOSS","BOSS","R","$","E","BOSS"],"build_version":"2022-12-18","purchased_purges":4,"victory":true,"max_hp_per_floor":[66,66,66,66,66,66,66,66,66,66,66,66,66,66,66,66,66,66,66,66,66,66,66,66,66,66,66,66,66,66,66,66,66,66,66,66,66,66,66,66,66,66,66,66,63,63,63,63,63,63,63,63,63,63,63,63],"relic_stats":{"Frozen Eye":1059.9052,"counters":[31,112],"Bronze Scales":[169],"StoneCalendar":[173],"Bag of Preparation":[54],"Omamori":0,"War Paint":["Acrobatics","Acrobatics"],"Boot":[11],"obtain_stats":[{"SacredBark":17,"StoneCalendar":13,"Thread and Needle":46,"Bag of Preparation":7,"Omamori":42,"War Paint":40,"Boot":55,"Akabeko":26,"Frozen Eye":4,"Bronze Scales":25,"Ring of the Serpent":34,"FossilizedHelix":48,"Ring of the Snake":0,"Meat on the Bone":9},{"SacredBark":9,"StoneCalendar":8,"Thread and Needle":26,"Bag of Preparation":4,"Omamori":25,"War Paint":24,"Boot":30,"Akabeko":15,"Frozen Eye":2,"Bronze Scales":15,"Ring of the Serpent":18,"FossilizedHelix":27,"Ring of the Snake":0,"Meat on the Bone":5},{"SacredBark":46,"StoneCalendar":33,"Thread and Needle":88,"Bag of Preparation":22,"Omamori":87,"War Paint":86,"Boot":105,"Akabeko":65,"Frozen Eye":10,"Bronze Scales":65,"Ring of the Serpent":74,"FossilizedHelix":92,"Ring of the Snake":0,"Meat on the Bone":25}],"FossilizedHelix":[53],"Meat on the Bone":108},"card_choices":[{"not_picked":["Bane","Underhanded Strike"],"picked":"Eviscerate","floor":1},{"not_picked":["Outmaneuver","Slice"],"picked":"Predator","floor":3},{"not_picked":["Flying Knee","Deadly Poison"],"picked":"Acrobatics","floor":5},{"not_picked":["Slice","Flechettes"],"picked":"Underhanded Strike","floor":7},{"not_picked":["Finisher","Slice"],"picked":"Concentrate","floor":8},{"not_picked":["Backflip","Dagger Spray"],"picked":"Reflex","floor":11},{"not_picked":["Eviscerate","Quick Slash","Endless Agony"],"picked":"SKIP","floor":12},{"not_picked":["Dagger Spray","Crippling Poison","Phantasmal Killer"],"picked":"SKIP","floor":13},{"not_picked":["Bullet Time","Tools of the Trade"],"picked":"Venomology","floor":16},{"not_picked":["Cloak And Dagger","Endless Agony","Quick Slash"],"picked":"SKIP","floor":18},{"not_picked":["Masterful Stab","Dagger Spray","Catalyst"],"picked":"SKIP","floor":19},{"not_picked":["Glass Knife","Masterful Stab"],"picked":"Prepared","floor":20},{"not_picked":["Cloak And Dagger+1","Bouncing Flask","Endless Agony"],"picked":"SKIP","floor":22},{"not_picked":["Crippling Poison","Blade Dance"],"picked":"Acrobatics+1","floor":24},{"not_picked":["Quick Slash","Expertise","Dodge and Roll"],"picked":"SKIP","floor":25},{"not_picked":["PiercingWail","Flechettes"],"picked":"Footwork","floor":28},{"not_picked":["Deflect","Distraction"],"picked":"Tactician","floor":30},{"not_picked":["Eviscerate","Prepared"],"picked":"Tactician+1","floor":35},{"not_picked":["Blade Dance","Heel Hook","Tactician"],"picked":"SKIP","floor":36},{"not_picked":["Blade Dance","Heel Hook","Tactician"],"picked":"SKIP","floor":36},{"not_picked":["Sucker Punch","Quick Slash+1"],"picked":"Acrobatics","floor":37},{"not_picked":["Acrobatics","Quick Slash+1"],"picked":"Prepared+1","floor":38},{"not_picked":["Setup","Prepared","Choke"],"picked":"SKIP","floor":39},{"not_picked":["Deadly Poison","Flying Knee","Quick Slash"],"picked":"SKIP","floor":40},{"not_picked":["Catalyst","Flying Knee","Outmaneuver+1"],"picked":"SKIP","floor":42},{"not_picked":["Catalyst","Flying Knee","Outmaneuver+1"],"picked":"SKIP","floor":42},{"not_picked":["Underhanded Strike+1","Venomology","Quick Slash+1"],"picked":"SKIP","floor":46},{"not_picked":["Underhanded Strike+1","Quick Slash+1"],"picked":"Venomology","floor":46},{"not_picked":["Underhanded Strike","Slice"],"picked":"Footwork","floor":48},{"not_picked":["Blade Dance","Tactician+1","Bouncing Flask"],"picked":"SKIP","floor":55}],"player_experience":4793407,"relics_obtained":[{"floor":7,"key":"Bag of Preparation"},{"floor":9,"key":"Meat on the Bone"},{"floor":13,"key":"StoneCalendar"},{"floor":25,"key":"Bronze Scales"},{"floor":26,"key":"Akabeko"},{"floor":40,"key":"War Paint"},{"floor":42,"key":"Omamori"},{"floor":46,"key":"Thread and Needle"},{"floor":48,"key":"FossilizedHelix"},{"floor":55,"key":"Boot"}],"event_choices":[{"damage_healed":0,"gold_gain":75,"player_choice":"Gather Gold","damage_taken":11,"max_hp_gain":0,"max_hp_loss":0,"event_name":"World of Goop","floor":2,"gold_loss":0},{"damage_healed":0,"gold_gain":0,"player_choice":"Copied","damage_taken":0,"max_hp_gain":0,"max_hp_loss":0,"event_name":"Duplicator","floor":31,"gold_loss":0,"cards_obtained":["Acrobatics"]},{"cards_removed":["Footwork"],"damage_healed":0,"gold_gain":0,"player_choice":"Removed Power","damage_taken":0,"max_hp_gain":0,"max_hp_loss":0,"event_name":"Falling","floor":44,"gold_loss":0},{"damage_healed":0,"gold_gain":0,"player_choice":"Max HP","damage_taken":0,"max_hp_gain":0,"max_hp_loss":3,"event_name":"Winding Halls","floor":45,"gold_loss":0},{"damage_healed":0,"gold_gain":0,"player_choice":"Ignored","damage_taken":0,"max_hp_gain":0,"max_hp_loss":0,"event_name":"WeMeetAgain","floor":47,"gold_loss":0}],"is_beta":false,"boss_relics":[{"not_picked":["SlaversCollar","Ectoplasm"],"picked":"SacredBark"},{"not_picked":["Runic Pyramid","Snecko Eye"],"picked":"Ring of the Serpent"}],"items_purged_floors":[14,21,27,54],"is_endless":false,"potions_floor_spawned":[5,7,8,13,20,22,25,28,33,36,38,40,46,48],"ascension_level":20,"potion_discard_per_floor":[[],[],[],[],[],[],[],["SkillPotion"],[],[],[],[],["Block Potion"],[],[],[],[],[],[],["Energy Potion"],[],["SteroidPotion"],[],[],[],[],[],[],[],[],[],[],[],[],[],["SteroidPotion"],[],[],[],[],[],[],[],[],[],["LiquidMemories"],[],[],[],[],[],[],[],["Block Potion"],[],[],[]]}