{"neow_bonuses_skipped_log":["THREE_SMALL_POTIONS","RANDOM_COLORLESS_2","BOSS_RELIC"],"neow_costs_skipped_log":["NONE","CURSE","NONE"],"potions_obtained_entropic_brew":[[],[],[],[],[],[],[],[],[],[],[],[],[],[],[],[],[],[],[],[],[],[],[],[],[],[],[],[],[],[],[],[],[],[],[],[],[],[],[],[],[],[],[],[],[],[],[],[],[],[],[],[],[],[],[],[],[]],"gold_per_floor":[113,125,125,125,144,144,156,156,156,168,168,39,64,64,64,136,136,154,79,93,18,34,34,50,50,77,112,112,212,243,262,262,339,339,358,21,21,21,41,41,52,86,86,86,0,0,25,36,36,36,36,36,36,36,69,69],"floor_reached":57,"playtime":5011,"items_purged":["Strike_G","Strike_G"],"score":2946,"play_id":"48c2c653-3306-48bd-9a98-1ffb54370e7d","local_time":"20221216192340","score_breakdown":["Floors Climbed (57): 285","Enemies Slain (14): 28","Exordium Elites Killed (1): 10","City Elites Killed (2): 40","Beyond Elites Killed (2): 60","Bosses Slain (5): 750","Champion (3): 75","Perfect (1): 50","Overkill: 25","C-c-c-combo: 25","Ascension (20): 1348","Heartbreaker: 250"],"is_ascension_mode":true,"potions_obtained_alchemize":[[],[],[],[],[],[],[],[],[],[],[],[],[],[],[],[],[],[],[],[],[],[],[],[],[],[],[],[],[],[],[],[],[],[],["BlessingOfTheForge"],[],[],[],["Dexterity Potion"],[],["Swift Potion","AttackPotion","DistilledChaos","Dexterity Potion","Ancient Potion","Strength Potion","Poison Potion"],[],[],[],[],[],[],[],[],[],[],[],[],[],[],["BlessingOfTheForge"],[]],"campfire_choices":[{"data":"Deadly Poison","floor":6,"key":"SMITH"},{"data":"Tools of the Trade","floor":11,"key":"SMITH"},{"data":"Wraith Form v2","floor":15,"key":"SMITH"},{"data":"Catalyst","floor":23,"key":"SMITH"},{"data":"Burst","floor":25,"key":"SMITH"},{"floor":32,"key":"REST"},{"data":"Malaise","floor":40,"key":"SMITH"},{"floor":44,"key":"RECALL"},{"data":"Acrobatics","floor":49,"key":"SMITH"},{"floor":53,"key":"REST"}],"lesson_learned_per_floor":[[],[],[],[],[],[],[],[],[],[],[],[],[],[],[],[],[],[],[],[],[],[],[],[],[],[],[],[],[],[],[],[],[],[],[],[],[],[],[],[],[],[],[],[],[],[],[],[],[],[],[],[],[],[],[],[],[]],"neow_cost":"NONE","improvable_cards":{},"seed_source_timestamp":14255797496706,"shop_contents":[{"floor":12,"relics":["Bottled Tornado","Frozen Egg 2","Chemical X"],"cards":["Choke","Sucker Punch","Deadly Poison","Noxious Fumes","Panacea","Magnetism"],"potions":["Ancient Potion","SneckoOil","EntropicBrew"]},{"floor":21,"relics":["Tough Bandages","Oddly Smooth Stone","Toolbox"],"cards":["Flying Knee","Dagger Throw","Calculated Gamble","Noxious Fumes","Trip","HandOfGreed"],"potions":["BlessingOfTheForge","ColorlessPotion","FearPotion"]},{"floor":36,"relics":["Anchor","HornCleat","OrangePellets"],"cards":["Dagger Spray","Riddle With Holes","Footwork","Blind","Chrysalis"],"potions":["Fruit Juice","EntropicBrew","CultistPotion"]},{"floor":54,"relics":["Paper Crane","Centennial Puzzle","DollysMirror"],"cards":["Backstab","Die Die Die","Catalyst","Dodge and Roll","Caltrops","Flash of Steel","Metamorphosis"],"potions":["DistilledChaos","SpeedPotion","SkillPotion"]}],"circlet_count":0,"master_deck":["AscendersBane","Strike_G","Defend_G","Defend_G","Defend_G","Defend_G","Survivor","Neutralize","Swift Strike","Deadly Poison+1","Burst+1","Blade Dance","Tools of the Trade+1","Blade Dance","Wraith Form v2+1","Malaise+1","Eviscerate","Well Laid Plans+1","Catalyst+1","Backflip","Skewer","Underhanded Strike+1","Crippling Poison+1","Catalyst+1","Venomology","Deadly Poison+1","Night Terror","Acrobatics+1","Dark Shackles","Backflip+1","Predator","After Image"],"potion_use_per_floor":[[],[],[],[],[],[],[],[],[],[],[],[],[],[],[],["DuplicationPotion"],[],[],[],["SkillPotion"],[],[],[],[],[],[],["Poison Potion"],[],[],[],[],[],[],[],["BlessingOfTheForge"],[],[],[],["BlessingOfTheForge"],[],["Dexterity Potion","Swift Potion","AttackPotion","DistilledChaos","Dexterity Potion","Ancient Potion","Strength Potion"],[],[],[],[],[],[],[],[],[],[],[],[],[],[],["Poison Potion"],[]],"relics":["Ring of the Snake","Unceasing Top","Ornamental Fan","Pear","Snecko Eye","Nunchaku","Thread and Needle","StoneCalendar","Mummified Hand","Meat on the Bone","HoveringKite","StrikeDummy","Red Mask","Mercury Hourglass","Ancient Tea Set","Orichalcum"],"potions_floor_usage":[16,20,27,35,39,41,41,41,41,41,41,41,56],"damage_taken":[{"damage":6,"enemies":"Jaw Worm","floor":1,"turns":5},{"damage":3,"enemies":"2 Louse","floor":2,"turns":3},{"damage":0,"enemies":"Small Slimes","floor":5,"turns":3},{"damage":1,"enemies":"Looter","floor":7,"turns":4},{"damage":4,"enemies":"Exordium Thugs","floor":10,"turns":4},{"damage":17,"enemies":"Lagavulin","floor":13,"turns":6},{"damage":13,"enemies":"Hexaghost","floor":16,"turns":8},{"damage":0,"enemies":"Spheric Guardian","floor":18,"turns":5},{"damage":19,"enemies":"3 Byrds","floor":20,"turns":5},{"damage":11,"enemies":"Sentry and Sphere","floor":22,"turns":5},{"damage":0,"enemies":"Snake Plant","floor":24,"turns":5},{"damage":11,"enemies":"Book of Stabbing","floor":27,"turns":4},{"damage":0,"enemies":"Colosseum Slavers","floor":29,"turns":4},{"damage":11,"enemies":"Colosseum Nobs","floor":29,"turns":5},{"damage":0,"enemies":"Slavers","floor":30,"turns":5},{"damage":0,"enemies":"3 Cultists","floor":31,"turns":4},{"damage":0,"enemies":"Automaton","floor":33,"turns":6},{"damage":0,"enemies":"3 Shapes","floor":35,"turns":4},{"damage":7,"enemies":"3 Darklings","floor":39,"turns":5},{"damage":13,"enemies":"4 Shapes","floor":41,"turns":6},{"damage":4,"enemies":"Giant Head","floor":42,"turns":7},{"damage":0,"enemies":"Reptomancer","floor":47,"turns":3},{"damage":0,"enemies":"Sphere and 2 Shapes","floor":48,"turns":3},{"damage":9,"enemies":"Donu and Deca","floor":50,"turns":10},{"damage":9,"enemies":"Awakened One","floor":51,"turns":8},{"damage":0,"enemies":"Shield and Spear","floor":55,"turns":4},{"damage":65,"enemies":"The Heart","floor":56,"turns":5}],"green_key_taken_log":42,"seed_played":"-7762580962818767304","neow_bonus_log":{"cardsObtained":[],"cardsUpgraded":[],"cardsRemoved":[],"cardsTransformed":[],"relicsObtained":[],"maxHpGained":0,"goldGained":0,"damageTaken":0,"goldLost":0,"maxHpLost":0},"potions_obtained":[{"floor":1,"key":"DuplicationPotion"},{"floor":7,"key":"SkillPotion"},{"floor":16,"key":"Swift Potion"},{"floor":20,"key":"Poison Potion"},{"floor":33,"key":"BlessingOfTheForge"}],"is_trial":false,"path_per_floor":["M","M","?","T","M","R","M","?","T","M","R","$","E","?","R","B",null,"M","?","M","$","M","R","M","R","T","E","?","?","E","M","R","B",null,"M","$","?","T","M","R","M","E","T","R","?","T","E","M","R","B","B",null,"R","$","E","B",null],"character_chosen":"THE_SILENT","items_purchased":["Blade Dance","Catalyst","Night Terror","Acrobatics"],"campfire_rested":2,"item_purchase_floors":[12,21,36,36],"current_hp_per_floor":[53,50,50,50,50,50,49,49,49,45,45,45,38,31,31,18,62,62,62,43,43,32,32,32,32,32,21,21,10,10,22,44,44,68,68,68,58,58,51,51,50,46,46,46,46,46,46,46,46,49,40,67,76,76,76,23],"gold":69,"neow_bonus":"RANDOM_COLORLESS","is_prod":false,"is_daily":false,"rewards_skipped":[{"floor":10,"relics":[],"potions":["LiquidBronze"]},{"floor":22,"relics":[],"potions":["EssenceOfSteel"]},{"floor":43,"relics":["Ninja Scroll"],"potions":[]},{"floor":47,"relics":[],"potions":["Energy Potion"]},{"floor":48,"relics":[],"potions":["SpeedPotion"]}],"chose_seed":false,"campfire_upgraded":7,"win_rate":0,"floor_exit_playtime":[190,376,400,416,456,485,517,574,580,695,703,755,841,847,853,1011,1134,1216,1244,1505,1535,1685,1699,1775,1787,1913,1990,2027,2322,2464,2545,2552,2742,2779,2902,2926,2998,3055,3208,3227,3547,3738,3750,3766,3790,3792,3914,4001,4009,4294,4574,4584,4604,4613,4764,5011],"timestamp":1671236620,"blue_key_relic_skipped_log":{"floor":38,"relicID":"PreservedInsect"},"path_taken":["M","M","?","?","M","R","M","?","T","M","R","$","E","?","R","BOSS","M","?","M","$","M","R","M","R","T","E","?","?","E","M","R","BOSS","M","$","?","?","M","R","M","E","T","R","?","?","E","M","R","BOSS","BOSS","R","$","E","BOSS"],"build_version":"2022-12-01","purchased_purges":2,"victory":true,"max_hp_per_floor":[66,66,66,66,66,66,66,66,66,66,66,66,76,76,76,76,76,76,76,76,76,76,76,76,76,76,76,76,76,76,76,76,76,76,76,76,76,76,76,76,76,76,76,76,76,76,76,76,76,76,76,76,76,76,76,76],"relic_stats":{"counters":[27,136],"HoveringKite":[34],"StoneCalendar":[159],"Orichalcum":[24],"Ancient Tea Set":[4],"Mercury Hourglass":[117],"Nunchaku":[18],"Ornamental Fan":[252],"Mummified Hand":[86],"Snecko Eye":[197,175,201,182,-289],"obtain_stats":[{"Pear":13,"HoveringKite":34,"Thread and Needle":27,"StoneCalendar":29,"Orichalcum":55,"Ancient Tea Set":47,"Mercury Hourglass":46,"Nunchaku":26,"Ornamental Fan":9,"Mummified Hand":29,"Snecko Eye":17,"Red Mask":45,"StrikeDummy":42,"Unceasing Top":4,"Ring of the Snake":0,"Meat on the Bone":30},{"Pear":6,"HoveringKite":17,"Thread and Needle":12,"StoneCalendar":14,"Orichalcum":26,"Ancient Tea Set":22,"Mercury Hourglass":21,"Nunchaku":11,"Ornamental Fan":4,"Mummified Hand":14,"Snecko Eye":7,"Red Mask":21,"StrikeDummy":21,"Unceasing Top":2,"Ring of the Snake":0,"Meat on the Bone":15},{"Pear":25,"HoveringKite":81,"Thread and Needle":57,"StoneCalendar":66,"Orichalcum":131,"Ancient Tea Set":106,"Mercury Hourglass":103,"Nunchaku":53,"Ornamental Fan":15,"Mummified Hand":66,"Snecko Eye":33,"Red Mask":103,"StrikeDummy":103,"Unceasing Top":8,"Ring of the Snake":0,"Meat on the Bone":71}],"Unceasing Top":[3],"Ring of the Snake":[54],"Meat on the Bone":48},"card_choices":[{"not_picked":["Forethought","Bandage Up"],"picked":"Swift Strike","floor":0},{"not_picked":["Flying Knee","Cloak And Dagger"],"picked":"Deadly Poison","floor":1},{"not_picked":["Escape Plan","Distraction","Caltrops"],"picked":"SKIP","floor":2},{"not_picked":["Escape Plan","Distraction","Caltrops"],"picked":"SKIP","floor":2},{"not_picked":["Outmaneuver","Deadly Poison","Escape Plan"],"picked":"SKIP","floor":5},{"not_picked":["Infinite Blades","Dodge and Roll"],"picked":"Blade Dance","floor":7},{"not_picked":["Slice","Sucker Punch"],"picked":"Tools of the Trade","floor":10},{"not_picked":["Cloak And Dagger","Acrobatics"],"picked":"Wraith Form v2","floor":13},{"not_picked":["Tools of the Trade","Envenom"],"picked":"Malaise","floor":16},{"not_picked":["Blur","Masterful Stab"],"picked":"Eviscerate","floor":18},{"not_picked":["Finisher","Flying Knee+1"],"picked":"Well Laid Plans+1","floor":20},{"not_picked":["Deadly Poison","Bane","Deflect"],"picked":"SKIP","floor":22},{"not_picked":["Blur","Tactician"],"picked":"Backflip","floor":24},{"not_picked":["All Out Attack","Deflect+1"],"picked":"Skewer","floor":27},{"not_picked":["Masterful Stab","Quick Slash"],"picked":"Underhanded Strike+1","floor":29},{"not_picked":["Cloak And Dagger","Blade Dance+1"],"picked":"Crippling Poison+1","floor":30},{"not_picked":["Terror","Noxious Fumes"],"picked":"Catalyst+1","floor":31},{"not_picked":["Tools of the Trade","Unload"],"picked":"Venomology","floor":33},{"not_picked":["Blade Dance","Quick Slash"],"picked":"Deadly Poison+1","floor":35},{"not_picked":["Purity","Master of Strategy"],"picked":"Dark Shackles","floor":37},{"not_picked":["Bandage Up","Purity","The Bomb"],"picked":"SKIP","floor":37},{"not_picked":["Purity","Mind Blast","Blind"],"picked":"SKIP","floor":37},{"not_picked":["Sucker Punch","Deflect+1"],"picked":"Backflip+1","floor":39},{"not_picked":["Calculated Gamble+1","Dagger Throw"],"picked":"Predator","floor":41},{"not_picked":["Blade Dance+1","Storm of Steel","Prepared"],"picked":"SKIP","floor":42},{"not_picked":["Blade Dance+1","Storm of Steel","Prepared"],"picked":"SKIP","floor":42},{"not_picked":["Deflect","Skewer","Deadly Poison+1"],"picked":"SKIP","floor":47},{"not_picked":["Deflect","Bane","Finisher"],"picked":"SKIP","floor":48},{"not_picked":["All Out Attack","Skewer"],"picked":"After Image","floor":55}],"player_experience":4749234,"relics_obtained":[{"floor":4,"key":"Unceasing Top"},{"floor":9,"key":"Ornamental Fan"},{"floor":13,"key":"Pear"},{"floor":26,"key":"Nunchaku"},{"floor":27,"key":"Thread and Needle"},{"floor":29,"key":"StoneCalendar"},{"floor":29,"key":"Mummified Hand"},{"floor":30,"key":"Meat on the Bone"},{"floor":42,"key":"StrikeDummy"},{"floor":46,"key":"Mercury Hourglass"},{"floor":47,"key":"Ancient Tea Set"},{"floor":55,"key":"Orichalcum"}],"event_choices":[{"damage_healed":0,"gold_gain":0,"cards_transformed":["Defend_G"],"player_choice":"Change","damage_taken":0,"max_hp_gain":0,"max_hp_loss":0,"event_name":"Living Wall","floor":3,"gold_loss":0,"cards_obtained":["Burst"]},{"damage_healed":0,"gold_gain":0,"player_choice":"Ignored","damage_taken":0,"max_hp_gain":0,"max_hp_loss":0,"event_name":"Shining Light","floor":8,"gold_loss":0},{"cards_removed":["Strike_G"],"damage_healed":0,"gold_gain":0,"player_choice":"Card Removal","damage_taken":7,"max_hp_gain":0,"max_hp_loss":0,"event_name":"Golden Wing","floor":14,"gold_loss":0},{"cards_removed":["Strike_G"],"damage_healed":0,"gold_gain":0,"player_choice":"Gave Gold","damage_taken":0,"max_hp_gain":0,"max_hp_loss":0,"event_name":"Beggar","floor":19,"gold_loss":75},{"damage_healed":0,"gold_gain":0,"player_choice":"Ignored","damage_taken":0,"max_hp_gain":0,"max_hp_loss":0,"event_name":"Cursed Tome","floor":28,"gold_loss":0},{"damage_healed":0,"gold_gain":0,"player_choice":"Fight","damage_taken":0,"max_hp_gain":0,"max_hp_loss":0,"event_name":"Colosseum","floor":29,"gold_loss":0},{"damage_healed":0,"gold_gain":0,"player_choice":"Fought Nobs","damage_taken":0,"max_hp_gain":0,"max_hp_loss":0,"event_name":"Colosseum","floor":29,"gold_loss":0},{"damage_healed":0,"gold_gain":0,"player_choice":"Memory 3","damage_taken":10,"max_hp_gain":0,"max_hp_loss":0,"event_name":"SensoryStone","floor":37,"gold_loss":0},{"damage_healed":0,"gold_gain":0,"player_choice":"Paid","damage_taken":0,"relics_obtained":["Red Mask"],"max_hp_gain":0,"max_hp_loss":0,"event_name":"Tomb of Lord Red Mask","floor":45,"gold_loss":86}],"is_beta":false,"boss_relics":[{"not_picked":["Velvet Choker","Black Star"],"picked":"Snecko Eye"},{"not_picked":["Cursed Key","Busted Crown"],"picked":"HoveringKite"}],"items_purged_floors":[12,36],"is_endless":false,"potions_floor_spawned":[1,7,10,16,20,22,29,33,47,48],"ascension_level":20,"potion_discard_per_floor":[[],[],[],[],[],[],[],[],[],[],[],[],[],[],[],[],[],[],[],[],[],[],[],[],[],[],[],[],[],[],[],[],[],[],[],[],[],[],[],[],[],[],[],[],[],[],[],[],[],[],[],[],[],[],[],[],[]]}