{"neow_bonuses_skipped_log":["THREE_ENEMY_KILL","REMOVE_TWO","BOSS_RELIC"],"potions_obtained_entropic_brew":[[],[],[],[],[],[],[],[],[],[],[],[],[],[],[],[],[],[],[],[],[],[],[],[],[],[],[],[],[],[],[],[],[],[],[],[],[],[],[],[],[],[],[],[],[],[],[],[],[],[],[],[],[],[],[],[],[]],"neow_costs_skipped_log":["NONE","NO_GOLD","NONE"],"gold_per_floor":[114,389,5,17,17,43,43,61,61,96,118,130,175,206,218,305,317,344,356,378,390,421,463,512,524,536,577,65,80,93,143,143,220,220,238,34,0,0,36,36,67,85,85,118,143,175,175,209,209,209,254,254,254,2,27,27],"floor_reached":57,"playtime":3705,"items_purged":["Regret","Strike_R"],"score":2831,"play_id":"b5b8689e-9a89-4dbd-afc6-91dd552bbc61","local_time":"20240206233911","falling_options_log":["Clothesline","Shrug It Off"],"score_breakdown":["Floors Climbed (57): 285","Enemies Slain (14): 28","Exordium Elites Killed (3): 30","City Elites Killed (2): 40","Beyond Elites Killed (4): 120","Bosses Slain (5): 750","Money Money (1426): 25","Champion (1): 25","Ascension (20): 1278","Heartbreaker: 250"],"is_ascension_mode":true,"potions_obtained_alchemize":[[],[],[],[],[],[],[],[],[],[],[],[],[],[],[],[],[],[],[],[],[],[],[],[],[],[],[],[],[],[],[],[],[],[],[],[],[],[],[],[],[],[],[],[],[],[],[],[],[],[],[],[],[],[],[],[],[]],"campfire_choices":[{"data":"Armaments","floor":7,"key":"SMITH"},{"data":"Blood for Blood","floor":12,"key":"SMITH"},{"data":"Pommel Strike","floor":15,"key":"SMITH"},{"floor":25,"key":"REST"},{"floor":32,"key":"REST"},{"floor":40,"key":"RECALL"}],"lesson_learned_per_floor":[[],[],[],[],[],[],[],[],[],[],[],[],[],[],[],[],[],[],[],[],[],[],[],[],[],[],[],[],[],[],[],[],[],[],[],[],[],[],[],[],[],[],[],[],[],[],[],[],[],[],[],[],[],[],[],[],[]],"neow_cost":"NONE","improvable_cards":{},"seed_source_timestamp":16732955286626,"shop_contents":[{"floor":3,"relics":["Ornamental Fan","Bird Faced Urn"],"cards":["Body Slam","Uppercut","Armaments","Evolve","Secret Technique"],"potions":["Weak Potion","BloodPotion","DistilledChaos"]},{"floor":28,"relics":["Cauldron"],"cards":["Hemokinesis","Thunderclap","Flex","Warcry","Madness","Metamorphosis"],"potions":["EssenceOfSteel","Strength Potion","FairyPotion"]},{"floor":36,"relics":["Bag of Preparation","Pen Nib"],"cards":["Whirlwind","Sword Boomerang","Havoc","Armaments","Dramatic Entrance","Metamorphosis"],"potions":["AttackPotion","Block Potion","ElixirPotion"]},{"floor":54,"relics":["CaptainsWheel"],"cards":["Uppercut","Wild Strike","Armaments","Shrug It Off","Rupture","Deep Breath","Violence"],"potions":["ElixirPotion","ElixirPotion"]}],"circlet_count":0,"master_deck":["AscendersBane","Strike_R","Strike_R+1","Strike_R","Strike_R","Defend_R","Defend_R","Defend_R","Defend_R","Bash+1","Corruption","Blood for Blood+1","Shrug It Off","Discovery","Armaments+1","Clothesline","Shrug It Off","Pommel Strike+1","Flame Barrier","Reaper","Perfected Strike","Spot Weakness+1","Shrug It Off","Evolve","Inflame","Reaper","Dark Embrace","Body Slam+1","Intimidate+1","Impervious","Apotheosis","Dual Wield"],"potion_use_per_floor":[[],[],[],[],[],["DuplicationPotion"],[],[],[],[],[],[],[],[],[],[],[],[],[],[],[],[],["EssenceOfSteel"],[],[],[],[],[],[],[],[],[],[],[],[],[],[],[],[],[],[],[],[],[],[],[],[],[],[],[],[],[],[],[],[],["Ancient Potion","SpeedPotion","BlessingOfTheForge","DuplicationPotion"],[]],"relics":["Burning Blood","Toolbox","HornCleat","Bag of Marbles","MawBank","Oddly Smooth Stone","Fusion Hammer","Mummified Hand","TungstenRod","Akabeko","Lantern","Nunchaku","Coffee Dripper","Membership Card","Red Mask","Du-Vu Doll","Toy Ornithopter","Ginger","Potion Belt","Mercury Hourglass","Frozen Eye","Self Forming Clay","Vajra"],"potions_floor_usage":[6,23,56,56,56,56],"damage_taken":[{"damage":11,"enemies":"2 Louse","floor":1,"turns":3},{"damage":1,"enemies":"Cultist","floor":4,"turns":3},{"damage":5,"enemies":"Gremlin Nob","floor":6,"turns":3},{"damage":0,"enemies":"Small Slimes","floor":8,"turns":2},{"damage":9,"enemies":"3 Sentries","floor":10,"turns":12},{"damage":0,"enemies":"Blue Slaver","floor":11,"turns":4},{"damage":24,"enemies":"Lagavulin","floor":13,"turns":6},{"damage":1,"enemies":"Exordium Thugs","floor":14,"turns":6},{"damage":19,"enemies":"The Guardian","floor":16,"turns":19},{"damage":11,"enemies":"2 Thieves","floor":18,"turns":4},{"damage":5,"enemies":"Shell Parasite","floor":20,"turns":6},{"damage":25,"enemies":"Sentry and Sphere","floor":22,"turns":7},{"damage":39,"enemies":"Book of Stabbing","floor":23,"turns":6},{"damage":16,"enemies":"Shelled Parasite and Fungi","floor":24,"turns":8},{"damage":22,"enemies":"Slavers","floor":27,"turns":6},{"damage":8,"enemies":"Snake Plant","floor":29,"turns":5},{"damage":10,"enemies":"Cultist and Chosen","floor":30,"turns":6},{"damage":27,"enemies":"Champ","floor":33,"turns":13},{"damage":1,"enemies":"Orb Walker","floor":35,"turns":6},{"damage":0,"enemies":"3 Darklings","floor":39,"turns":5},{"damage":26,"enemies":"Nemesis","floor":41,"turns":5},{"damage":42,"enemies":"Spire Growth","floor":42,"turns":6},{"damage":0,"enemies":"Reptomancer","floor":44,"turns":4},{"damage":6,"enemies":"Mind Bloom Boss Battle","floor":45,"turns":5},{"damage":23,"enemies":"Nemesis","floor":46,"turns":9},{"damage":48,"enemies":"Reptomancer","floor":48,"turns":7},{"damage":48,"enemies":"Time Eater","floor":50,"turns":9},{"damage":62,"enemies":"Awakened One","floor":51,"turns":19},{"damage":15,"enemies":"Shield and Spear","floor":55,"turns":6},{"damage":97,"enemies":"The Heart","floor":56,"turns":11}],"green_key_taken_log":10,"seed_played":"-4503967520278139839","neow_bonus_log":{"cardsObtained":["Corruption"],"cardsUpgraded":[],"cardsRemoved":[],"cardsTransformed":[],"relicsObtained":[],"maxHpGained":0,"goldGained":0,"damageTaken":0,"goldLost":0,"maxHpLost":0},"potions_obtained":[{"floor":1,"key":"ElixirPotion"},{"floor":4,"key":"DuplicationPotion"},{"floor":11,"key":"SneckoOil"},{"floor":14,"key":"EssenceOfSteel"},{"floor":18,"key":"DuplicationPotion"},{"floor":24,"key":"EssenceOfSteel"},{"floor":35,"key":"Ancient Potion"},{"floor":48,"key":"BlessingOfTheForge"}],"is_trial":false,"path_per_floor":["M","?","$","M","?","E","R","M","T","E","M","R","E","M","R","B",null,"M","?","M","?","M","E","M","R","T","E","$","M","M","?","R","B",null,"M","$","?","?","M","R","E","M","T","E","?","E","?","E","R","B","B",null,"R","$","E","B",null],"character_chosen":"IRONCLAD","basemod:card_modifiers":[null,null,null,null,null,null,null,null,null,null,null,null,null,null,null,null,null,null,null,null,null,null,null,null,null,null,null,null,null,null,null,null],"items_purchased":["Toolbox","Shrug It Off","Discovery","Lantern","Nunchaku","Evolve","Membership Card","Dark Embrace","Frozen Eye","Self Forming Clay","SpeedPotion"],"campfire_rested":2,"item_purchase_floors":[3,3,3,28,28,28,36,36,54,54,54],"current_hp_per_floor":[63,63,63,68,45,46,46,52,52,49,55,55,37,42,42,29,64,69,69,75,75,58,31,33,55,55,39,39,55,54,54,75,69,74,75,75,75,75,75,75,75,60,60,75,75,59,50,75,75,65,67,73,73,73,75,28],"gold":27,"neow_bonus":"ONE_RANDOM_RARE_CARD","is_prod":false,"is_daily":false,"rewards_skipped":[{"floor":29,"relics":[],"potions":["SpeedPotion"]},{"floor":33,"relics":[],"potions":["ElixirPotion"]},{"floor":41,"relics":[],"potions":["ColorlessPotion"]},{"floor":44,"relics":[],"potions":["BloodPotion"]}],"chose_seed":false,"campfire_upgraded":3,"win_rate":0,"floor_exit_playtime":[62,68,89,151,158,240,253,269,290,438,500,509,571,642,648,866,896,989,993,1092,1095,1186,1272,1392,1396,1400,1488,1516,1578,1675,1681,1690,1871,1891,1973,1995,1999,2015,2106,2110,2219,2284,2287,2368,2438,2556,2568,2687,2691,2860,3095,3106,3109,3179,3322,3705],"timestamp":1707280751,"blue_key_relic_skipped_log":{"floor":43,"relicID":"Anchor"},"path_taken":["M","?","$","?","?","E","R","M","T","E","M","R","E","M","R","BOSS","M","?","M","?","M","E","M","R","T","E","$","?","M","?","R","BOSS","M","$","?","?","M","R","E","M","T","E","?","E","?","E","R","BOSS","BOSS","R","$","E","BOSS"],"build_version":"2022-12-18","purchased_purges":2,"victory":true,"max_hp_per_floor":[75,75,75,75,75,75,75,75,75,75,75,75,75,75,75,75,75,75,75,75,75,75,75,75,75,75,75,75,75,75,75,75,75,75,75,75,75,75,75,75,75,75,75,75,75,75,75,75,75,75,75,75,75,75,75,75],"relic_stats":{"counters":[30,211],"Self Forming Clay":[99],"Ginger":[6],"MawBank":216,"Burning Blood":148,"Mercury Hourglass":[144],"Frozen Eye":90.67797,"Nunchaku":[23],"Mummified Hand":[92],"Membership Card":290,"obtain_stats":[{"Potion Belt":46,"Lantern":28,"Self Forming Clay":54,"Oddly Smooth Stone":13,"Vajra":55,"Ginger":45,"MawBank":10,"Burning Blood":0,"Akabeko":27,"Mercury Hourglass":48,"Du-Vu Doll":41,"Frozen Eye":54,"Nunchaku":28,"HornCleat":6,"Mummified Hand":23,"Toolbox":3,"Fusion Hammer":17,"Bag of Marbles":9,"Coffee Dripper":34,"Red Mask":37,"Membership Card":36,"TungstenRod":26,"Toy Ornithopter":44},{"Potion Belt":25,"Lantern":15,"Self Forming Clay":28,"Oddly Smooth Stone":7,"Vajra":29,"Ginger":24,"MawBank":5,"Burning Blood":0,"Akabeko":15,"Mercury Hourglass":26,"Du-Vu Doll":21,"Frozen Eye":28,"Nunchaku":15,"HornCleat":3,"Mummified Hand":13,"Toolbox":1,"Fusion Hammer":9,"Bag of Marbles":4,"Coffee Dripper":18,"Red Mask":19,"Membership Card":19,"TungstenRod":14,"Toy Ornithopter":23},{"Potion Belt":159,"Lantern":95,"Self Forming Clay":194,"Oddly Smooth Stone":33,"Vajra":200,"Ginger":150,"MawBank":23,"Burning Blood":0,"Akabeko":95,"Mercury Hourglass":166,"Du-Vu Doll":135,"Frozen Eye":194,"Nunchaku":95,"HornCleat":9,"Mummified Hand":81,"Toolbox":3,"Fusion Hammer":58,"Bag of Marbles":11,"Coffee Dripper":119,"Red Mask":125,"Membership Card":125,"TungstenRod":89,"Toy Ornithopter":145}],"TungstenRod":80,"Toy Ornithopter":12},"card_choices":[{"not_picked":["Flex","Carnage"],"picked":"Blood for Blood","floor":1},{"not_picked":["True Grit","Ghostly Armor"],"picked":"Armaments","floor":4},{"not_picked":["Warcry","Sword Boomerang"],"picked":"Clothesline","floor":6},{"not_picked":["Armaments","Combust"],"picked":"Shrug It Off","floor":8},{"not_picked":["Wild Strike","Clash"],"picked":"Pommel Strike","floor":10},{"not_picked":["Berserk","Evolve"],"picked":"Flame Barrier","floor":13},{"not_picked":["Heavy Blade","Flex","Sword Boomerang"],"picked":"SKIP","floor":14},{"not_picked":["Limit Break","Impervious"],"picked":"Reaper","floor":16},{"not_picked":["Rampage","Twin Strike+1","Havoc"],"picked":"SKIP","floor":18},{"not_picked":["Clothesline","Flex"],"picked":"Perfected Strike","floor":20},{"not_picked":["Thunderclap","Metallicize"],"picked":"Spot Weakness+1","floor":23},{"not_picked":["Whirlwind","Anger"],"picked":"Metallicize","floor":24},{"not_picked":["Limit Break","Heavy Blade"],"picked":"Shrug It Off","floor":27},{"not_picked":["Searing Blow","Thunderclap","Rage"],"picked":"SKIP","floor":29},{"not_picked":["Heavy Blade","Spot Weakness"],"picked":"Inflame","floor":30},{"not_picked":["Immolate","Double Tap"],"picked":"Reaper","floor":33},{"not_picked":["Rampage+1","Flex","Wild Strike"],"picked":"SKIP","floor":35},{"not_picked":["Carnage","Anger"],"picked":"Body Slam+1","floor":39},{"not_picked":["Sword Boomerang","Clash","Searing Blow+1"],"picked":"SKIP","floor":41},{"not_picked":["Anger","Armaments","Cleave"],"picked":"SKIP","floor":42},{"not_picked":["Flex","Seeing Red"],"picked":"Intimidate+1","floor":44},{"not_picked":["True Grit","Inflame"],"picked":"Impervious","floor":45},{"not_picked":["Uppercut","Perfected Strike","Intimidate"],"picked":"SKIP","floor":46},{"not_picked":["PanicButton","Madness"],"picked":"Apotheosis","floor":47},{"not_picked":["Enlightenment","Deep Breath","Impatience"],"picked":"SKIP","floor":47},{"not_picked":["Mind Blast","Blind","Panache"],"picked":"SKIP","floor":47},{"not_picked":["Wild Strike","Cleave"],"picked":"Dual Wield","floor":48},{"not_picked":["Anger+1","Fire Breathing+1","Flex"],"picked":"SKIP","floor":55}],"player_experience":5905308,"relics_obtained":[{"floor":6,"key":"HornCleat"},{"floor":9,"key":"Bag of Marbles"},{"floor":10,"key":"MawBank"},{"floor":13,"key":"Oddly Smooth Stone"},{"floor":23,"key":"Mummified Hand"},{"floor":26,"key":"TungstenRod"},{"floor":27,"key":"Akabeko"},{"floor":41,"key":"Du-Vu Doll"},{"floor":44,"key":"Toy Ornithopter"},{"floor":45,"key":"Ginger"},{"floor":46,"key":"Potion Belt"},{"floor":48,"key":"Mercury Hourglass"},{"floor":55,"key":"Vajra"}],"event_choices":[{"damage_healed":0,"gold_gain":275,"player_choice":"Desecrate","damage_taken":0,"max_hp_gain":0,"max_hp_loss":0,"event_name":"Golden Shrine","floor":2,"gold_loss":0,"cards_obtained":["Regret"]},{"damage_healed":0,"gold_gain":0,"player_choice":"Entered Light","damage_taken":23,"max_hp_gain":0,"max_hp_loss":0,"event_name":"Shining Light","floor":5,"gold_loss":0,"cards_upgraded":["Strike_R","Bash"]},{"damage_healed":0,"gold_gain":0,"player_choice":"Ignored","damage_taken":0,"max_hp_gain":0,"max_hp_loss":0,"event_name":"Ghosts","floor":19,"gold_loss":0},{"damage_healed":0,"gold_gain":0,"player_choice":"Ignored","damage_taken":0,"max_hp_gain":0,"max_hp_loss":0,"event_name":"Vampires","floor":21,"gold_loss":0},{"damage_healed":0,"gold_gain":50,"player_choice":"Stole From Cult","damage_taken":0,"max_hp_gain":0,"max_hp_loss":0,"event_name":"Nest","floor":31,"gold_loss":0},{"damage_healed":0,"gold_gain":0,"player_choice":"Paid","damage_taken":0,"relics_obtained":["Red Mask"],"max_hp_gain":0,"max_hp_loss":0,"event_name":"Tomb of Lord Red Mask","floor":37,"gold_loss":34},{"cards_removed":["Metallicize"],"damage_healed":0,"gold_gain":0,"player_choice":"Removed Power","damage_taken":0,"max_hp_gain":0,"max_hp_loss":0,"event_name":"Falling","floor":38,"gold_loss":0},{"damage_healed":0,"gold_gain":0,"player_choice":"Fight","damage_taken":0,"max_hp_gain":0,"max_hp_loss":0,"event_name":"MindBloom","floor":45,"gold_loss":0},{"damage_healed":0,"gold_gain":0,"player_choice":"Memory 3","damage_taken":10,"max_hp_gain":0,"max_hp_loss":0,"event_name":"SensoryStone","floor":47,"gold_loss":0}],"is_beta":false,"boss_relics":[{"not_picked":["Cursed Key","Busted Crown"],"picked":"Fusion Hammer"},{"not_picked":["Velvet Choker","Runic Dome"],"picked":"Coffee Dripper"}],"items_purged_floors":[3,28],"is_endless":false,"potions_floor_spawned":[1,4,11,14,18,24,29,33,35,41,44,48],"ascension_level":20,"potion_discard_per_floor":[[],[],[],[],[],[],[],[],[],[],[],[],[],["ElixirPotion"],[],[],[],["SneckoOil"],[],[],[],[],[],[],[],[],[],[],[],[],[],[],[],[],["EssenceOfSteel"],[],[],[],[],[],[],[],[],[],[],[],[],[],[],[],[],[],[],[],[],[],[]]}