{"neow_bonuses_skipped_log":["REMOVE_CARD","THREE_ENEMY_KILL","BOSS_RELIC"],"potions_obtained_entropic_brew":[[],[],[],[],[],[],[],[],[],[],[],[],[],[],[],[],[],[],[],[],[],[],[],[],[],[],[],[],[]],"neow_costs_skipped_log":["NONE","NONE","NONE"],"gold_per_floor":[118,118,393,417,441,441,461,481,481,27,47,78,38,72,72,168,168,168,108,108,108,108,108,108,108,108,108,108,108],"floor_reached":29,"playtime":1404,"items_purged":["Regret"],"score":514,"play_id":"576b234d-59c4-449a-a827-3fd765ae88bb","local_time":"20240210204827","score_breakdown":["Floors Climbed (29): 145","Enemies Slain (11): 22","Exordium Elites Killed (2): 20","City Elites Killed (1): 20","Bosses Slain (1): 50","Ascension (20): 257"],"is_ascension_mode":true,"potions_obtained_alchemize":[[],[],[],[],[],[],[],[],[],[],[],[],[],[],[],[],[],[],[],[],[],[],[],[],[],[],[],[],[]],"campfire_choices":[{"data":"Perfected Strike","floor":6,"key":"SMITH"},{"data":"Bash","floor":15,"key":"SMITH"},{"floor":23,"key":"REST"},{"floor":25,"key":"REST"}],"lesson_learned_per_floor":[[],[],[],[],[],[],[],[],[],[],[],[],[],[],[],[],[],[],[],[],[],[],[],[],[],[],[],[],[]],"neow_cost":"TEN_PERCENT_HP_LOSS","improvable_cards":{},"seed_source_timestamp":361944137566,"shop_contents":[{"floor":10,"relics":["Letter Opener","Ancient Tea Set"],"cards":["Sword Boomerang","Rampage","Warcry","Deep Breath","Panache"],"potions":["Strength Potion","Explosive Potion","Ancient Potion"]}],"circlet_count":0,"master_deck":["AscendersBane","Strike_R","Strike_R","Strike_R","Strike_R","Defend_R","Defend_R","Defend_R","Bash+1","Pommel Strike","Iron Wave","Perfected Strike+1","Combust","Spot Weakness","Shrug It Off","Corruption","Shrug It Off","Dropkick","Feed","Armaments","Writhe","Offering","Metallicize","Immolate","Dark Embrace"],"potion_use_per_floor":[[],[],[],[],[],[],[],[],[],[],[],["Dexterity Potion"],[],["SneckoOil"],[],["DuplicationPotion"],[],[],[],[],["Swift Potion"],["ColorlessPotion"],[],[],[],[],[],[],[]],"relics":["Burning Blood","Golden Idol","Anchor","Strange Spoon","Orichalcum","Gremlin Horn","Ectoplasm","InkBottle","Question Card","StrikeDummy"],"potions_floor_usage":[12,14,16,21,22],"damage_taken":[{"damage":6,"enemies":"Jaw Worm","floor":1,"turns":6},{"damage":11,"enemies":"2 Louse","floor":4,"turns":3},{"damage":4,"enemies":"Cultist","floor":5,"turns":3},{"damage":21,"enemies":"Lots of Slimes","floor":7,"turns":5},{"damage":12,"enemies":"Blue Slaver","floor":8,"turns":4},{"damage":0,"enemies":"Gremlin Gang","floor":11,"turns":5},{"damage":6,"enemies":"Lagavulin","floor":12,"turns":7},{"damage":11,"enemies":"Gremlin Nob","floor":14,"turns":3},{"damage":37,"enemies":"Hexaghost","floor":16,"turns":9},{"damage":18,"enemies":"Spheric Guardian","floor":18,"turns":5},{"damage":6,"enemies":"2 Thieves","floor":19,"turns":4},{"damage":18,"enemies":"Sentry and Sphere","floor":21,"turns":5},{"damage":27,"enemies":"Snake Plant","floor":22,"turns":5},{"damage":25,"enemies":"Slavers","floor":24,"turns":4},{"damage":24,"enemies":"Chosen and Byrds","floor":28,"turns":4},{"damage":19,"enemies":"Gremlin Leader","floor":29,"turns":5}],"seed_played":"-8300308891488891615","neow_bonus_log":{"cardsObtained":[],"cardsUpgraded":[],"cardsRemoved":["Strike_R","Defend_R"],"cardsTransformed":[],"relicsObtained":[],"maxHpGained":0,"goldGained":0,"damageTaken":0,"goldLost":0,"maxHpLost":7},"potions_obtained":[{"floor":4,"key":"SpeedPotion"},{"floor":5,"key":"Dexterity Potion"},{"floor":8,"key":"EssenceOfSteel"},{"floor":12,"key":"Swift Potion"},{"floor":13,"key":"SneckoOil"},{"floor":14,"key":"DuplicationPotion"},{"floor":16,"key":"ColorlessPotion"},{"floor":24,"key":"FearPotion"}],"is_trial":false,"path_per_floor":["M","?","?","M","M","R","M","M","T","$","M","E","?","E","R","B",null,"M","M","?","M","M","R","E","R","T","?","M","E"],"character_chosen":"IRONCLAD","basemod:card_modifiers":[null,null,null,null,null,null,null,null,null,null,null,null,null,null,null,null,null,null,null,null,null,null,null,null,null],"items_purchased":["Shrug It Off","Corruption","Strange Spoon"],"campfire_rested":2,"item_purchase_floors":[10,10,10],"current_hp_per_floor":[68,62,62,57,59,59,44,38,38,38,44,44,44,39,39,8,49,40,43,43,31,10,30,14,35,35,35,17,0],"gold":108,"neow_bonus":"REMOVE_TWO","is_prod":false,"is_daily":false,"rewards_skipped":[{"floor":13,"relics":[],"potions":["Weak Potion","BlessingOfTheForge"]},{"floor":18,"relics":[],"potions":["Energy Potion"]}],"chose_seed":false,"campfire_upgraded":2,"win_rate":0,"floor_exit_playtime":[222,227,232,271,309,314,395,429,431,464,516,567,589,636,644,749,779,839,894,925,1001,1121,1128,1185,1190,1198,1213,1286],"timestamp":1707616107,"path_taken":["M","?","?","M","?","R","M","M","T","$","?","E","?","E","R","BOSS","M","?","?","M","M","R","E","R","T","?","M","E"],"build_version":"2022-12-18","purchased_purges":1,"victory":false,"max_hp_per_floor":[68,62,62,62,62,62,62,62,62,62,62,62,62,62,62,62,62,65,68,68,68,68,68,71,71,71,71,71,71],"relic_stats":{"Strange Spoon":[30],"Gremlin Horn":[9,9],"counters":[16,77],"Golden Idol":82,"Ectoplasm":196,"Orichalcum":[54],"Question Card":1,"obtain_stats":[{"Strange Spoon":10,"Anchor":9,"Gremlin Horn":14,"Golden Idol":2,"Ectoplasm":17,"Orichalcum":12,"Question Card":24,"StrikeDummy":26,"Burning Blood":0,"InkBottle":20},{"Strange Spoon":5,"Anchor":5,"Gremlin Horn":8,"Golden Idol":1,"Ectoplasm":9,"Orichalcum":7,"Question Card":14,"StrikeDummy":14,"Burning Blood":0,"InkBottle":11},{"Strange Spoon":21,"Anchor":21,"Gremlin Horn":36,"Golden Idol":6,"Ectoplasm":45,"Orichalcum":33,"Question Card":68,"StrikeDummy":68,"Burning Blood":0,"InkBottle":54}],"Burning Blood":90,"InkBottle":[11]},"card_choices":[{"not_picked":["Clash","Heavy Blade"],"picked":"Pommel Strike","floor":1},{"not_picked":["True Grit","Clothesline"],"picked":"Iron Wave","floor":4},{"not_picked":["Seeing Red","Wild Strike"],"picked":"Perfected Strike","floor":5},{"not_picked":["Twin Strike","Sever Soul"],"picked":"Combust","floor":7},{"not_picked":["Clash","Intimidate"],"picked":"Spot Weakness","floor":8},{"not_picked":["Sword Boomerang","Wild Strike","True Grit"],"picked":"SKIP","floor":11},{"not_picked":["Wild Strike","Headbutt"],"picked":"Shrug It Off","floor":12},{"not_picked":["Shrug It Off","Sever Soul"],"picked":"Dropkick","floor":14},{"not_picked":["Brutality","Barricade"],"picked":"Feed","floor":16},{"not_picked":["Seeing Red","Perfected Strike"],"picked":"Armaments","floor":19},{"not_picked":["Pommel Strike","Thunderclap"],"picked":"Offering","floor":21},{"not_picked":["Carnage","Cleave","Warcry"],"picked":"SKIP","floor":22},{"not_picked":["Havoc","True Grit"],"picked":"Metallicize","floor":24},{"not_picked":["True Grit","Perfected Strike","Cleave"],"picked":"Dark Embrace","floor":28}],"player_experience":5978307,"relics_obtained":[{"floor":9,"key":"Anchor"},{"floor":12,"key":"Orichalcum"},{"floor":14,"key":"Gremlin Horn"},{"floor":24,"key":"Question Card"},{"floor":26,"key":"StrikeDummy"}],"event_choices":[{"damage_healed":0,"gold_gain":0,"player_choice":"Lose Max HP","damage_taken":0,"relics_obtained":["Golden Idol"],"max_hp_gain":0,"max_hp_loss":6,"event_name":"Golden Idol","floor":2,"gold_loss":0},{"damage_healed":0,"gold_gain":275,"player_choice":"Desecrate","damage_taken":0,"max_hp_gain":0,"max_hp_loss":0,"event_name":"Golden Shrine","floor":3,"gold_loss":0,"cards_obtained":["Regret"]},{"damage_healed":0,"gold_gain":0,"player_choice":"Bought 3 Potions","damage_taken":0,"max_hp_gain":0,"max_hp_loss":0,"event_name":"The Woman in Blue","floor":13,"gold_loss":0},{"damage_healed":0,"gold_gain":0,"player_choice":"Opened","damage_taken":0,"relics_obtained":["InkBottle"],"max_hp_gain":0,"max_hp_loss":0,"event_name":"The Mausoleum","floor":20,"gold_loss":0,"cards_obtained":["Writhe"]},{"damage_healed":0,"gold_gain":0,"player_choice":"1 cards matched","damage_taken":0,"max_hp_gain":0,"max_hp_loss":0,"event_name":"Match and Keep!","floor":27,"gold_loss":0,"cards_obtained":["Immolate"]}],"is_beta":false,"boss_relics":[{"not_picked":["Busted Crown","Empty Cage"],"picked":"Ectoplasm"}],"items_purged_floors":[10],"is_endless":false,"potions_floor_spawned":[4,5,8,12,14,16,18,24],"killed_by":"Gremlin Leader","ascension_level":20,"potion_discard_per_floor":[[],[],[],[],[],[],[],["SpeedPotion"],[],[],[],[],["EssenceOfSteel"],[],[],[],[],[],[],[],[],[],[],[],[],[],[],[],[]]}