{"neow_bonuses_skipped_log":["UPGRADE_CARD","TEN_PERCENT_HP_BONUS","BOSS_RELIC"],"potions_obtained_entropic_brew":[[],[],[],[],[],[],[],[],[],[],[],[],[],[],[],[],[],[],[],[],[],[],[],[],[],[],[],[],[],[],[],[],[],[],[],[],[],[],[],[],[],[],[],[],[],[],[],[],[],[],[],[],[],[],[],[],[]],"neow_costs_skipped_log":["NONE","NONE","NONE"],"gold_per_floor":[116,129,146,40,53,53,83,83,83,114,128,146,165,190,190,266,266,285,304,229,229,246,274,294,321,321,1,1,34,49,60,60,137,137,157,174,194,210,210,236,256,289,289,614,634,634,634,663,663,663,663,663,663,109,144,144],"floor_reached":57,"playtime":7174,"items_purged":["Normality","Strike_R"],"score":3341,"play_id":"bafe70cc-8c24-49db-b4c2-a1735d9cdd7a","local_time":"20240203201021","falling_options_log":["Exhume","Inflame"],"score_breakdown":["Floors Climbed (57): 285","Enemies Slain (19): 38","Exordium Elites Killed (3): 30","City Elites Killed (3): 60","Beyond Elites Killed (4): 120","Bosses Slain (5): 750","Money Money (1100): 25","Collector (1): 25","Librarian: 25","Stuffed: 50","Champion (6): 150","Overkill: 25","C-c-c-combo: 25","Ascension (20): 1483","Heartbreaker: 250"],"is_ascension_mode":true,"potions_obtained_alchemize":[[],[],[],[],[],[],[],[],[],[],[],[],[],[],[],[],[],[],[],[],[],[],[],[],[],[],[],[],[],[],[],[],[],[],[],[],[],[],[],[],[],[],[],[],[],[],[],[],[],[],[],[],[],[],[],[],[]],"campfire_choices":[{"data":"Fiend Fire","floor":6.0,"key":"SMITH"},{"data":"Bash","floor":8.0,"key":"SMITH"},{"data":"Feed","floor":15,"key":"SMITH"},{"floor":28,"key":"REST"},{"data":"True Grit","floor":32,"key":"SMITH"},{"floor":46,"key":"RECALL"},{"data":"Barricade","floor":49,"key":"SMITH"},{"data":"Seeing Red","floor":53,"key":"SMITH"}],"lesson_learned_per_floor":[[],[],[],[],[],[],[],[],[],[],[],[],[],[],[],[],[],[],[],[],[],[],[],[],[],[],[],[],[],[],[],[],[],[],[],[],[],[],[],[],[],[],[],[],[],[],[],[],[],[],[],[],[],[],[],[],[]],"neow_cost":"CURSE","improvable_cards":{},"seed_source_timestamp":1879599879710,"shop_contents":[{"floor":4,"relics":["Pear","Toxic Egg 2","Orrery"],"cards":["Rampage","Blood for Blood","Havoc","Double Tap","Combust","Apotheosis"],"potions":["EntropicBrew","Energy Potion","BlessingOfTheForge"]},{"floor":27,"relics":["StrikeDummy","Cauldron"],"cards":["Rampage","Wild Strike","Battle Trance","Shrug It Off","Combust","Jack Of All Trades","Thinking Ahead"],"potions":["Weak Potion","LiquidMemories"]},{"floor":54,"relics":["Strange Spoon"],"cards":["Pummel","Hemokinesis","Flex","Shrug It Off","Combust+1","Dramatic Entrance","The Bomb"],"potions":["ColorlessPotion","Fire Potion","ColorlessPotion"]}],"circlet_count":0,"master_deck":["AscendersBane","Strike_R","Strike_R","Defend_R","Defend_R","Defend_R","Defend_R","Bash+1","Fiend Fire+1","Anger","Discovery","Shrug It Off","Impervious","Feed+1","Headbutt","Shrug It Off","Shrug It Off","Inflame","Offering","Shrug It Off","Ghostly","Ghostly","Ghostly","Offering","Shockwave","True Grit+1","Seeing Red+1","True Grit+1","Barricade+1","Pommel Strike+1","Shrug It Off+1","True Grit+1","Disarm","Disarm","Clumsy","Exhume","Shockwave","Evolve+1"],"special_seed":0,"potion_use_per_floor":[[],[],[],[],[],[],["Energy Potion"],[],[],[],[],[],[],[],[],[],[],[],[],[],[],[],[],[],[],[],[],[],[],[],[],[],["BloodPotion"],[],[],[],[],[],[],[],[],[],[],[],[],[],[],[],[],[],[],[],[],[],[],["ElixirPotion","LiquidMemories"],[]],"relics":["Burning Blood","Anchor","HornCleat","Dead Branch","Meat on the Bone","Cursed Key","Singing Bowl","Question Card","Potion Belt","White Beast Statue","Philosopher\u0027s Stone","InkBottle","Self Forming Clay","Frozen Egg 2","Old Coin","FossilizedHelix","Blood Vial","Shuriken","Pen Nib"],"potions_floor_usage":[33,56,56],"damage_taken":[{"damage":1.0,"enemies":"Cultist","floor":1.0,"turns":3.0},{"damage":7.0,"enemies":"Small Slimes","floor":2.0,"turns":4.0},{"damage":12.0,"enemies":"Jaw Worm","floor":3.0,"turns":2.0},{"damage":7.0,"enemies":"Exordium Wildlife","floor":5.0,"turns":4.0},{"damage":3.0,"enemies":"Gremlin Nob","floor":7.0,"turns":3.0},{"damage":6.0,"enemies":"3 Sentries","floor":10.0,"turns":9.0},{"damage":3.0,"enemies":"Red Slaver","floor":11.0,"turns":5.0},{"damage":2.0,"enemies":"3 Louse","floor":12.0,"turns":4.0},{"damage":10.0,"enemies":"Exordium Wildlife","floor":13.0,"turns":11.0},{"damage":18,"enemies":"Lagavulin","floor":14,"turns":8},{"damage":31,"enemies":"The Guardian","floor":16,"turns":12},{"damage":37,"enemies":"Shell Parasite","floor":18,"turns":4},{"damage":26,"enemies":"Chosen","floor":19,"turns":9},{"damage":5,"enemies":"Centurion and Healer","floor":22,"turns":29},{"damage":2,"enemies":"Gremlin Leader","floor":23,"turns":6},{"damage":41,"enemies":"Cultist and Chosen","floor":24,"turns":11},{"damage":2,"enemies":"Book of Stabbing","floor":25,"turns":4},{"damage":6,"enemies":"Gremlin Leader","floor":29,"turns":3},{"damage":0,"enemies":"Shelled Parasite and Fungi","floor":30,"turns":9},{"damage":6,"enemies":"Snecko","floor":31,"turns":4},{"damage":27,"enemies":"Automaton","floor":33,"turns":16},{"damage":2,"enemies":"3 Darklings","floor":35,"turns":18},{"damage":5,"enemies":"3 Shapes","floor":36,"turns":93},{"damage":15,"enemies":"Writhing Mass","floor":37,"turns":16},{"damage":7,"enemies":"Transient","floor":38,"turns":6},{"damage":27,"enemies":"Giant Head","floor":40,"turns":10},{"damage":2,"enemies":"3 Darklings","floor":41,"turns":7},{"damage":12,"enemies":"Nemesis","floor":42,"turns":21},{"damage":5,"enemies":"Reptomancer","floor":44,"turns":4},{"damage":4,"enemies":"4 Shapes","floor":45,"turns":30},{"damage":3,"enemies":"Nemesis","floor":48,"turns":7},{"damage":10,"enemies":"Awakened One","floor":50,"turns":24},{"damage":9,"enemies":"Donu and Deca","floor":51,"turns":19},{"damage":6,"enemies":"Shield and Spear","floor":55,"turns":18},{"damage":11,"enemies":"The Heart","floor":56,"turns":7}],"green_key_taken_log":44,"seed_played":"5825453042510105463","neow_bonus_log":{"cardsObtained":["Parasite"],"cardsUpgraded":[],"cardsRemoved":[],"cardsTransformed":[],"relicsObtained":[],"maxHpGained":0,"goldGained":0,"damageTaken":0,"goldLost":0,"maxHpLost":0},"potions_obtained":[{"floor":3.0,"key":"Energy Potion"},{"floor":5.0,"key":"Energy Potion"},{"floor":12.0,"key":"Explosive Potion"},{"floor":14,"key":"AttackPotion"},{"floor":29,"key":"BlessingOfTheForge"},{"floor":30,"key":"EssenceOfSteel"},{"floor":31,"key":"BloodPotion"},{"floor":33,"key":"SkillPotion"},{"floor":35,"key":"Explosive Potion"},{"floor":36,"key":"ElixirPotion"},{"floor":37,"key":"FairyPotion"}],"is_trial":false,"path_per_floor":["M","M","M","$","M","R","E","R","T","E","M","M","M","E","R","B",null,"M","M","?","?","M","E","M","E","T","$","R","E","M","M","R","B",null,"M","M","M","M","?","E","M","E","T","E","M","R","?","E","R","B","B",null,"R","$","E","B",null],"character_chosen":"IRONCLAD","basemod:card_modifiers":[null,null,null,null,null,null,null,null,null,null,null,null,null,null,null,null,null,null,null,null,null,null,null,null,null,null,null,null,null,null,null,null,null,null,null,null,null,null],"items_purchased":["Discovery","Potion Belt","LiquidMemories","Blood Vial","Shuriken"],"campfire_rested":1,"item_purchase_floors":[4,27,27,54,54],"current_hp_per_floor":[73,72,66,66,65,65,68,68,68,68,71,78,77,65,65,56,78,51,43,43,43,47,51,34,42,42,42,60,64,69,73,73,66,71,79,91,86,87,87,70,78,76,76,81,101,101,101,108,108,112,117,143,143,143,149,146],"gold":144,"neow_bonus":"THREE_RARE_CARDS","is_prod":false,"is_daily":false,"rewards_skipped":[{"floor":13,"relics":[],"potions":["Regen Potion"]},{"floor":19,"relics":[],"potions":["SteroidPotion"]},{"floor":23,"relics":[],"potions":["BloodPotion"]},{"floor":38,"relics":[],"potions":["SteroidPotion"]},{"floor":40,"relics":[],"potions":["Weak Potion"]},{"floor":41,"relics":[],"potions":["Energy Potion"]},{"floor":42,"relics":[],"potions":["Swift Potion"]},{"floor":44,"relics":[],"potions":["BlessingOfTheForge"]},{"floor":45,"relics":[],"potions":["FearPotion"]},{"floor":48,"relics":[],"potions":["PowerPotion"]},{"floor":55,"relics":[],"potions":["Energy Potion"]}],"chose_seed":false,"campfire_upgraded":6,"win_rate":0,"floor_exit_playtime":[116,148,169,184,218,224,268,273,277,364,428,485,632,762,768,913,930,1018,1137,1147,1155,1467,1607,1786,1917,1972,1984,2001,2083,2198,2257,2262,2598,2615,2948,4034,4282,4383,4398,4640,4766,5101,5106,5202,5697,5701,5705,5940,5946,6270,6637,6648,6662,6686,6996,7174],"timestamp":1707009021,"blue_key_relic_skipped_log":{"floor":26,"relicID":"Blue Candle"},"path_taken":["M","M","?","$","M","R","E","R","T","E","M","M","M","E","R","BOSS","M","M","?","?","M","E","M","E","T","$","R","E","M","M","R","BOSS","M","M","M","M","?","E","?","E","T","E","M","R","?","E","R","BOSS","BOSS","R","$","E","BOSS"],"build_version":"2022-12-18","purchased_purges":2,"victory":true,"max_hp_per_floor":[75,75,75,75,75,75,75,75,75,75,75,78,81,81,81,85,85,89,89,86,43,47,51,57,61,61,61,61,65,69,73,73,73,73,79,91,95,97,97,101,105,109,109,113,131,131,131,135,135,143,151,151,151,151,155,155],"relic_stats":{"Singing Bowl":8,"counters":[35,440],"Self Forming Clay":[75],"Dead Branch":[1502],"Pen Nib":[1],"Cursed Key":2,"Question Card":15,"Burning Blood":197,"White Beast Statue":[0.0,0.0,0.0,0.4,0.0,0.6000000000000001,0.0,0.0,0.0,0.0,0.0,6.453687091200003],"Blood Vial":4,"Shuriken":[7],"obtain_stats":[{"Potion Belt":27,"Singing Bowl":23,"Self Forming Clay":42,"Dead Branch":10,"Pen Nib":55,"Frozen Egg 2":43,"Cursed Key":17,"Question Card":25,"Burning Blood":0,"White Beast Statue":29,"Old Coin":44,"Blood Vial":54,"Anchor":7,"HornCleat":9,"Shuriken":54,"Philosopher\u0027s Stone":34,"InkBottle":40,"FossilizedHelix":48,"Meat on the Bone":14},{"Potion Belt":17,"Singing Bowl":15,"Self Forming Clay":28,"Dead Branch":6,"Pen Nib":34,"Frozen Egg 2":28,"Cursed Key":11,"Question Card":17,"Burning Blood":0,"White Beast Statue":18,"Old Coin":29,"Blood Vial":33,"Anchor":5,"HornCleat":5,"Shuriken":33,"Philosopher\u0027s Stone":21,"InkBottle":26,"FossilizedHelix":31,"Meat on the Bone":10},{"Potion Belt":128,"Singing Bowl":113,"Self Forming Clay":331,"Dead Branch":25,"Pen Nib":433,"Frozen Egg 2":331,"Cursed Key":65,"Question Card":128,"Burning Blood":0,"White Beast Statue":131,"Old Coin":335,"Blood Vial":415,"Anchor":16,"HornCleat":16,"Shuriken":415,"Philosopher\u0027s Stone":160,"InkBottle":303,"FossilizedHelix":372,"Meat on the Bone":53}],"InkBottle":[68],"FossilizedHelix":[19],"Meat on the Bone":36},"card_choices":[{"not_picked":["Feed","Bludgeon"],"picked":"Fiend Fire","floor":0.0},{"not_picked":["Perfected Strike","Metallicize"],"picked":"Anger","floor":1.0},{"not_picked":["Heavy Blade","Body Slam","Perfected Strike"],"picked":"SKIP","floor":2.0},{"not_picked":["Twin Strike","Anger","Perfected Strike"],"picked":"SKIP","floor":3.0},{"not_picked":["Dark Embrace","Headbutt"],"picked":"Shrug It Off","floor":5.0},{"not_picked":["Clothesline","Spot Weakness"],"picked":"Impervious","floor":7.0},{"not_picked":["Armaments","Body Slam"],"picked":"Feed","floor":10.0},{"not_picked":["Flame Barrier","Evolve"],"picked":"Headbutt","floor":11.0},{"not_picked":["Clash","Pommel Strike"],"picked":"Shrug It Off","floor":12.0},{"not_picked":["Anger","Demon Form"],"picked":"Shrug It Off","floor":13},{"not_picked":["Body Slam","Armaments"],"picked":"Inflame","floor":14},{"not_picked":["Exhume","Limit Break"],"picked":"Offering","floor":16},{"not_picked":["Rupture","Twin Strike","Iron Wave"],"picked":"SKIP","floor":18},{"not_picked":["Perfected Strike","Cleave"],"picked":"Shrug It Off","floor":19},{"not_picked":["Ghostly Armor","Clash","Clothesline"],"picked":"SKIP","floor":22},{"not_picked":["Second Wind","Armaments"],"picked":"Offering","floor":23},{"not_picked":["Wild Strike","Body Slam","Iron Wave+1"],"picked":"Singing Bowl","floor":24},{"not_picked":["Twin Strike","Pommel Strike+1"],"picked":"Shockwave","floor":25},{"not_picked":["Entrench","Headbutt","Pommel Strike"],"picked":"True Grit","floor":29},{"not_picked":["Thunderclap","Heavy Blade","Warcry"],"picked":"Seeing Red","floor":30},{"not_picked":["Heavy Blade","Shrug It Off","Inflame"],"picked":"True Grit+1","floor":31},{"not_picked":["Reaper","Juggernaut","Berserk"],"picked":"Barricade","floor":33},{"not_picked":["Rage","Dropkick","Iron Wave","Searing Blow+1"],"picked":"Singing Bowl","floor":35},{"not_picked":["Heavy Blade","Metallicize","Clash+1"],"picked":"Pommel Strike+1","floor":36},{"not_picked":["Armaments+1","Flex","Hemokinesis+1"],"picked":"Shrug It Off+1","floor":37},{"not_picked":["Brutality","Headbutt","Iron Wave","Pommel Strike"],"picked":"Singing Bowl","floor":38},{"not_picked":["Dark Embrace","Pommel Strike","Perfected Strike+1"],"picked":"True Grit+1","floor":40},{"not_picked":["Shockwave","True Grit","Sword Boomerang"],"picked":"Disarm","floor":41},{"not_picked":["Twin Strike+1","Intimidate","Clash+1"],"picked":"Disarm","floor":42},{"not_picked":["Demon Form+1","Cleave","Feed"],"picked":"Exhume","floor":44},{"not_picked":["Sentinel","Body Slam","Shrug It Off","Spot Weakness"],"picked":"Singing Bowl","floor":45},{"not_picked":["Spot Weakness","Sentinel","Reckless Charge"],"picked":"Shockwave","floor":48},{"not_picked":["Perfected Strike+1","Hemokinesis","Sever Soul"],"picked":"Evolve+1","floor":55}],"player_experience":5826717,"relics_obtained":[{"floor":7.0,"key":"Anchor"},{"floor":9.0,"key":"HornCleat"},{"floor":10.0,"key":"Dead Branch"},{"floor":14,"key":"Meat on the Bone"},{"floor":23,"key":"Singing Bowl"},{"floor":25,"key":"Question Card"},{"floor":29,"key":"White Beast Statue"},{"floor":40,"key":"InkBottle"},{"floor":42,"key":"Self Forming Clay"},{"floor":43,"key":"Frozen Egg 2"},{"floor":44,"key":"Old Coin"},{"floor":48,"key":"FossilizedHelix"},{"floor":55,"key":"Pen Nib"}],"event_choices":[{"cards_removed":["Parasite"],"damage_healed":0,"gold_gain":0,"player_choice":"Gave Gold","damage_taken":0,"max_hp_gain":0,"max_hp_loss":0,"event_name":"Beggar","floor":20,"gold_loss":75},{"damage_healed":0,"gold_gain":0,"player_choice":"Became a Ghost","damage_taken":0,"max_hp_gain":0,"max_hp_loss":43,"event_name":"Ghosts","floor":21,"gold_loss":0,"cards_obtained":["Ghostly","Ghostly","Ghostly"]},{"cards_removed":["Strike_R"],"damage_healed":0,"gold_gain":0,"player_choice":"Card Removal","damage_taken":0,"max_hp_gain":0,"max_hp_loss":0,"event_name":"Wheel of Change","floor":39,"gold_loss":0},{"cards_removed":["Strike_R"],"damage_healed":0,"gold_gain":0,"player_choice":"Removed Attack","damage_taken":0,"max_hp_gain":0,"max_hp_loss":0,"event_name":"Falling","floor":47,"gold_loss":0}],"is_beta":false,"boss_relics":[{"not_picked":["SacredBark","Tiny House"],"picked":"Cursed Key"},{"not_picked":["Pandora\u0027s Box","Calling Bell"],"picked":"Philosopher\u0027s Stone"}],"items_purged_floors":[27,54],"is_endless":false,"potions_floor_spawned":[3,5,12,13,14,19,23,29,30,31,33,35,36,37,38,40,41,42,44,45,48,55],"ascension_level":20,"potion_discard_per_floor":[[],[],[],[],[],[],[],[],[],[],[],[],[],["Explosive Potion"],[],[],[],[],[],[],[],[],[],[],[],[],[],[],[],["BlessingOfTheForge"],["EssenceOfSteel"],[],[],[],["SkillPotion"],["AttackPotion"],["Explosive Potion"],[],[],[],[],[],[],[],[],[],[],[],[],[],[],[],[],[],[],[],[]]}