{"neow_bonuses_skipped_log":["REMOVE_CARD","TEN_PERCENT_HP_BONUS","BOSS_RELIC"],"potions_obtained_entropic_brew":[[],[],[],[],[],[],[],[],[],[],[],[],[],[],[],[],[],[],[],[],[],[],[],[],[],[],[],[],[],[],[],[],[],[],[],[],[],[],[],[],[],[],[],["DuplicationPotion"],[],[],[],[],[],[],[],[],[],[],[],[],[]],"neow_costs_skipped_log":["NONE","NONE","NONE"],"gold_per_floor":[118,118,118,129,0,0,25,25,25,58,58,86,104,123,123,197,197,217,234,5,17,17,17,48,48,84,96,108,170,220,247,259,355,367,406,418,443,220,249,249,274,291,373,399,432,150,185,201,201,201,201,201,201,28,56,56],"floor_reached":57,"playtime":3312,"items_purged":["Pain","Strike_R"],"score":3215,"play_id":"a430290b-067c-49f3-b08d-750114bf87fb","local_time":"20240210235057","score_breakdown":["Floors Climbed (57): 285","Enemies Slain (15): 30","Exordium Elites Killed (3): 30","City Elites Killed (2): 40","Beyond Elites Killed (2): 60","Bosses Slain (5): 750","Speedster: 25","Money Money (1032): 25","Librarian: 25","Champion (5): 125","Perfect (2): 100","Overkill: 25","Ascension (20): 1445","Heartbreaker: 250"],"is_ascension_mode":true,"potions_obtained_alchemize":[[],[],[],[],[],[],[],[],[],[],[],[],[],[],[],[],[],[],[],[],[],[],[],[],[],[],[],[],[],[],[],[],[],[],[],[],[],[],[],[],[],[],[],[],[],[],[],[],[],[],[],[],[],[],[],[],[]],"campfire_choices":[{"floor":6,"key":"REST"},{"floor":8,"key":"REST"},{"floor":11,"key":"DIG"},{"floor":15,"key":"DIG"},{"data":"Apotheosis","floor":23,"key":"SMITH"},{"floor":25,"key":"DIG"},{"floor":28,"key":"DIG"},{"floor":32,"key":"DIG"},{"floor":40,"key":"RECALL"},{"floor":49,"key":"DIG"},{"floor":53,"key":"DIG"}],"lesson_learned_per_floor":[[],[],[],[],[],[],[],[],[],[],[],[],[],[],[],[],[],[],[],[],[],[],[],[],[],[],[],[],[],[],[],[],[],[],[],[],[],[],[],[],[],[],[],[],[],[],[],[],[],[],[],[],[],[],[],[],[]],"neow_cost":"CURSE","improvable_cards":{},"seed_source_timestamp":9351087107702,"shop_contents":[{"floor":5,"relics":["CaptainsWheel","Oddly Smooth Stone","OrangePellets"],"cards":["Sword Boomerang","Pommel Strike","True Grit","Bloodletting","Demon Form","Good Instincts","Thinking Ahead"],"potions":["Dexterity Potion","DistilledChaos"]},{"floor":20,"relics":["Regal Pillow","Magic Flower","Chemical X"],"cards":["Cleave","Sword Boomerang","True Grit","Combust","Madness"],"potions":["BloodPotion","BloodPotion","SteroidPotion"]},{"floor":38,"relics":["Akabeko","Letter Opener","Toolbox"],"cards":["Pommel Strike","Heavy Blade","Havoc","Metallicize","Forethought","Secret Weapon"],"potions":["PowerPotion","Energy Potion"]},{"floor":46,"relics":["Strawberry","Ancient Tea Set"],"cards":["Reckless Charge","Whirlwind","Bloodletting","Madness","Metamorphosis"],"potions":["LiquidMemories","Energy Potion","SkillPotion"]},{"floor":54,"relics":["StoneCalendar","Du-Vu Doll"],"cards":["Pommel Strike","Sever Soul","Havoc","Armaments","Combust","Swift Strike","Secret Weapon"],"potions":["AttackPotion","SkillPotion","DistilledChaos"]}],"circlet_count":0,"master_deck":["AscendersBane","Strike_R","Strike_R","Strike_R","Defend_R+1","Defend_R+1","Defend_R+1","Defend_R+1","Bash","Shame","Headbutt","Second Wind","Disarm","Rampage","Barricade","Inflame","Entrench","Offering","Entrench","Apotheosis+1","Seeing Red","Power Through","Body Slam","Injury","Dark Embrace","Impervious","Shrug It Off","Shrug It Off","Disarm","Reaper","Writhe","Burning Pact","Feel No Pain","Power Through","Shockwave+1"],"potion_use_per_floor":[[],[],[],[],[],[],[],[],[],[],[],[],[],[],[],[],[],[],["Block Potion"],[],["Fire Potion"],[],[],[],[],[],[],[],[],["SneckoOil"],[],[],[],[],[],[],[],[],[],[],[],[],[],["EntropicBrew"],[],[],[],[],[],[],[],[],[],[],[],["LiquidMemories","DuplicationPotion"],[]],"relics":["Burning Blood","FossilizedHelix","WarpedTongs","Question Card","Blue Candle","Shovel","Mummified Hand","Unceasing Top","Singing Bowl","Cursed Key","Pen Nib","MawBank","Bag of Preparation","Happy Flower","CeramicFish","War Paint","Coffee Dripper","Torii","Medical Kit","StrikeDummy","Turnip","Bottled Tornado","ClockworkSouvenir","Pantograph"],"potions_floor_usage":[19,21,30,44,56,56],"damage_taken":[{"damage":20,"enemies":"Jaw Worm","floor":1,"turns":6},{"damage":1,"enemies":"Cultist","floor":4,"turns":3},{"damage":31,"enemies":"Lagavulin","floor":7,"turns":10},{"damage":18,"enemies":"Gremlin Nob","floor":10,"turns":4},{"damage":19,"enemies":"Lagavulin","floor":12,"turns":7},{"damage":0,"enemies":"2 Louse","floor":13,"turns":4},{"damage":0,"enemies":"2 Fungi Beasts","floor":14,"turns":3},{"damage":36,"enemies":"Hexaghost","floor":16,"turns":13},{"damage":22,"enemies":"Spheric Guardian","floor":18,"turns":4},{"damage":0,"enemies":"Chosen","floor":19,"turns":7},{"damage":1,"enemies":"Centurion and Healer","floor":21,"turns":6},{"damage":1,"enemies":"Book of Stabbing","floor":24,"turns":8},{"damage":7,"enemies":"Gremlin Leader","floor":30,"turns":5},{"damage":0,"enemies":"Snake Plant","floor":31,"turns":6},{"damage":7,"enemies":"Champ","floor":33,"turns":11},{"damage":1,"enemies":"Orb Walker","floor":35,"turns":3},{"damage":7,"enemies":"3 Shapes","floor":37,"turns":7},{"damage":2,"enemies":"3 Darklings","floor":39,"turns":9},{"damage":14,"enemies":"4 Shapes","floor":41,"turns":9},{"damage":21,"enemies":"Jaw Worm Horde","floor":42,"turns":6},{"damage":0,"enemies":"Sphere and 2 Shapes","floor":44,"turns":11},{"damage":4,"enemies":"Giant Head","floor":45,"turns":7},{"damage":3,"enemies":"Reptomancer","floor":47,"turns":9},{"damage":1,"enemies":"Writhing Mass","floor":48,"turns":6},{"damage":35,"enemies":"Awakened One","floor":50,"turns":9},{"damage":12,"enemies":"Time Eater","floor":51,"turns":24},{"damage":7,"enemies":"Shield and Spear","floor":55,"turns":6},{"damage":1,"enemies":"The Heart","floor":56,"turns":11}],"green_key_taken_log":7,"seed_played":"-4849086844513938029","neow_bonus_log":{"cardsObtained":["Shame"],"cardsUpgraded":[],"cardsRemoved":[],"cardsTransformed":[],"relicsObtained":["FossilizedHelix"],"maxHpGained":0,"goldGained":0,"damageTaken":0,"goldLost":0,"maxHpLost":0},"potions_obtained":[{"floor":7,"key":"Fire Potion"},{"floor":18,"key":"Block Potion"},{"floor":24,"key":"SneckoOil"},{"floor":31,"key":"SpeedPotion"},{"floor":33,"key":"SteroidPotion"},{"floor":41,"key":"EntropicBrew"}],"is_trial":false,"path_per_floor":["M","?","?","M","$","R","E","R","T","E","R","E","M","M","R","B",null,"M","M","$","M","?","R","E","R","T","?","R","?","E","M","R","B",null,"M","?","M","$","M","R","M","M","T","M","E","$","E","M","R","B","B",null,"R","$","E","B",null],"character_chosen":"IRONCLAD","basemod:card_modifiers":[null,null,null,null,null,null,null,null,null,null,null,null,null,null,null,null,null,null,null,null,null,null,null,null,null,null,null,null,null,null,null,null,null,null,null],"items_purchased":["Fire Potion","Apotheosis","Seeing Red","Shrug It Off","LiquidMemories","Feel No Pain","Medical Kit","Power Through","ClockworkSouvenir"],"campfire_rested":2,"item_purchase_floors":[5,20,20,38,38,46,46,46,54],"current_hp_per_floor":[54,31,31,36,36,58,33,55,55,43,43,30,36,42,42,12,59,43,51,51,58,58,58,63,63,63,63,63,63,62,70,70,69,78,81,81,82,82,83,83,75,70,70,85,87,87,87,89,89,89,89,89,89,89,91,91],"gold":56,"neow_bonus":"ONE_RARE_RELIC","is_prod":false,"is_daily":false,"rewards_skipped":[{"floor":14,"relics":[],"potions":["Weak Potion"]},{"floor":16,"relics":[],"potions":["SteroidPotion"]},{"floor":42,"relics":[],"potions":["Fire Potion"]},{"floor":44,"relics":[],"potions":["EntropicBrew"]},{"floor":47,"relics":[],"potions":["ColorlessPotion"]},{"floor":48,"relics":[],"potions":["Fire Potion"]}],"chose_seed":false,"campfire_upgraded":1,"win_rate":0,"floor_exit_playtime":[95,104,109,130,142,145,240,250,263,306,311,373,416,446,460,599,619,674,738,747,811,819,831,988,992,1001,1016,1019,1032,1130,1188,1192,1311,1450,1506,1513,1593,1628,1755,1760,1886,1981,2003,2138,2253,2266,2421,2514,2527,2669,2969,2983,3006,3017,3158,3312],"timestamp":1707627057,"blue_key_relic_skipped_log":{"floor":43,"relicID":"Bottled Flame"},"path_taken":["M","?","?","M","$","R","E","R","T","E","R","E","M","M","R","BOSS","M","?","$","M","?","R","E","R","T","?","R","?","E","M","R","BOSS","M","?","M","?","M","R","M","M","T","M","E","$","E","M","R","BOSS","BOSS","R","$","E","BOSS"],"build_version":"2022-12-18","purchased_purges":2,"victory":true,"max_hp_per_floor":[75,75,75,75,75,75,75,75,75,75,75,75,75,75,75,75,75,75,77,77,79,79,79,79,79,79,79,79,79,79,81,81,81,81,81,81,83,83,83,83,83,85,85,85,87,87,87,89,89,89,89,89,89,89,91,91],"relic_stats":{"Singing Bowl":16,"Happy Flower":[46],"Torii":7,"counters":[28,214],"Blue Candle":[29],"CeramicFish":99,"Pen Nib":[17],"Bag of Preparation":[32],"War Paint":["Defend_R","Defend_R"],"Bottled Tornado":"Barricade","Question Card":22,"Cursed Key":2,"MawBank":156,"Medical Kit":[53],"Burning Blood":126,"WarpedTongs":[100],"Shovel":7,"Mummified Hand":[73],"Pantograph":0,"Turnip":[9],"obtain_stats":[{"Singing Bowl":15,"Happy Flower":28,"Torii":45,"Blue Candle":9,"CeramicFish":30,"Pen Nib":24,"Bag of Preparation":26,"War Paint":32,"Bottled Tornado":53,"Question Card":7,"Cursed Key":17,"MawBank":25,"Medical Kit":46,"Burning Blood":0,"WarpedTongs":3,"ClockworkSouvenir":54,"Shovel":10,"Mummified Hand":11,"Pantograph":55,"Turnip":49,"Coffee Dripper":34,"StrikeDummy":47,"FossilizedHelix":0,"Unceasing Top":12},{"Singing Bowl":7,"Happy Flower":12,"Torii":22,"Blue Candle":3,"CeramicFish":13,"Pen Nib":12,"Bag of Preparation":12,"War Paint":14,"Bottled Tornado":26,"Question Card":3,"Cursed Key":8,"MawBank":12,"Medical Kit":22,"Burning Blood":0,"WarpedTongs":1,"ClockworkSouvenir":26,"Shovel":4,"Mummified Hand":4,"Pantograph":27,"Turnip":24,"Coffee Dripper":15,"StrikeDummy":23,"FossilizedHelix":0,"Unceasing Top":5},{"Singing Bowl":37,"Happy Flower":75,"Torii":149,"Blue Candle":19,"CeramicFish":80,"Pen Nib":75,"Bag of Preparation":75,"War Paint":86,"Bottled Tornado":197,"Question Card":19,"Cursed Key":50,"MawBank":75,"Medical Kit":149,"Burning Blood":0,"WarpedTongs":6,"ClockworkSouvenir":197,"Shovel":23,"Mummified Hand":23,"Pantograph":203,"Turnip":164,"Coffee Dripper":97,"StrikeDummy":158,"FossilizedHelix":0,"Unceasing Top":30}],"FossilizedHelix":[201],"Unceasing Top":[34]},"card_choices":[{"not_picked":["True Grit","Armaments"],"picked":"Headbutt","floor":1},{"not_picked":["Havoc","Sever Soul"],"picked":"Second Wind","floor":4},{"not_picked":["Headbutt","Metallicize"],"picked":"Disarm","floor":7},{"not_picked":["True Grit","Seeing Red","Thunderclap"],"picked":"Rampage","floor":10},{"not_picked":["Battle Trance","Dropkick","Rage"],"picked":"Barricade","floor":12},{"not_picked":["Sever Soul","Fire Breathing","Havoc"],"picked":"Inflame","floor":13},{"not_picked":["Heavy Blade","True Grit","Perfected Strike"],"picked":"Entrench","floor":14},{"not_picked":["Juggernaut","Impervious","Corruption"],"picked":"Offering","floor":16},{"not_picked":["Havoc","Second Wind","Rampage+1"],"picked":"Entrench","floor":18},{"not_picked":["Clothesline","Wild Strike","Anger","Rampage"],"picked":"Singing Bowl","floor":19},{"not_picked":["True Grit","Heavy Blade","Ghostly Armor","Brutality"],"picked":"Singing Bowl","floor":21},{"not_picked":["Battle Trance","Flex","Thunderclap","Perfected Strike","Intimidate","Pummel","Twin Strike","Body Slam","Infernal Blade","Seeing Red","Cleave","Whirlwind","Disarm","Havoc","Pommel Strike","Dark Embrace","Sword Boomerang","True Grit","Heavy Blade"],"picked":"Power Through","floor":22},{"not_picked":["Clothesline","True Grit","Iron Wave"],"picked":"Body Slam","floor":24},{"not_picked":["Fire Breathing","Pummel","Second Wind"],"picked":"Dark Embrace","floor":30},{"not_picked":["Wild Strike","Anger","Headbutt+1","Sword Boomerang"],"picked":"Singing Bowl","floor":31},{"not_picked":["Limit Break","Brutality","Offering"],"picked":"Impervious","floor":33},{"not_picked":["Wild Strike+1","Havoc","Clash+1"],"picked":"Shrug It Off","floor":35},{"not_picked":["Dropkick","Intimidate","Armaments","Sword Boomerang"],"picked":"Singing Bowl","floor":37},{"not_picked":["True Grit+1","Combust+1","Thunderclap"],"picked":"Disarm","floor":39},{"not_picked":["Bloodletting","Combust","Thunderclap+1"],"picked":"Reaper","floor":41},{"not_picked":["Havoc","Armaments+1","Thunderclap","Sentinel+1"],"picked":"Singing Bowl","floor":42},{"not_picked":["Warcry","Ghostly Armor","Shrug It Off"],"picked":"Burning Pact","floor":44},{"not_picked":["Twin Strike+1","Dark Embrace","Bludgeon","Sever Soul"],"picked":"Singing Bowl","floor":45},{"not_picked":["Sever Soul","Armaments","Whirlwind+1"],"picked":"Shockwave+1","floor":47},{"not_picked":["Metallicize+1","Entrench","Cleave","Body Slam"],"picked":"Singing Bowl","floor":48},{"not_picked":["Clothesline+1","Bloodletting+1","Ghostly Armor","Dual Wield+1"],"picked":"Singing Bowl","floor":55}],"player_experience":5990574,"relics_obtained":[{"floor":7,"key":"Question Card"},{"floor":9,"key":"Blue Candle"},{"floor":10,"key":"Shovel"},{"floor":11,"key":"Mummified Hand"},{"floor":12,"key":"Unceasing Top"},{"floor":15,"key":"Singing Bowl"},{"floor":24,"key":"Pen Nib"},{"floor":25,"key":"MawBank"},{"floor":26,"key":"Bag of Preparation"},{"floor":28,"key":"Happy Flower"},{"floor":30,"key":"CeramicFish"},{"floor":32,"key":"War Paint"},{"floor":45,"key":"Torii"},{"floor":47,"key":"StrikeDummy"},{"floor":49,"key":"Turnip"},{"floor":53,"key":"Bottled Tornado"},{"floor":55,"key":"Pantograph"}],"event_choices":[{"damage_healed":0,"gold_gain":0,"player_choice":"Entered Light","damage_taken":23,"max_hp_gain":0,"max_hp_loss":0,"event_name":"Shining Light","floor":2,"gold_loss":0,"cards_upgraded":["Defend_R","Defend_R"]},{"damage_healed":0,"gold_gain":0,"player_choice":"Rummage","damage_taken":0,"relics_obtained":["WarpedTongs"],"max_hp_gain":0,"max_hp_loss":0,"event_name":"Accursed Blacksmith","floor":3,"gold_loss":0,"cards_obtained":["Pain"]},{"damage_healed":0,"gold_gain":0,"player_choice":"Read","damage_taken":0,"max_hp_gain":0,"max_hp_loss":0,"event_name":"The Library","floor":22,"gold_loss":0,"cards_obtained":["Power Through"]},{"damage_healed":0,"gold_gain":0,"player_choice":"Ignored","damage_taken":0,"max_hp_gain":0,"max_hp_loss":0,"event_name":"Ghosts","floor":27,"gold_loss":0},{"damage_healed":0,"gold_gain":50,"player_choice":"Stole From Cult","damage_taken":0,"max_hp_gain":0,"max_hp_loss":0,"event_name":"Nest","floor":29,"gold_loss":0},{"cards_removed":["Strike_R"],"damage_healed":0,"gold_gain":0,"player_choice":"Purged","damage_taken":0,"max_hp_gain":0,"max_hp_loss":0,"event_name":"Purifier","floor":36,"gold_loss":0}],"is_beta":false,"boss_relics":[{"not_picked":["Ectoplasm","Empty Cage"],"picked":"Cursed Key"},{"not_picked":["Busted Crown","Calling Bell"],"picked":"Coffee Dripper"}],"items_purged_floors":[5,38],"is_endless":false,"potions_floor_spawned":[7,14,16,18,24,31,33,41,42,44,47,48],"ascension_level":20,"potion_discard_per_floor":[[],[],[],[],[],[],[],[],[],[],[],[],[],[],[],[],[],["Fire Potion"],[],[],[],[],[],[],[],[],[],[],[],[],[],[],[],[],[],[],[],["SteroidPotion"],[],[],["SpeedPotion"],[],[],[],[],[],[],[],[],[],[],[],[],[],[],[],[]]}