{"neow_bonuses_skipped_log":["TEN_PERCENT_HP_BONUS","REMOVE_TWO","BOSS_RELIC"],"potions_obtained_entropic_brew":[[],[],[],[],[],[],[],[],[],[],[],[],[],[],[],[],[],[],[],[],[],[],[],[],[],[],[],[],[],[],[],[],[],[],[],[],[],[],[],[],[],[],[],[],[],[],[],[],[],[],[],[],[],[],[],[],[]],"neow_costs_skipped_log":["NONE","PERCENT_DAMAGE","NONE"],"gold_per_floor":[113,131,149,167,65,65,93,112,186,186,216,216,247,275,275,350,350,370,389,206,222,56,83,94,111,111,111,141,175,201,1,1,80,80,97,108,122,140,156,156,185,185,231,231,256,48,48,76,76,76,76,76,76,76,111,111],"floor_reached":57,"playtime":4227,"items_purged":["Strike_R"],"score":3035,"play_id":"8a125931-d85c-4678-bf26-ec0a2ba8094b","local_time":"20240214191526","score_breakdown":["Floors Climbed (57): 285","Enemies Slain (15): 30","Exordium Elites Killed (4): 40","City Elites Killed (3): 60","Beyond Elites Killed (3): 90","Bosses Slain (5): 750","Librarian: 25","Champion (3): 75","Perfect (1): 50","Ascension (20): 1380","Heartbreaker: 250"],"is_ascension_mode":true,"potions_obtained_alchemize":[[],[],[],[],[],[],[],[],[],[],[],[],[],[],[],[],[],[],[],[],[],[],[],[],[],[],[],[],[],[],[],[],[],[],[],[],[],[],[],[],[],[],[],[],[],[],[],[],[],[],[],[],[],[],[],[],[]],"campfire_choices":[{"data":"Perfected Strike","floor":6,"key":"SMITH"},{"data":"Pommel Strike","floor":10,"key":"SMITH"},{"data":"Infernal Blade","floor":15,"key":"SMITH"},{"data":"Blood for Blood","floor":27,"key":"SMITH"},{"data":"Barricade","floor":32,"key":"SMITH"},{"data":"True Grit","floor":40,"key":"SMITH"},{"floor":42,"key":"RECALL"},{"data":"Exhume","floor":44,"key":"SMITH"},{"data":"Rage","floor":47,"key":"SMITH"},{"data":"Bloodletting","floor":49,"key":"SMITH"},{"data":"Dual Wield","floor":53,"key":"SMITH"}],"lesson_learned_per_floor":[[],[],[],[],[],[],[],[],[],[],[],[],[],[],[],[],[],[],[],[],[],[],[],[],[],[],[],[],[],[],[],[],[],[],[],[],[],[],[],[],[],[],[],[],[],[],[],[],[],[],[],[],[],[],[],[],[]],"neow_cost":"NONE","improvable_cards":{},"seed_source_timestamp":7772688455239,"shop_contents":[{"floor":5,"relics":["Boot","Paper Frog","ClockworkSouvenir"],"cards":["Sever Soul","Headbutt","True Grit","Spot Weakness","Dark Embrace","Secret Technique"],"potions":["ElixirPotion","EntropicBrew","SkillPotion"]},{"floor":20,"relics":["Peace Pipe","War Paint","Cauldron"],"cards":["Carnage","Body Slam","True Grit","Flex","Dark Embrace","Violence"],"potions":["SmokeBomb","SkillPotion","Regen Potion"]},{"floor":22,"relics":["Molten Egg 2","Blood Vial"],"cards":["Pummel","Searing Blow","Armaments","Rage","Brutality","Jack Of All Trades","Secret Weapon"],"potions":["HeartOfIron","DuplicationPotion","DistilledChaos"]},{"floor":31,"relics":["Potion Belt","Bottled Flame","Brimstone"],"cards":["Clothesline","Cleave","True Grit","Inflame","Mayhem"],"potions":["BloodPotion","Regen Potion"]},{"floor":46,"relics":["InkBottle","Whetstone","TheAbacus"],"cards":["Immolate","Sever Soul","Enlightenment","Master of Strategy"],"potions":["PowerPotion","FearPotion","SpeedPotion"]},{"floor":54,"relics":["Self Forming Clay","Akabeko","OrangePellets"],"cards":["Clash","Pummel","Havoc","Battle Trance","Inflame","Forethought","Secret Weapon"],"potions":["SteroidPotion","Explosive Potion","Explosive Potion"]}],"circlet_count":0,"master_deck":["AscendersBane","Strike_R","Strike_R","Strike_R","Strike_R","Defend_R","Defend_R","Defend_R","Defend_R","Bash+1","Perfected Strike+1","Pommel Strike+1","Dark Shackles","Exhume+1","Disarm","Shrug It Off","Infernal Blade+1","Offering","Burning Pact","Blood for Blood+1","Dark Shackles","Shockwave+1","Offering","Barricade+1","Power Through","Spot Weakness","Shrug It Off","Dark Shackles","Shrug It Off","Reaper","Metallicize+1","Power Through+1","Pommel Strike+1","True Grit+1","Disarm+1","Dual Wield+1","Evolve","Bloodletting+1","Rage+1","Limit Break","Body Slam"],"potion_use_per_floor":[[],[],[],[],[],[],[],[],[],[],[],[],["Block Potion"],["SpeedPotion"],[],[],[],[],[],[],["BloodPotion"],[],["AttackPotion"],[],[],[],[],[],[],["AttackPotion"],["Fruit Juice"],[],[],[],[],[],[],[],[],[],[],[],[],[],[],[],[],[],[],[],[],[],[],[],[],["Energy Potion","BlessingOfTheForge"],[]],"relics":["Burning Blood","MealTicket","Ornamental Fan","Nunchaku","Regal Pillow","WingedGreaves","StoneCalendar","Runic Cube","DollysMirror","Red Skull","Pear","Omamori","Red Mask","Bottled Tornado","SlaversCollar","Letter Opener","Centennial Puzzle","White Beast Statue","Eternal Feather"],"potions_floor_usage":[13,14,21,23,30,31,56,56],"damage_taken":[{"damage":4,"enemies":"Small Slimes","floor":1,"turns":4},{"damage":1,"enemies":"Cultist","floor":2,"turns":3},{"damage":2,"enemies":"2 Louse","floor":3,"turns":3},{"damage":11,"enemies":"Blue Slaver","floor":4,"turns":4},{"damage":6,"enemies":"Gremlin Nob","floor":7,"turns":3},{"damage":7,"enemies":"Large Slime","floor":8,"turns":4},{"damage":25,"enemies":"3 Sentries","floor":11,"turns":8},{"damage":14,"enemies":"Gremlin Nob","floor":13,"turns":4},{"damage":18,"enemies":"Lagavulin","floor":14,"turns":6},{"damage":18,"enemies":"Slime Boss","floor":16,"turns":7},{"damage":8,"enemies":"2 Thieves","floor":18,"turns":4},{"damage":27,"enemies":"3 Byrds","floor":19,"turns":7},{"damage":6,"enemies":"Snecko","floor":21,"turns":4},{"damage":13,"enemies":"Slavers","floor":23,"turns":3},{"damage":6,"enemies":"3 Cultists","floor":24,"turns":4},{"damage":16,"enemies":"Centurion and Healer","floor":25,"turns":7},{"damage":16,"enemies":"Book of Stabbing","floor":28,"turns":5},{"damage":25,"enemies":"Masked Bandits","floor":29,"turns":5},{"damage":10,"enemies":"Slavers","floor":30,"turns":5},{"damage":28,"enemies":"Collector","floor":33,"turns":7},{"damage":44,"enemies":"3 Darklings","floor":35,"turns":7},{"damage":30,"enemies":"3 Shapes","floor":36,"turns":7},{"damage":24,"enemies":"3 Darklings","floor":37,"turns":7},{"damage":14,"enemies":"Writhing Mass","floor":38,"turns":10},{"damage":44,"enemies":"Transient","floor":39,"turns":6},{"damage":18,"enemies":"Giant Head","floor":41,"turns":8},{"damage":18,"enemies":"Nemesis","floor":45,"turns":7},{"damage":18,"enemies":"Reptomancer","floor":48,"turns":7},{"damage":24,"enemies":"Time Eater","floor":50,"turns":23},{"damage":48,"enemies":"Donu and Deca","floor":51,"turns":22},{"damage":45,"enemies":"Shield and Spear","floor":55,"turns":15},{"damage":70,"enemies":"The Heart","floor":56,"turns":11}],"green_key_taken_log":28,"seed_played":"-3281752226334802664","neow_bonus_log":{"cardsObtained":[],"cardsUpgraded":["Bash"],"cardsRemoved":[],"cardsTransformed":[],"relicsObtained":[],"maxHpGained":0,"goldGained":0,"damageTaken":0,"goldLost":0,"maxHpLost":0},"potions_obtained":[{"floor":1,"key":"Block Potion"},{"floor":2,"key":"BloodPotion"},{"floor":13,"key":"SpeedPotion"},{"floor":14,"key":"AttackPotion"},{"floor":21,"key":"AttackPotion"},{"floor":23,"key":"Energy Potion"},{"floor":30,"key":"Fruit Juice"},{"floor":48,"key":"BlessingOfTheForge"}],"is_trial":false,"path_per_floor":["M","M","M","M","$","R","E","M","T","R","E","?","E","E","R","B",null,"M","M","$","M","$","E","M","M","T","R","E","?","E","$","R","B",null,"M","M","M","M","M","R","E","R","T","R","E","$","R","E","R","B","B",null,"R","$","E","B",null],"character_chosen":"IRONCLAD","basemod:card_modifiers":[null,null,null,null,null,null,null,null,null,null,null,null,null,null,null,null,null,null,null,null,null,null,null,null,null,null,null,null,null,null,null,null,null,null,null,null,null,null,null,null,null],"items_purchased":["Dark Shackles","Dark Shackles","DollysMirror","Explosive Potion","Dark Shackles","Shrug It Off","Evolve","Bloodletting","Rage"],"campfire_rested":0,"item_purchase_floors":[5,20,22,31,31,31,46,46,46],"current_hp_per_floor":[70,75,75,70,70,70,70,69,69,69,50,50,42,30,30,18,61,59,38,53,68,75,68,68,58,68,68,58,39,35,55,55,33,76,63,81,90,90,62,62,73,73,73,73,61,76,76,88,88,85,90,90,90,90,90,50],"gold":111,"neow_bonus":"UPGRADE_CARD","is_prod":false,"is_daily":false,"rewards_skipped":[{"floor":33,"relics":[],"potions":["Strength Potion"]},{"floor":35,"relics":[],"potions":["LiquidBronze"]},{"floor":38,"relics":[],"potions":["FearPotion"]},{"floor":41,"relics":[],"potions":["FearPotion"]},{"floor":55,"relics":[],"potions":["SpeedPotion"]}],"chose_seed":false,"campfire_upgraded":10,"win_rate":0,"floor_exit_playtime":[62,82,102,127,164,170,198,239,241,251,331,367,407,496,501,581,616,675,818,850,912,953,1009,1064,1150,1155,1165,1260,1328,1569,1643,1650,1786,1819,1987,2100,2215,2360,2498,2506,2642,2646,2651,2666,2778,2790,2799,2933,2947,3244,3578,3588,3614,3637,3919,4227],"timestamp":1707956126,"blue_key_relic_skipped_log":{"floor":43,"relicID":"Anchor"},"path_taken":["M","M","M","M","$","R","E","M","T","R","E","?","E","E","R","BOSS","M","M","$","M","?","E","M","M","T","R","E","?","E","$","R","BOSS","M","M","M","?","M","R","E","R","T","R","E","$","R","E","R","BOSS","BOSS","R","$","E","BOSS"],"build_version":"2022-12-18","purchased_purges":1,"victory":true,"max_hp_per_floor":[75,75,75,75,75,75,75,75,75,75,75,75,75,75,75,75,75,75,75,75,75,75,75,75,75,85,85,85,85,85,90,90,90,90,90,90,90,90,90,90,90,90,90,90,90,90,90,90,90,90,90,90,90,90,90,90],"relic_stats":{"Regal Pillow":0,"counters":[32,227],"StoneCalendar":[711],"Eternal Feather":0,"Omamori":1,"Letter Opener":[343],"Bottled Tornado":"Barricade","Burning Blood":175,"White Beast Statue":[0.0,0.0,0.0,0.4,0.0,0.6000000000000001,0.0,0.0,0.0,0.0,0.0,0.4],"Nunchaku":[29],"Centennial Puzzle":[15],"Ornamental Fan":[168],"MealTicket":52,"WingedGreaves":3,"obtain_stats":[{"Regal Pillow":12,"Pear":26,"StoneCalendar":14,"Eternal Feather":55,"Omamori":28,"Letter Opener":41,"Bottled Tornado":30,"Burning Blood":0,"White Beast Statue":48,"SlaversCollar":34,"Nunchaku":11,"Centennial Puzzle":45,"Ornamental Fan":9,"DollysMirror":22,"MealTicket":7,"WingedGreaves":13,"Red Mask":29,"Red Skull":23,"Runic Cube":17},{"Regal Pillow":7,"Pear":16,"StoneCalendar":9,"Eternal Feather":31,"Omamori":17,"Letter Opener":26,"Bottled Tornado":19,"Burning Blood":0,"White Beast Statue":28,"SlaversCollar":20,"Nunchaku":7,"Centennial Puzzle":27,"Ornamental Fan":6,"DollysMirror":13,"MealTicket":5,"WingedGreaves":8,"Red Mask":18,"Red Skull":14,"Runic Cube":10},{"Regal Pillow":29,"Pear":75,"StoneCalendar":39,"Eternal Feather":216,"Omamori":80,"Letter Opener":142,"Bottled Tornado":90,"Burning Blood":0,"White Beast Statue":156,"SlaversCollar":97,"Nunchaku":29,"Centennial Puzzle":149,"Ornamental Fan":21,"DollysMirror":61,"MealTicket":17,"WingedGreaves":33,"Red Mask":85,"Red Skull":64,"Runic Cube":46}],"Runic Cube":[97]},"card_choices":[{"not_picked":["Fire Breathing","Flex"],"picked":"Perfected Strike","floor":1},{"not_picked":["Rampage","Entrench","Sword Boomerang"],"picked":"SKIP","floor":2},{"not_picked":["Flex","Body Slam"],"picked":"Infernal Blade","floor":3},{"not_picked":["Twin Strike","Sever Soul"],"picked":"Pommel Strike","floor":4},{"not_picked":["Cleave","Pommel Strike"],"picked":"Exhume","floor":8},{"not_picked":["Shrug It Off","Metallicize"],"picked":"Disarm","floor":11},{"not_picked":["Iron Wave","Intimidate"],"picked":"Shrug It Off","floor":13},{"not_picked":["Sword Boomerang","Clothesline"],"picked":"Infernal Blade","floor":14},{"not_picked":["Berserk","Brutality"],"picked":"Offering","floor":16},{"not_picked":["Shrug It Off","Flex"],"picked":"Burning Pact","floor":18},{"not_picked":["Iron Wave","Cleave"],"picked":"Blood for Blood","floor":19},{"not_picked":["Uppercut","Clothesline"],"picked":"Shockwave+1","floor":21},{"not_picked":["Fire Breathing","Flex"],"picked":"Barricade","floor":23},{"not_picked":["Clash","Cleave"],"picked":"Power Through","floor":24},{"not_picked":["Havoc","Heavy Blade"],"picked":"Spot Weakness","floor":25},{"not_picked":["Blood for Blood","Heavy Blade","Clash"],"picked":"SKIP","floor":28},{"not_picked":["Demon Form","Twin Strike"],"picked":"Shrug It Off","floor":29},{"not_picked":["Armaments","Rampage","Rupture"],"picked":"SKIP","floor":30},{"not_picked":["Demon Form","Immolate"],"picked":"Reaper","floor":33},{"not_picked":["Spot Weakness","Clothesline+1","Body Slam"],"picked":"SKIP","floor":35},{"not_picked":["Anger","Rupture"],"picked":"Metallicize+1","floor":36},{"not_picked":["Rage","Ghostly Armor"],"picked":"Power Through+1","floor":37},{"not_picked":["Rage","Wild Strike+1"],"picked":"Pommel Strike+1","floor":38},{"not_picked":["Thunderclap","Havoc"],"picked":"True Grit","floor":39},{"not_picked":["Heavy Blade","Cleave"],"picked":"Disarm+1","floor":41},{"not_picked":["Sword Boomerang","Cleave+1"],"picked":"Dual Wield","floor":45},{"not_picked":["Metallicize","Anger"],"picked":"Limit Break","floor":48},{"not_picked":["Battle Trance","True Grit"],"picked":"Body Slam","floor":55}],"player_experience":6077792,"relics_obtained":[{"floor":7,"key":"MealTicket"},{"floor":9,"key":"Ornamental Fan"},{"floor":11,"key":"Nunchaku"},{"floor":13,"key":"WingedGreaves"},{"floor":14,"key":"StoneCalendar"},{"floor":23,"key":"Red Skull"},{"floor":26,"key":"Pear"},{"floor":28,"key":"Omamori"},{"floor":29,"key":"Red Mask"},{"floor":30,"key":"Bottled Tornado"},{"floor":41,"key":"Letter Opener"},{"floor":45,"key":"Centennial Puzzle"},{"floor":48,"key":"White Beast Statue"},{"floor":55,"key":"Eternal Feather"}],"event_choices":[{"cards_removed":["Infernal Blade"],"damage_healed":0,"gold_gain":0,"player_choice":"Gave Card","damage_taken":0,"relics_obtained":["Regal Pillow"],"max_hp_gain":0,"max_hp_loss":0,"event_name":"WeMeetAgain","floor":12,"gold_loss":0},{"damage_healed":0,"gold_gain":0,"player_choice":"Fought Bandits","damage_taken":0,"max_hp_gain":0,"max_hp_loss":0,"event_name":"Masked Bandits","floor":29,"gold_loss":0}],"is_beta":false,"boss_relics":[{"not_picked":["Tiny House","Black Blood"],"picked":"Runic Cube"},{"not_picked":["Pandora\u0027s Box","Calling Bell"],"picked":"SlaversCollar"}],"items_purged_floors":[20],"is_endless":false,"potions_floor_spawned":[1,2,13,14,21,23,30,33,35,38,41,48,55],"ascension_level":20,"potion_discard_per_floor":[[],[],[],[],[],[],[],[],[],[],[],[],[],[],[],[],[],[],[],[],[],[],[],[],[],[],[],[],[],[],[],[],[],[],[],[],[],[],[],[],[],[],[],[],[],[],[],["Explosive Potion"],[],[],[],[],[],[],[],[],[]]}