{"neow_bonuses_skipped_log":["UPGRADE_CARD","HUNDRED_GOLD","BOSS_RELIC"],"potions_obtained_entropic_brew":[[],[],[],[],[],[],[],[],[],[],[],["EntropicBrew","Dexterity Potion","BlessingOfTheForge","GamblersBrew"],[],[],[],[],[],[],[],[],[],[],[],[],[],[],[],[],[],[],[],[],[],[],[],[],[],[],[],[],[],[],[],[],[],[],[],[],[],[],[],[],[],[],[],[]],"neow_costs_skipped_log":["NONE","NONE","NONE"],"gold_per_floor":[114,134,146,161,175,175,201,214,214,240,240,274,274,274,274,351,351,370,423,439,36,53,53,85,85,85,85,110,130,161,211,211,285,285,295,342,355,371,26,26,58,58,58,84,84,115,125,125,125,125,125,125,125,39,73,73],"floor_reached":56,"playtime":3988,"items_purged":["Strike_R"],"score":2030,"play_id":"a83059aa-6806-4063-a67e-f63e53243290","local_time":"20240211230910","score_breakdown":["Floors Climbed (56): 280","Enemies Slain (15): 30","Exordium Elites Killed (3): 30","City Elites Killed (3): 60","Beyond Elites Killed (3): 90","Bosses Slain (4): 500","Librarian: 25","Well Fed: 25","Ascension (20): 990"],"is_ascension_mode":true,"potions_obtained_alchemize":[[],[],[],[],[],[],[],[],[],[],[],[],[],[],[],[],[],[],[],[],[],[],[],[],[],[],[],[],[],[],[],[],[],[],[],[],[],[],[],[],[],[],[],[],[],[],[],[],[],[],[],[],[],[],[],[]],"campfire_choices":[{"data":"Bash","floor":6,"key":"SMITH"},{"data":"Immolate","floor":15,"key":"SMITH"},{"data":"Corruption","floor":23,"key":"SMITH"},{"data":"Burning Pact","floor":25,"key":"SMITH"},{"data":"Demon Form","floor":32,"key":"SMITH"},{"data":"Burning Pact","floor":40,"key":"SMITH"},{"floor":45,"key":"RECALL"},{"data":"Feel No Pain","floor":49,"key":"SMITH"},{"data":"Dual Wield","floor":53,"key":"SMITH"}],"lesson_learned_per_floor":[[],[],[],[],[],[],[],[],[],[],[],[],[],[],[],[],[],[],[],[],[],[],[],[],[],[],[],[],[],[],[],[],[],[],[],[],[],[],[],[],[],[],[],[],[],[],[],[],[],[],[],[],[],[],[],[]],"neow_cost":"TEN_PERCENT_HP_LOSS","improvable_cards":{},"seed_source_timestamp":30244428942208,"shop_contents":[{"floor":21,"relics":["Matryoshka","Nunchaku","Chemical X"],"cards":["Perfected Strike","Thunderclap","Armaments","Infernal Blade","Metallicize","Trip","Secret Technique"],"potions":["ColorlessPotion","Explosive Potion","EntropicBrew"]},{"floor":39,"relics":["War Paint","Bird Faced Urn","Toolbox"],"cards":["Searing Blow+1","Sword Boomerang+1","Flex","Ghostly Armor","Rupture","Purity","Panache"],"potions":["Weak Potion","FearPotion","Regen Potion"]},{"floor":54,"relics":["Oddly Smooth Stone","InkBottle","HandDrill"],"cards":["Blood for Blood+1","Carnage+1","Flex","Rage","Combust","Blind","Apotheosis"],"potions":["AttackPotion","Dexterity Potion","LiquidBronze"]}],"circlet_count":0,"master_deck":["AscendersBane","Strike_R","Strike_R","Strike_R","Defend_R","Defend_R","Defend_R","Defend_R","Bash+1","Violence","Power Through","Clothesline","Headbutt","Second Wind","Anger","Blood for Blood+1","Demon Form+1","Immolate+1","Corruption+1","Armaments+1","Flash of Steel","Metallicize","Burning Pact+1","Uppercut+1","Disarm","Impervious","CurseOfTheBell","Reaper+1","Burning Pact+1","Sever Soul+1","Shrug It Off","Feel No Pain+1","Dual Wield+1","Dark Shackles","Dark Shackles","Shrug It Off"],"potion_use_per_floor":[[],[],[],[],[],[],["HeartOfIron"],[],[],["AttackPotion"],[],["EntropicBrew","Dexterity Potion","EntropicBrew","GamblersBrew"],[],[],[],[],[],["Fire Potion"],[],["Explosive Potion"],[],[],[],[],[],[],["SmokeBomb"],[],["Fruit Juice"],["BlessingOfTheForge"],[],[],[],[],[],[],[],["Fire Potion"],[],[],[],[],[],["AttackPotion"],[],[],[],[],[],["Block Potion"],[],[],[],[],["AttackPotion"],["CultistPotion","DistilledChaos"]],"relics":["Burning Blood","Tiny Chest","Singing Bowl","Pen Nib","The Courier","Coffee Dripper","Strawberry","Lantern","Happy Flower","Art of War","Bronze Scales","Molten Egg 2","Blood Vial","Calling Bell","FossilizedHelix","Juzu Bracelet","Blue Candle","PreservedInsect","Sundial","StrikeDummy","Toy Ornithopter","Anchor","Orichalcum"],"potions_floor_usage":[7,10,12,12,12,12,18,20,27,29,30,38,44,50,55,56,56],"damage_taken":[{"damage":5,"enemies":"Small Slimes","floor":1,"turns":4},{"damage":0,"enemies":"2 Louse","floor":2,"turns":5},{"damage":0,"enemies":"Cultist","floor":3,"turns":4},{"damage":20,"enemies":"Red Slaver","floor":4,"turns":6},{"damage":6,"enemies":"Exordium Wildlife","floor":5,"turns":6},{"damage":12,"enemies":"Lagavulin","floor":7,"turns":8},{"damage":7,"enemies":"Looter","floor":8,"turns":3},{"damage":27,"enemies":"3 Sentries","floor":10,"turns":7},{"damage":6,"enemies":"Gremlin Nob","floor":12,"turns":3},{"damage":19,"enemies":"Hexaghost","floor":16,"turns":7},{"damage":12,"enemies":"3 Byrds","floor":18,"turns":4},{"damage":16,"enemies":"Shell Parasite","floor":20,"turns":3},{"damage":20,"enemies":"Snecko","floor":22,"turns":5},{"damage":26,"enemies":"Gremlin Leader","floor":24,"turns":6},{"damage":0,"enemies":"Snake Plant","floor":27,"turns":2},{"damage":17,"enemies":"Book of Stabbing","floor":28,"turns":3},{"damage":8,"enemies":"Centurion and Healer","floor":29,"turns":9},{"damage":6,"enemies":"Gremlin Leader","floor":30,"turns":5},{"damage":8,"enemies":"Champ","floor":33,"turns":10},{"damage":34,"enemies":"3 Darklings","floor":35,"turns":5},{"damage":0,"enemies":"Orb Walker","floor":37,"turns":3},{"damage":8,"enemies":"Transient","floor":38,"turns":6},{"damage":56,"enemies":"Nemesis","floor":41,"turns":7},{"damage":21,"enemies":"Reptomancer","floor":44,"turns":7},{"damage":34,"enemies":"Nemesis","floor":46,"turns":7},{"damage":0,"enemies":"Writhing Mass","floor":47,"turns":9},{"damage":65,"enemies":"Time Eater","floor":50,"turns":11},{"damage":89,"enemies":"Donu and Deca","floor":51,"turns":11},{"damage":78,"enemies":"Shield and Spear","floor":55,"turns":9},{"damage":56,"enemies":"The Heart","floor":56,"turns":8}],"green_key_taken_log":44,"seed_played":"320961192040371167","neow_bonus_log":{"cardsObtained":[],"cardsUpgraded":[],"cardsRemoved":[],"cardsTransformed":[],"relicsObtained":[],"maxHpGained":0,"goldGained":0,"damageTaken":0,"goldLost":0,"maxHpLost":7},"potions_obtained":[{"floor":1,"key":"HeartOfIron"},{"floor":2,"key":"Explosive Potion"},{"floor":5,"key":"EntropicBrew"},{"floor":7,"key":"AttackPotion"},{"floor":12,"key":"Fire Potion"},{"floor":18,"key":"Explosive Potion"},{"floor":20,"key":"SmokeBomb"},{"floor":28,"key":"Fruit Juice"},{"floor":30,"key":"Fire Potion"},{"floor":35,"key":"ColorlessPotion"},{"floor":37,"key":"AttackPotion"},{"floor":44,"key":"AttackPotion"},{"floor":46,"key":"Block Potion"},{"floor":55,"key":"DistilledChaos"}],"is_trial":false,"path_per_floor":["M","M","M","M","M","R","E","M","T","E","?","E","?","?","R","B",null,"M","T","M","$","M","R","E","R","T","M","E","M","E","?","R","B",null,"M","T","M","M","$","R","E","?","T","E","R","E","M","?","R","B","B",null,"R","$","E","B"],"character_chosen":"IRONCLAD","basemod:card_modifiers":[null,null,null,null,null,null,null,null,null,null,null,null,null,null,null,null,null,null,null,null,null,null,null,null,null,null,null,null,null,null,null,null,null,null,null,null],"items_purchased":["Lantern","Happy Flower","Flash of Steel","Reaper+1","Burning Pact","PreservedInsect","CultistPotion"],"campfire_rested":0,"item_purchase_floors":[21,21,21,39,39,39,54],"current_hp_per_floor":[68,68,68,54,54,54,48,47,47,28,28,28,28,24,24,11,55,49,56,48,48,34,34,14,14,14,20,9,14,14,14,14,14,68,44,44,54,56,56,56,20,20,20,77,77,51,59,51,51,84,53,85,85,85,20,0],"gold":73,"neow_bonus":"RANDOM_COLORLESS_2","is_prod":false,"is_daily":false,"rewards_skipped":[{"floor":24,"relics":[],"potions":["CultistPotion"]}],"chose_seed":false,"campfire_upgraded":8,"win_rate":0,"floor_exit_playtime":[67,110,152,195,263,274,340,382,384,466,473,514,517,522,532,659,681,731,737,774,821,892,915,1006,1011,1014,1036,1103,1283,1378,1382,1393,1525,1555,1643,1656,1696,1819,1835,1843,1954,1960,1963,2220,2229,2357,2527,2552,2560,2767,2946,2957,2968,3074,3338],"timestamp":1707710950,"blue_key_relic_skipped_log":{"floor":36,"relicID":"Vajra"},"path_taken":["M","M","M","M","M","R","E","M","T","E","?","E","?","?","R","BOSS","M","?","M","$","M","R","E","R","T","?","E","?","E","?","R","BOSS","M","?","M","M","$","R","E","?","T","E","R","E","M","?","R","BOSS","BOSS","R","$","E","BOSS"],"build_version":"2022-12-18","purchased_purges":1,"victory":false,"max_hp_per_floor":[68,68,68,68,68,68,68,68,68,70,70,70,70,70,70,70,70,70,77,79,79,79,79,79,79,79,79,79,86,86,86,86,86,86,88,88,90,92,92,92,94,94,94,94,94,94,94,96,96,96,96,96,96,96,96,96],"relic_stats":{"Singing Bowl":16,"Happy Flower":[41],"counters":[30,183],"Blue Candle":[5],"Pen Nib":[28],"The Courier":208,"PreservedInsect":255,"Juzu Bracelet":0,"Orichalcum":[18],"Burning Blood":161,"Blood Vial":24,"Sundial":[6],"Bronze Scales":[421],"Tiny Chest":2,"Art of War":[20],"obtain_stats":[{"Lantern":21,"Singing Bowl":9,"Happy Flower":21,"Blue Candle":34,"Pen Nib":10,"The Courier":12,"PreservedInsect":39,"Juzu Bracelet":34,"Orichalcum":55,"Burning Blood":0,"Blood Vial":30,"Calling Bell":34,"Anchor":46,"Sundial":41,"Strawberry":19,"Bronze Scales":26,"Tiny Chest":7,"Molten Egg 2":28,"Coffee Dripper":17,"Art of War":24,"StrikeDummy":43,"FossilizedHelix":34,"Toy Ornithopter":44},{"Lantern":12,"Singing Bowl":7,"Happy Flower":12,"Blue Candle":19,"Pen Nib":8,"The Courier":9,"PreservedInsect":22,"Juzu Bracelet":19,"Orichalcum":29,"Burning Blood":0,"Blood Vial":18,"Calling Bell":19,"Anchor":25,"Sundial":23,"Strawberry":11,"Bronze Scales":14,"Tiny Chest":6,"Molten Egg 2":16,"Coffee Dripper":10,"Art of War":14,"StrikeDummy":23,"FossilizedHelix":19,"Toy Ornithopter":24},{"Lantern":60,"Singing Bowl":36,"Happy Flower":60,"Blue Candle":100,"Pen Nib":43,"The Courier":46,"PreservedInsect":114,"Juzu Bracelet":100,"Orichalcum":175,"Burning Blood":0,"Blood Vial":90,"Calling Bell":100,"Anchor":135,"Sundial":121,"Strawberry":57,"Bronze Scales":71,"Tiny Chest":33,"Molten Egg 2":76,"Coffee Dripper":53,"Art of War":71,"StrikeDummy":121,"FossilizedHelix":100,"Toy Ornithopter":128}],"FossilizedHelix":[147],"Toy Ornithopter":20},"card_choices":[{"not_picked":["The Bomb","Thinking Ahead"],"picked":"Violence","floor":0},{"not_picked":["Clash","Pummel"],"picked":"Power Through","floor":1},{"not_picked":["Armaments","Fire Breathing"],"picked":"Clothesline","floor":2},{"not_picked":["Power Through","Cleave"],"picked":"Headbutt","floor":3},{"not_picked":["Body Slam","Thunderclap"],"picked":"Second Wind","floor":4},{"not_picked":["Thunderclap","Shrug It Off"],"picked":"Anger","floor":5},{"not_picked":["Cleave","Reckless Charge"],"picked":"Blood for Blood","floor":7},{"not_picked":["Twin Strike","Heavy Blade"],"picked":"Demon Form","floor":8},{"not_picked":["Pummel","Dropkick","Perfected Strike"],"picked":"Singing Bowl","floor":10},{"not_picked":["Sword Boomerang","Warcry"],"picked":"Immolate","floor":12},{"not_picked":["Double Tap","Bludgeon"],"picked":"Corruption","floor":16},{"not_picked":["Carnage","Cleave"],"picked":"Armaments+1","floor":18},{"not_picked":["Iron Wave","Anger","Armaments"],"picked":"Singing Bowl","floor":20},{"not_picked":["Reckless Charge","True Grit"],"picked":"Metallicize","floor":22},{"not_picked":["Headbutt","Power Through"],"picked":"Burning Pact","floor":24},{"not_picked":["Armaments","Evolve"],"picked":"Uppercut+1","floor":28},{"not_picked":["Sentinel","Whirlwind+1","Perfected Strike+1"],"picked":"Singing Bowl","floor":29},{"not_picked":["Rupture","Double Tap"],"picked":"Disarm","floor":30},{"not_picked":["Demon Form","Fiend Fire+1"],"picked":"Impervious","floor":33},{"not_picked":["Pummel+1","Twin Strike+1","Sword Boomerang+1"],"picked":"Singing Bowl","floor":35},{"not_picked":["Rupture","Wild Strike+1","Cleave+1"],"picked":"Singing Bowl","floor":37},{"not_picked":["Clash+1","Fire Breathing","Berserk"],"picked":"Singing Bowl","floor":38},{"not_picked":["True Grit","Body Slam+1","Limit Break"],"picked":"Singing Bowl","floor":41},{"not_picked":["Body Slam+1","Havoc"],"picked":"Shrug It Off","floor":44},{"not_picked":["Sever Soul+1","Entrench"],"picked":"Feel No Pain","floor":46},{"not_picked":["Cleave+1","Combust+1"],"picked":"Dual Wield","floor":47},{"not_picked":["Thinking Ahead","Jack Of All Trades"],"picked":"Dark Shackles","floor":48},{"not_picked":["Dramatic Entrance+1","Flash of Steel+1"],"picked":"Dark Shackles","floor":48},{"not_picked":["Impatience","Dramatic Entrance+1","Forethought"],"picked":"Singing Bowl","floor":48},{"not_picked":["Cleave+1","True Grit"],"picked":"Shrug It Off","floor":55}],"player_experience":6022236,"relics_obtained":[{"floor":7,"key":"Tiny Chest"},{"floor":9,"key":"Singing Bowl"},{"floor":10,"key":"Pen Nib"},{"floor":12,"key":"The Courier"},{"floor":19,"key":"Strawberry"},{"floor":24,"key":"Art of War"},{"floor":26,"key":"Bronze Scales"},{"floor":28,"key":"Molten Egg 2"},{"floor":30,"key":"Blood Vial"},{"floor":34,"key":"FossilizedHelix"},{"floor":34,"key":"Juzu Bracelet"},{"floor":34,"key":"Blue Candle"},{"floor":41,"key":"Sundial"},{"floor":43,"key":"StrikeDummy"},{"floor":44,"key":"Toy Ornithopter"},{"floor":46,"key":"Anchor"},{"floor":55,"key":"Orichalcum"}],"event_choices":[{"damage_healed":0,"gold_gain":0,"player_choice":"Grow","damage_taken":0,"max_hp_gain":0,"max_hp_loss":0,"event_name":"Living Wall","floor":11,"gold_loss":0,"cards_upgraded":["Blood for Blood"]},{"damage_healed":0,"gold_gain":0,"player_choice":"Ignored","damage_taken":0,"max_hp_gain":0,"max_hp_loss":0,"event_name":"Liars Game","floor":13,"gold_loss":0},{"damage_healed":0,"gold_gain":0,"player_choice":"Bought 0 Potions","damage_taken":0,"max_hp_gain":0,"max_hp_loss":0,"event_name":"The Woman in Blue","floor":14,"gold_loss":0},{"damage_healed":0,"gold_gain":50,"player_choice":"Stole From Cult","damage_taken":0,"max_hp_gain":0,"max_hp_loss":0,"event_name":"Nest","floor":31,"gold_loss":0},{"damage_healed":0,"gold_gain":0,"cards_transformed":["Strike_R"],"player_choice":"Transformed","damage_taken":0,"max_hp_gain":0,"max_hp_loss":0,"event_name":"Transmorgrifier","floor":42,"gold_loss":0,"cards_obtained":["Sever Soul"]},{"damage_healed":0,"gold_gain":0,"player_choice":"Memory 3","damage_taken":10,"max_hp_gain":0,"max_hp_loss":0,"event_name":"SensoryStone","floor":48,"gold_loss":0}],"is_beta":false,"boss_relics":[{"not_picked":["SlaversCollar","Tiny House"],"picked":"Coffee Dripper"},{"not_picked":["Fusion Hammer","Black Star"],"picked":"Calling Bell"}],"items_purged_floors":[21],"is_endless":false,"potions_floor_spawned":[1,2,5,7,12,18,20,24,28,30,35,37,44,46,55],"killed_by":"The Heart","ascension_level":20,"potion_discard_per_floor":[[],[],[],[],["Explosive Potion"],[],[],[],[],[],[],[],[],[],[],[],[],[],[],[],[],[],[],[],[],[],[],[],[],[],[],[],[],[],[],[],["ColorlessPotion"],[],[],[],[],[],[],[],[],[],[],[],[],[],[],[],[],[],[],[]]}