{"neow_bonuses_skipped_log":["ONE_RANDOM_RARE_CARD","RANDOM_COLORLESS_2","BOSS_RELIC"],"potions_obtained_entropic_brew":[[],[],[],[],[],[],[],[],[],[],[],[],[],[],[],[],[],[],[],[],[],[],[],[],[],[],[],[],[],[],[],[],[]],"neow_costs_skipped_log":["NONE","CURSE","NONE"],"gold_per_floor":[116,132,132,1,17,17,31,31,106,133,159,183,195,234,246,329,341,364,376,12,12,30,30,57,57,57,91,105,25,53,70,70,70],"floor_reached":33,"playtime":1533,"items_purged":[],"score":855,"play_id":"d40be3ab-b8ca-47d3-98b1-140ebebb3348","local_time":"20240223173953","score_breakdown":["Floors Climbed (33): 165","Enemies Slain (10): 20","Exordium Elites Killed (2): 20","City Elites Killed (3): 60","Bosses Slain (1): 50","Collector (1): 25","Champion (2): 50","Perfect (1): 50","Ascension (20): 415"],"is_ascension_mode":true,"potions_obtained_alchemize":[[],[],[],[],[],[],[],[],[],[],[],[],[],[],[],[],[],[],[],[],[],[],[],[],[],[],[],[],[],[],[],[],[]],"campfire_choices":[{"data":"Carnage","floor":6,"key":"SMITH"},{"data":"Armaments","floor":13,"key":"SMITH"},{"data":"Pommel Strike","floor":15,"key":"SMITH"},{"data":"Pommel Strike","floor":23,"key":"SMITH"},{"data":"Seeing Red","floor":25,"key":"SMITH"},{"data":"Rage","floor":32,"key":"SMITH"}],"lesson_learned_per_floor":[[],[],[],[],[],[],[],[],[],[],[],[],[],[],[],[],[],[],[],[],[],[],[],[],[],[],[],[],[],[],[],[],[]],"neow_cost":"NONE","improvable_cards":{},"seed_source_timestamp":9258616444319,"shop_contents":[{"floor":4,"relics":["Pear","Pantograph","Sling"],"cards":["Headbutt","Shrug It Off","Disarm","Evolve","Impatience","Metamorphosis"],"potions":["Regen Potion","SteroidPotion"]},{"floor":20,"relics":["Blood Vial","Chemical X"],"cards":["Carnage","Armaments","Demon Form","HandOfGreed"],"potions":["GamblersBrew","Weak Potion","Fruit Juice"]},{"floor":29,"relics":["Mango","Gambling Chip","Brimstone"],"cards":["Clash","Perfected Strike","True Grit","Ghostly Armor","Blind","Magnetism"],"potions":["Swift Potion","Explosive Potion","Fire Potion"]}],"circlet_count":0,"master_deck":["AscendersBane","Defend_R","Defend_R","Defend_R","Defend_R","Bash","Pommel Strike+1","Headbutt","Carnage+1","Power Through","Bloodletting","Armaments+1","Pommel Strike+1","Exhume","Pommel Strike+1","Seeing Red+1","PanicButton","Bite","Bite","Bite","Bite","Bite","True Grit","Rage+1","Feel No Pain","Feed","Anger"],"potion_use_per_floor":[[],[],[],[],[],[],[],[],[],[],["BloodPotion"],[],[],["AttackPotion"],[],["Strength Potion"],[],[],[],[],[],[],[],[],[],[],[],[],[],[],[],[],["Weak Potion","GamblersBrew"]],"relics":["Burning Blood","Centennial Puzzle","Matryoshka","MawBank","Omamori","Coffee Dripper","WarpedTongs","Bag of Preparation","Eternal Feather","Lantern","PreservedInsect","Smiling Mask"],"potions_floor_usage":[11,14,16,33,33],"damage_taken":[{"damage":7,"enemies":"Small Slimes","floor":1,"turns":4},{"damage":3,"enemies":"2 Louse","floor":2,"turns":3},{"damage":4,"enemies":"Jaw Worm","floor":5,"turns":3},{"damage":3,"enemies":"3 Louse","floor":7,"turns":4},{"damage":15,"enemies":"3 Sentries","floor":10,"turns":6},{"damage":3,"enemies":"Exordium Wildlife","floor":11,"turns":3},{"damage":0,"enemies":"2 Fungi Beasts","floor":12,"turns":3},{"damage":6,"enemies":"Lagavulin","floor":14,"turns":3},{"damage":3,"enemies":"Slime Boss","floor":16,"turns":4},{"damage":5,"enemies":"2 Thieves","floor":18,"turns":4},{"damage":10,"enemies":"Chosen","floor":22,"turns":3},{"damage":28,"enemies":"Book of Stabbing","floor":24,"turns":3},{"damage":24,"enemies":"Slavers","floor":27,"turns":5},{"damage":7,"enemies":"Centurion and Healer","floor":28,"turns":4},{"damage":3,"enemies":"Book of Stabbing","floor":30,"turns":3},{"damage":8,"enemies":"Snecko","floor":31,"turns":4},{"damage":86,"enemies":"Collector","floor":33,"turns":10}],"green_key_taken_log":14,"seed_played":"7808651819190586656","neow_bonus_log":{"cardsObtained":[],"cardsUpgraded":[],"cardsRemoved":[],"cardsTransformed":[],"relicsObtained":["Centennial Puzzle"],"maxHpGained":0,"goldGained":0,"damageTaken":0,"goldLost":0,"maxHpLost":0},"potions_obtained":[{"floor":10,"key":"BloodPotion"},{"floor":11,"key":"GamblersBrew"},{"floor":14,"key":"Strength Potion"},{"floor":27,"key":"Weak Potion"}],"is_trial":false,"path_per_floor":["M","M","?","$","M","R","M","?","T","E","M","M","R","E","R","B",null,"M","?","$","?","M","R","E","R","T","E","M","$","E","M","R","B"],"character_chosen":"IRONCLAD","basemod:card_modifiers":[null,null,null,null,null,null,null,null,null,null,null,null,null,null,null,null,null,null,null,null,null,null,null,null,null,null,null],"items_purchased":["Carnage","AttackPotion","Bag of Preparation","Pommel Strike","Seeing Red","PanicButton","Feel No Pain"],"campfire_rested":0,"item_purchase_floors":[4,4,20,20,20,20,29],"current_hp_per_floor":[67,70,63,63,65,65,68,45,45,36,54,60,60,60,60,63,72,73,73,73,52,52,52,32,44,44,42,52,52,52,55,55,0],"gold":70,"neow_bonus":"RANDOM_COMMON_RELIC","is_prod":false,"is_daily":false,"rewards_skipped":[{"floor":30,"relics":[],"potions":["SkillPotion"]},{"floor":31,"relics":[],"potions":["Fire Potion"]}],"chose_seed":false,"campfire_upgraded":6,"win_rate":0,"floor_exit_playtime":[170,199,222,248,277,283,337,343,349,414,448,472,478,564,570,616,661,706,716,760,781,826,831,920,929,944,1076,1130,1140,1184,1288,1294],"timestamp":1708727993,"blue_key_relic_skipped_log":{"floor":26,"relicID":"Whetstone"},"path_taken":["M","M","?","$","M","R","M","?","T","E","?","M","R","E","R","BOSS","M","?","$","?","M","R","E","R","T","E","M","?","E","M","R","BOSS"],"build_version":"2022-12-18","purchased_purges":0,"victory":false,"max_hp_per_floor":[75,75,75,75,75,75,75,75,75,75,75,75,75,75,75,75,75,75,75,75,52,52,52,52,52,52,52,52,52,52,55,55,55],"relic_stats":{"Centennial Puzzle":[48],"Matryoshka":1,"counters":[17,69],"Eternal Feather":12,"PreservedInsect":42,"Omamori":1,"Bag of Preparation":[14],"MawBank":120,"Smiling Mask":0,"obtain_stats":[{"Centennial Puzzle":0,"Lantern":26,"Matryoshka":9,"Eternal Feather":24,"PreservedInsect":27,"Omamori":14,"Coffee Dripper":17,"Bag of Preparation":20,"MawBank":10,"Smiling Mask":30,"Burning Blood":0,"WarpedTongs":19},{"Centennial Puzzle":0,"Lantern":12,"Matryoshka":4,"Eternal Feather":12,"PreservedInsect":13,"Omamori":8,"Coffee Dripper":9,"Bag of Preparation":10,"MawBank":5,"Smiling Mask":15,"Burning Blood":0,"WarpedTongs":10},{"Centennial Puzzle":0,"Lantern":43,"Matryoshka":14,"Eternal Feather":43,"PreservedInsect":48,"Omamori":29,"Coffee Dripper":33,"Bag of Preparation":37,"MawBank":20,"Smiling Mask":55,"Burning Blood":0,"WarpedTongs":37}],"Burning Blood":78,"WarpedTongs":[31]},"card_choices":[{"not_picked":["Cleave","Armaments"],"picked":"Pommel Strike","floor":1},{"not_picked":["Flame Barrier","Flex"],"picked":"Headbutt","floor":2},{"not_picked":["Rampage","Headbutt","Clothesline"],"picked":"SKIP","floor":5},{"not_picked":["Disarm","Dark Embrace"],"picked":"Power Through","floor":7},{"not_picked":["Warcry","Infernal Blade"],"picked":"Bloodletting","floor":10},{"not_picked":["Body Slam","Carnage"],"picked":"Armaments","floor":11},{"not_picked":["Sword Boomerang","Flame Barrier"],"picked":"Pommel Strike","floor":12},{"not_picked":["Limit Break","Juggernaut"],"picked":"Exhume","floor":16},{"not_picked":["Iron Wave","Carnage","Entrench"],"picked":"SKIP","floor":18},{"not_picked":["Sentinel","Wild Strike","Thunderclap"],"picked":"SKIP","floor":22},{"not_picked":["Clothesline","Berserk"],"picked":"True Grit","floor":27},{"not_picked":["Anger","Perfected Strike"],"picked":"Rage","floor":28},{"not_picked":["Twin Strike","Wild Strike"],"picked":"Feed","floor":30},{"not_picked":["Twin Strike+1","Iron Wave"],"picked":"Anger","floor":31}],"player_experience":6276722,"relics_obtained":[{"floor":9,"key":"Matryoshka"},{"floor":10,"key":"MawBank"},{"floor":14,"key":"Omamori"},{"floor":24,"key":"Eternal Feather"},{"floor":26,"key":"Lantern"},{"floor":27,"key":"PreservedInsect"},{"floor":30,"key":"Smiling Mask"}],"event_choices":[{"cards_removed":["Strike_R"],"damage_healed":0,"gold_gain":0,"player_choice":"Card Removal","damage_taken":7,"max_hp_gain":0,"max_hp_loss":0,"event_name":"Golden Wing","floor":3,"gold_loss":0},{"damage_healed":0,"gold_gain":0,"player_choice":"Entered Light","damage_taken":23,"max_hp_gain":0,"max_hp_loss":0,"event_name":"Shining Light","floor":8,"gold_loss":0,"cards_upgraded":["Pommel Strike","Strike_R"]},{"damage_healed":0,"gold_gain":0,"player_choice":"Rummage","damage_taken":0,"relics_obtained":["WarpedTongs"],"max_hp_gain":0,"max_hp_loss":0,"event_name":"Accursed Blacksmith","floor":19,"gold_loss":0,"cards_obtained":["Pain"]},{"damage_healed":0,"gold_gain":0,"player_choice":"Became a vampire","damage_taken":0,"max_hp_gain":0,"max_hp_loss":23,"event_name":"Vampires","floor":21,"gold_loss":0,"cards_obtained":["Bite","Bite","Bite","Bite","Bite"]}],"is_beta":false,"boss_relics":[{"not_picked":["Calling Bell","Runic Dome"],"picked":"Coffee Dripper"}],"items_purged_floors":[],"is_endless":false,"potions_floor_spawned":[10,11,14,27,30,31],"killed_by":"Collector","ascension_level":20,"potion_discard_per_floor":[[],[],[],[],[],[],[],[],[],[],[],[],[],[],[],[],[],[],[],[],[],[],[],[],[],[],[],[],[],[],[],[],[]]}