{"neow_bonuses_skipped_log":["TRANSFORM_CARD","THREE_SMALL_POTIONS","BOSS_RELIC"],"potions_obtained_entropic_brew":[[],[],[],[],[],[],[],[],[],[],[],["AttackPotion","Block Potion"],[],[],[],[],[],[],[],[],[],[],[],[],[],[],[],[],[],[],[],[],[],[],[],[],[],[],[],[],[],[],[],[],[],[],[],[],[],[],[],[],[],[],[],[],[]],"neow_costs_skipped_log":["NONE","NONE","NONE"],"gold_per_floor":[113,132,149,159,173,173,203,203,203,203,235,249,278,288,288,367,367,381,397,397,397,75,75,106,106,133,160,174,190,203,220,220,294,294,310,310,330,330,330,363,7,37,61,78,133,147,176,191,191,191,191,191,191,17,43,43],"floor_reached":57,"playtime":2945,"items_purged":["Anger"],"score":2737,"play_id":"69d46379-2799-4343-9f76-16915e0c1a7b","local_time":"20240226172808","falling_options_log":["Defend_R","Feel No Pain+1"],"score_breakdown":["Floors Climbed (57): 285","Enemies Slain (18): 36","Exordium Elites Killed (3): 30","City Elites Killed (2): 40","Beyond Elites Killed (3): 90","Bosses Slain (5): 750","Speedster: 25","Ascension (20): 1231","Heartbreaker: 250"],"is_ascension_mode":true,"potions_obtained_alchemize":[[],[],[],[],[],[],[],[],[],[],[],[],[],[],[],[],[],[],[],[],[],[],[],[],[],[],[],[],[],[],[],[],[],[],[],[],[],[],[],[],[],[],[],[],[],[],[],[],[],[],[],[],[],[],[],[],[]],"campfire_choices":[{"data":"Fiend Fire","floor":6,"key":"SMITH"},{"data":"Whirlwind","floor":8,"key":"SMITH"},{"floor":10,"key":"REST"},{"data":"Armaments","floor":15,"key":"SMITH"},{"data":"Feel No Pain","floor":23,"key":"SMITH"},{"data":"Demon Form","floor":32,"key":"SMITH"},{"floor":49,"key":"RECALL"},{"floor":53,"key":"REST"}],"lesson_learned_per_floor":[[],[],[],[],[],[],[],[],[],[],[],[],[],[],[],[],[],[],[],[],[],[],[],[],[],[],[],[],[],[],[],[],[],[],[],[],[],[],[],[],[],[],[],[],[],[],[],[],[],[],[],[],[],[],[],[],[]],"neow_cost":"TEN_PERCENT_HP_LOSS","improvable_cards":{},"seed_source_timestamp":336207160917,"shop_contents":[{"floor":22,"relics":["CeramicFish","Turnip","OrangePellets"],"cards":["Clash","Twin Strike","Double Tap","Armaments","Rupture","PanicButton","Violence"],"potions":["DistilledChaos","Fruit Juice","Explosive Potion"]},{"floor":41,"relics":["Oddly Smooth Stone","Vajra","Meat on the Bone"],"cards":["Whirlwind","Anger","True Grit","Warcry","Corruption","Jack Of All Trades","Magnetism"],"potions":["Swift Potion","Weak Potion","Fire Potion"]},{"floor":54,"relics":["Happy Flower","Art of War","Lee\u0027s Waffle"],"cards":["Iron Wave","Clothesline","Battle Trance","Warcry","Berserk","PanicButton","Sadistic Nature"],"potions":["LiquidMemories","Dexterity Potion","Energy Potion"]}],"circlet_count":0,"master_deck":["AscendersBane","Strike_R","Strike_R","Strike_R","Strike_R","Defend_R","Defend_R","Defend_R","Defend_R","Bash","Fiend Fire+1","Whirlwind+1","Shockwave","Hemokinesis","Disarm","Armaments+1","Power Through","Dropkick","Demon Form+1","Shrug It Off","Double Tap","Feel No Pain+1","Corruption","Shockwave","Shockwave+1","Disarm","Power Through","Impervious","Body Slam","Apotheosis","Dark Shackles","Shrug It Off+1","Pommel Strike","Demon Form"],"potion_use_per_floor":[[],[],[],[],["BloodPotion"],[],["BlessingOfTheForge"],[],[],[],[],["LiquidMemories","EntropicBrew"],["Block Potion"],["AttackPotion"],[],["Weak Potion"],[],["ColorlessPotion"],["DuplicationPotion"],[],[],[],[],[],[],[],["AttackPotion"],["PowerPotion"],["BloodPotion"],[],[],[],["PowerPotion"],[],[],[],[],[],[],["ColorlessPotion"],[],[],[],[],[],[],[],[],[],[],[],[],[],[],[],["SneckoOil","GamblersBrew"],[]],"relics":["Burning Blood","The Courier","Bird Faced Urn","White Beast Statue","Ancient Tea Set","Snecko Eye","Mercury Hourglass","Boot","Lantern","SlaversCollar","StoneCalendar","Membership Card","Toy Ornithopter","Bottled Lightning","Anchor","Strawberry","Nunchaku","Charon\u0027s Ashes","Bag of Marbles","Bag of Preparation","Mummified Hand","War Paint"],"potions_floor_usage":[5,7,12,12,13,14,16,18,19,27,28,29,33,40,56,56],"damage_taken":[{"damage":12,"enemies":"Small Slimes","floor":1,"turns":4},{"damage":7,"enemies":"Jaw Worm","floor":2,"turns":3},{"damage":2,"enemies":"Cultist","floor":3,"turns":4},{"damage":7,"enemies":"Gremlin Gang","floor":4,"turns":5},{"damage":21,"enemies":"Lots of Slimes","floor":5,"turns":4},{"damage":39,"enemies":"Lagavulin","floor":7,"turns":9},{"damage":10,"enemies":"Gremlin Nob","floor":11,"turns":3},{"damage":3,"enemies":"Looter","floor":12,"turns":2},{"damage":8,"enemies":"3 Sentries","floor":13,"turns":4},{"damage":0,"enemies":"Red Slaver","floor":14,"turns":2},{"damage":19,"enemies":"Hexaghost","floor":16,"turns":8},{"damage":0,"enemies":"Chosen","floor":18,"turns":2},{"damage":2,"enemies":"3 Byrds","floor":19,"turns":3},{"damage":1,"enemies":"Gremlin Leader","floor":24,"turns":5},{"damage":20,"enemies":"Book of Stabbing","floor":27,"turns":4},{"damage":12,"enemies":"Snake Plant","floor":28,"turns":4},{"damage":9,"enemies":"Snecko","floor":29,"turns":4},{"damage":0,"enemies":"Cultist and Chosen","floor":30,"turns":2},{"damage":0,"enemies":"Centurion and Healer","floor":31,"turns":3},{"damage":28,"enemies":"Collector","floor":33,"turns":7},{"damage":4,"enemies":"Orb Walker","floor":35,"turns":5},{"damage":5,"enemies":"3 Shapes","floor":37,"turns":6},{"damage":5,"enemies":"Giant Head","floor":40,"turns":8},{"damage":7,"enemies":"Nemesis","floor":42,"turns":5},{"damage":1,"enemies":"Writhing Mass","floor":44,"turns":6},{"damage":1,"enemies":"2 Orb Walkers","floor":45,"turns":5},{"damage":2,"enemies":"Maw","floor":46,"turns":6},{"damage":10,"enemies":"Giant Head","floor":47,"turns":5},{"damage":6,"enemies":"4 Shapes","floor":48,"turns":5},{"damage":8,"enemies":"Time Eater","floor":50,"turns":8},{"damage":63,"enemies":"Awakened One","floor":51,"turns":12},{"damage":5,"enemies":"Shield and Spear","floor":55,"turns":5},{"damage":42,"enemies":"The Heart","floor":56,"turns":9}],"green_key_taken_log":27,"seed_played":"-8013288205633699802","neow_bonus_log":{"cardsObtained":[],"cardsUpgraded":[],"cardsRemoved":[],"cardsTransformed":[],"relicsObtained":[],"maxHpGained":0,"goldGained":0,"damageTaken":0,"goldLost":0,"maxHpLost":7},"potions_obtained":[{"floor":3,"key":"EntropicBrew"},{"floor":4,"key":"BloodPotion"},{"floor":5,"key":"BlessingOfTheForge"},{"floor":11,"key":"LiquidMemories"},{"floor":12,"key":"SmokeBomb"},{"floor":13,"key":"DuplicationPotion"},{"floor":14,"key":"Weak Potion"},{"floor":16,"key":"ColorlessPotion"},{"floor":18,"key":"PowerPotion"},{"floor":19,"key":"SmokeBomb"},{"floor":24,"key":"AttackPotion"},{"floor":27,"key":"PowerPotion"},{"floor":28,"key":"BloodPotion"},{"floor":29,"key":"SneckoOil"},{"floor":33,"key":"BlessingOfTheForge"},{"floor":37,"key":"ColorlessPotion"},{"floor":40,"key":"Energy Potion"},{"floor":55,"key":"GamblersBrew"}],"is_trial":false,"path_per_floor":["M","M","M","M","M","R","E","R","T","R","E","M","E","M","R","B",null,"M","M","?","?","$","R","E","?","T","E","M","M","M","M","R","B",null,"M","?","M","?","?","E","$","E","T","M","?","M","E","M","R","B","B",null,"R","$","E","B",null],"character_chosen":"IRONCLAD","basemod:card_modifiers":[null,null,null,null,null,null,null,null,null,null,null,null,null,null,null,null,null,null,null,null,null,null,null,null,null,null,null,null,null,null,null,null,null,null],"items_purchased":["Corruption","Shockwave","Shockwave","Membership Card","Toy Ornithopter","Bottled Lightning","Anchor","Bag of Preparation","Mummified Hand"],"campfire_rested":2,"item_purchase_floors":[22,22,22,41,41,41,41,54,54],"current_hp_per_floor":[62,61,65,64,62,62,29,29,29,49,45,48,46,52,52,39,61,68,68,68,68,68,68,68,68,68,58,60,68,68,68,68,50,64,68,65,65,55,55,62,62,72,72,72,72,72,72,72,72,70,19,59,72,72,72,45],"gold":43,"neow_bonus":"THREE_RARE_CARDS","is_prod":false,"is_daily":false,"rewards_skipped":[{"floor":30,"relics":[],"potions":["Regen Potion"]},{"floor":31,"relics":[],"potions":["SneckoOil"]},{"floor":35,"relics":[],"potions":["BlessingOfTheForge"]},{"floor":42,"relics":[],"potions":["FearPotion"]},{"floor":44,"relics":[],"potions":["Dexterity Potion"]},{"floor":45,"relics":[],"potions":["Weak Potion"]},{"floor":46,"relics":[],"potions":["SkillPotion"]},{"floor":47,"relics":[],"potions":["Dexterity Potion"]},{"floor":48,"relics":[],"potions":["BlessingOfTheForge"]}],"chose_seed":false,"campfire_upgraded":5,"win_rate":0,"floor_exit_playtime":[95,112,143,194,237,246,328,334,337,340,364,418,504,539,548,658,683,717,758,775,785,836,848,910,927,943,1042,1095,1147,1175,1217,1226,1344,1377,1484,1493,1637,1676,1680,1779,1865,1930,1945,2014,2077,2150,2229,2292,2295,2438,2618,2631,2634,2653,2758,2945],"timestamp":1708986488,"blue_key_relic_skipped_log":{"floor":26,"relicID":"Bronze Scales"},"path_taken":["M","M","M","M","?","R","E","R","T","R","E","M","E","M","R","BOSS","M","M","?","?","$","R","E","?","T","E","M","M","M","M","R","BOSS","M","?","M","?","?","E","$","E","T","M","?","?","E","M","R","BOSS","BOSS","R","$","E","BOSS"],"build_version":"2022-12-18","purchased_purges":1,"victory":true,"max_hp_per_floor":[68,68,68,68,68,68,68,68,68,68,68,68,68,68,68,68,68,68,68,68,68,68,68,68,68,68,68,68,68,68,68,68,68,68,68,65,65,65,65,65,65,72,72,72,72,72,72,72,72,72,72,72,72,72,72,72],"relic_stats":{"counters":[33,165],"StoneCalendar":[80],"The Courier":711,"Charon\u0027s Ashes":[407],"Bag of Preparation":[4],"War Paint":["Shrug It Off","Shockwave"],"Ancient Tea Set":[10],"Boot":[14],"Burning Blood":142,"White Beast Statue":[0.0,0.0,0.0,0.4,0.0,0.6000000000000001,0.0,0.0,0.0,0.0,0.0,9.943817728000006],"Mercury Hourglass":[409],"Nunchaku":[9],"Mummified Hand":[16],"Bird Faced Urn":[66],"Snecko Eye":[159,148,177,144,-130],"Membership Card":711,"Bottled Lightning":"Apotheosis","obtain_stats":[{"Lantern":27,"StoneCalendar":40,"The Courier":7,"Charon\u0027s Ashes":45,"Bag of Preparation":54,"War Paint":55,"Ancient Tea Set":13,"Boot":25,"Burning Blood":0,"White Beast Statue":11,"Mercury Hourglass":24,"SlaversCollar":34,"Anchor":41,"Nunchaku":43,"Mummified Hand":54,"Bird Faced Urn":9,"Strawberry":42,"Snecko Eye":17,"Bag of Marbles":47,"Membership Card":41,"Bottled Lightning":41,"Toy Ornithopter":41},{"Lantern":15,"StoneCalendar":23,"The Courier":6,"Charon\u0027s Ashes":26,"Bag of Preparation":31,"War Paint":32,"Ancient Tea Set":9,"Boot":14,"Burning Blood":0,"White Beast Statue":7,"Mercury Hourglass":14,"SlaversCollar":20,"Anchor":23,"Nunchaku":24,"Mummified Hand":31,"Bird Faced Urn":6,"Strawberry":24,"Snecko Eye":11,"Bag of Marbles":28,"Membership Card":23,"Bottled Lightning":23,"Toy Ornithopter":23},{"Lantern":62,"StoneCalendar":99,"The Courier":29,"Charon\u0027s Ashes":115,"Bag of Preparation":151,"War Paint":156,"Ancient Tea Set":38,"Boot":58,"Burning Blood":0,"White Beast Statue":32,"Mercury Hourglass":58,"SlaversCollar":81,"Anchor":99,"Nunchaku":104,"Mummified Hand":151,"Bird Faced Urn":29,"Strawberry":104,"Snecko Eye":48,"Bag of Marbles":126,"Membership Card":99,"Bottled Lightning":99,"Toy Ornithopter":99}],"Toy Ornithopter":7},"card_choices":[{"not_picked":["Limit Break","Offering"],"picked":"Fiend Fire","floor":0},{"not_picked":["Clothesline","Infernal Blade"],"picked":"Anger","floor":1},{"not_picked":["True Grit","Thunderclap","Pummel"],"picked":"SKIP","floor":2},{"not_picked":["Headbutt","Second Wind"],"picked":"Whirlwind","floor":3},{"not_picked":["Anger","Immolate"],"picked":"Shockwave","floor":4},{"not_picked":["Rampage","Body Slam","Entrench"],"picked":"SKIP","floor":5},{"not_picked":["Iron Wave","Warcry"],"picked":"Hemokinesis","floor":7},{"not_picked":["Twin Strike","Power Through"],"picked":"Disarm","floor":11},{"not_picked":["Intimidate","Perfected Strike"],"picked":"Armaments","floor":12},{"not_picked":["Pommel Strike","Rupture"],"picked":"Power Through","floor":13},{"not_picked":["Clash","Wild Strike"],"picked":"Dropkick","floor":14},{"not_picked":["Immolate","Berserk"],"picked":"Demon Form","floor":16},{"not_picked":["Combust","Cleave","Wild Strike+1"],"picked":"SKIP","floor":18},{"not_picked":["Cleave","Body Slam"],"picked":"Shrug It Off","floor":19},{"not_picked":["Cleave","Sword Boomerang","Wild Strike","Rampage","Anger","Havoc","Searing Blow","Warcry","Perfected Strike","Evolve","Shockwave","Whirlwind","Body Slam","Rupture","Sentinel","Headbutt","Flex","Armaments","Shrug It Off"],"picked":"Feel No Pain","floor":21},{"not_picked":["Armaments","Cleave","Clash"],"picked":"SKIP","floor":24},{"not_picked":["Shockwave","Whirlwind"],"picked":"Disarm","floor":28},{"not_picked":["Reckless Charge","Clothesline","Flex"],"picked":"SKIP","floor":29},{"not_picked":["Warcry","Rupture"],"picked":"Power Through","floor":30},{"not_picked":["Power Through","Havoc","Clothesline"],"picked":"SKIP","floor":31},{"not_picked":["Demon Form","Exhume"],"picked":"Impervious","floor":33},{"not_picked":["Pommel Strike","Twin Strike"],"picked":"Body Slam","floor":35},{"not_picked":["Warcry+1","Clothesline+1","Battle Trance"],"picked":"SKIP","floor":37},{"not_picked":["HandOfGreed","Enlightenment"],"picked":"Apotheosis","floor":38},{"not_picked":["Madness","Bandage Up"],"picked":"Dark Shackles","floor":38},{"not_picked":["Blind","Dramatic Entrance","Bandage Up"],"picked":"SKIP","floor":38},{"not_picked":["Heavy Blade","Armaments"],"picked":"Shrug It Off","floor":42},{"not_picked":["Metallicize","Rupture","Sword Boomerang"],"picked":"SKIP","floor":44},{"not_picked":["Infernal Blade+1","Twin Strike"],"picked":"Pommel Strike","floor":45},{"not_picked":["Searing Blow","Anger","Perfected Strike"],"picked":"SKIP","floor":46},{"not_picked":["Searing Blow","Anger","Perfected Strike"],"picked":"SKIP","floor":46},{"not_picked":["Headbutt+1","Sever Soul","Thunderclap+1"],"picked":"SKIP","floor":47},{"not_picked":["Infernal Blade","Inflame","Bloodletting"],"picked":"SKIP","floor":48},{"not_picked":["Corruption","Uppercut"],"picked":"Demon Form","floor":55}],"player_experience":6337689,"relics_obtained":[{"floor":7,"key":"The Courier"},{"floor":9,"key":"Bird Faced Urn"},{"floor":11,"key":"White Beast Statue"},{"floor":13,"key":"Ancient Tea Set"},{"floor":24,"key":"Mercury Hourglass"},{"floor":25,"key":"Boot"},{"floor":27,"key":"Lantern"},{"floor":40,"key":"StoneCalendar"},{"floor":42,"key":"Strawberry"},{"floor":43,"key":"Nunchaku"},{"floor":45,"key":"Charon\u0027s Ashes"},{"floor":47,"key":"Bag of Marbles"},{"floor":55,"key":"War Paint"}],"event_choices":[{"damage_healed":0,"gold_gain":0,"player_choice":"1 cards matched","damage_taken":0,"max_hp_gain":0,"max_hp_loss":0,"event_name":"Match and Keep!","floor":20,"gold_loss":0,"cards_obtained":["Double Tap"]},{"damage_healed":0,"gold_gain":0,"player_choice":"Read","damage_taken":0,"max_hp_gain":0,"max_hp_loss":0,"event_name":"The Library","floor":21,"gold_loss":0,"cards_obtained":["Feel No Pain"]},{"damage_healed":0,"gold_gain":0,"player_choice":"Relic","damage_taken":0,"max_hp_gain":0,"max_hp_loss":0,"event_name":"Wheel of Change","floor":25,"gold_loss":0},{"damage_healed":0,"gold_gain":0,"player_choice":"Max HP","damage_taken":0,"max_hp_gain":0,"max_hp_loss":3,"event_name":"Winding Halls","floor":36,"gold_loss":0},{"damage_healed":0,"gold_gain":0,"player_choice":"Memory 3","damage_taken":10,"max_hp_gain":0,"max_hp_loss":0,"event_name":"SensoryStone","floor":38,"gold_loss":0},{"cards_removed":["Strike_R"],"damage_healed":0,"gold_gain":0,"player_choice":"Removed Attack","damage_taken":0,"max_hp_gain":0,"max_hp_loss":0,"event_name":"Falling","floor":39,"gold_loss":0},{"damage_healed":0,"gold_gain":0,"player_choice":"Fight","damage_taken":0,"max_hp_gain":0,"max_hp_loss":0,"event_name":"Mysterious Sphere","floor":45,"gold_loss":0}],"is_beta":false,"boss_relics":[{"not_picked":["Tiny House","Mark of Pain"],"picked":"Snecko Eye"},{"not_picked":["Pandora\u0027s Box","Velvet Choker"],"picked":"SlaversCollar"}],"items_purged_floors":[22],"is_endless":false,"potions_floor_spawned":[3,4,5,11,12,13,14,16,18,19,24,27,28,29,30,31,33,35,37,40,42,44,45,46,47,48,55],"ascension_level":20,"potion_discard_per_floor":[[],[],[],[],[],[],[],[],[],[],[],["SmokeBomb"],[],[],[],[],[],[],[],[],[],[],[],["SmokeBomb"],[],[],[],[],[],[],[],[],[],[],[],[],["BlessingOfTheForge"],[],[],[],[],[],[],[],[],[],[],[],[],[],[],[],[],[],["Energy Potion"],[],[]]}