{"neow_bonuses_skipped_log":["UPGRADE_CARD","TRANSFORM_TWO_CARDS","BOSS_RELIC"],"neow_costs_skipped_log":["NONE","NO_GOLD","NONE"],"potions_obtained_entropic_brew":[[],[],[],[],[],[],[],[],[],[],[],[],[],[],[],[],[],[],[],[],[],[],[],[],[],[],[],[],[],[],[],[],[],[],[],[],[],[],[],[],[],[],[],[],[],[],[],[],[],[],[],[],[],[],[],[],[]],"gold_per_floor":[213,223,148,167,186,186,68,94,119,119,119,150,168,182,182,259,259,272,287,287,341,180,180,70,99,99,116,148,73,87,115,115,188,188,206,223,0,0,16,44,59,59,59,78,103,117,117,128,128,128,128,128,128,53,80,80],"floor_reached":57,"playtime":3671,"items_purged":["Strike_R"],"score":2793,"play_id":"524c7365-c941-4cc0-9ab7-775082a594b7","local_time":"20240221184931","score_breakdown":["Floors Climbed (57): 285","Enemies Slain (17): 34","Exordium Elites Killed (2): 20","City Elites Killed (3): 60","Beyond Elites Killed (2): 60","Bosses Slain (5): 750","Librarian: 25","Stuffed: 50","Overkill: 25","Ascension (20): 1234","Heartbreaker: 250"],"is_ascension_mode":true,"potions_obtained_alchemize":[[],[],[],[],[],[],[],[],[],[],[],[],[],[],[],[],[],[],[],[],[],[],[],[],[],[],[],[],[],[],[],[],[],[],[],[],[],[],[],[],[],[],[],[],[],[],[],[],[],[],[],[],[],[],[],[],[]],"campfire_choices":[{"data":"Blood for Blood","floor":6,"key":"SMITH"},{"data":"Carnage","floor":10,"key":"SMITH"},{"floor":15,"key":"REST"},{"floor":23,"key":"REST"},{"data":"Bloodletting","floor":32,"key":"SMITH"},{"floor":42,"key":"RECALL"},{"data":"Brutality","floor":47,"key":"SMITH"},{"data":"Feel No Pain","floor":49,"key":"SMITH"},{"data":"Barricade","floor":53,"key":"SMITH"}],"lesson_learned_per_floor":[[],[],[],[],[],[],[],[],[],[],[],[],[],[],[],[],[],[],[],[],[],[],[],[],[],[],[],[],[],[],[],[],[],[],[],[],[],[],[],[],[],[],[],[],[],[],[],[],[],[],[],[],[],[],[],[],[]],"neow_cost":"NONE","improvable_cards":{},"seed_source_timestamp":238764667152,"shop_contents":[{"floor":7,"relics":["Ancient Tea Set","Question Card","Lee\u0027s Waffle"],"cards":["Clothesline","True Grit","Rupture","Finesse","Secret Weapon"],"potions":["Block Potion","DistilledChaos","Dexterity Potion"]},{"floor":22,"relics":["Ornamental Fan","Sling"],"cards":["Clash","Perfected Strike","Entrench","True Grit","Dark Embrace","Swift Strike","Sadistic Nature"],"potions":["EntropicBrew","AttackPotion","LiquidBronze"]},{"floor":29,"relics":["Toxic Egg 2","Orichalcum","OrangePellets"],"cards":["Clash","Twin Strike","Sentinel","Intimidate","Metallicize","Purity","Secret Technique"],"potions":["ElixirPotion","AttackPotion","ElixirPotion"]},{"floor":37,"relics":["Mango","Bag of Marbles","Medical Kit"],"cards":["Dropkick","Armaments","Metallicize","Madness","Sadistic Nature"],"potions":["Strength Potion","Ancient Potion","Swift Potion"]},{"floor":54,"relics":["Strawberry","Shuriken","Orrery"],"cards":["Perfected Strike","Sever Soul","Flex","Dual Wield","Panacea","Panache"],"potions":["Ancient Potion","Explosive Potion","AttackPotion"]}],"circlet_count":0,"master_deck":["AscendersBane","Strike_R","Strike_R","Defend_R","Defend_R","Defend_R","Defend_R","Bash","Blood for Blood+1","Warcry","Carnage+1","Hemokinesis","Bloodletting+1","Headbutt","Shrug It Off","Spot Weakness+1","Anger","Reaper","Shrug It Off","Bloodletting","Feel No Pain+1","Ghostly Armor+1","Barricade+1","Feed","Shockwave","Havoc","Disarm","Reaper","Flash of Steel","Dark Shackles","Trip","Pommel Strike+1","Clothesline","Brutality+1","Shockwave+1","Dark Embrace","Rupture+1"],"potion_use_per_floor":[[],[],[],[],[],[],[],["PowerPotion"],[],[],[],[],[],[],[],[],[],[],[],[],[],[],[],[],[],[],[],[],[],[],[],[],[],[],[],[],[],[],[],["Fire Potion"],[],[],[],[],[],[],[],[],[],[],[],[],[],[],[],["HeartOfIron","SteroidPotion"],[]],"relics":["Burning Blood","Pen Nib","Centennial Puzzle","Gremlin Horn","Runic Cube","Nunchaku","Tiny Chest","Red Skull","PreservedInsect","Anchor","Runic Dome","Regal Pillow","Singing Bowl","Incense Burner","Bottled Lightning"],"potions_floor_usage":[8,40,56,56],"damage_taken":[{"damage":1,"enemies":"Cultist","floor":1,"turns":3},{"damage":17,"enemies":"Small Slimes","floor":2,"turns":5},{"damage":4,"enemies":"Jaw Worm","floor":4,"turns":4},{"damage":2,"enemies":"Exordium Wildlife","floor":5,"turns":4},{"damage":35,"enemies":"Gremlin Nob","floor":8,"turns":4},{"damage":22,"enemies":"3 Sentries","floor":12,"turns":6},{"damage":0,"enemies":"2 Fungi Beasts","floor":13,"turns":2},{"damage":13,"enemies":"Large Slime","floor":14,"turns":3},{"damage":16,"enemies":"Slime Boss","floor":16,"turns":8},{"damage":5,"enemies":"Spheric Guardian","floor":18,"turns":3},{"damage":14,"enemies":"Chosen","floor":19,"turns":3},{"damage":13,"enemies":"Gremlin Leader","floor":25,"turns":3},{"damage":21,"enemies":"Shelled Parasite and Fungi","floor":27,"turns":3},{"damage":19,"enemies":"Slavers","floor":28,"turns":4},{"damage":16,"enemies":"Centurion and Healer","floor":30,"turns":2},{"damage":16,"enemies":"Book of Stabbing","floor":31,"turns":3},{"damage":74,"enemies":"Champ","floor":33,"turns":12},{"damage":34,"enemies":"3 Darklings","floor":35,"turns":4},{"damage":14,"enemies":"3 Shapes","floor":36,"turns":4},{"damage":48,"enemies":"Spire Growth","floor":39,"turns":6},{"damage":52,"enemies":"Reptomancer","floor":40,"turns":8},{"damage":10,"enemies":"3 Darklings","floor":41,"turns":9},{"damage":3,"enemies":"Jaw Worm Horde","floor":44,"turns":4},{"damage":19,"enemies":"Giant Head","floor":45,"turns":5},{"damage":10,"enemies":"Maw","floor":46,"turns":7},{"damage":26,"enemies":"Spire Growth","floor":48,"turns":8},{"damage":96,"enemies":"Time Eater","floor":50,"turns":13},{"damage":39,"enemies":"Donu and Deca","floor":51,"turns":12},{"damage":45,"enemies":"Shield and Spear","floor":55,"turns":6},{"damage":137,"enemies":"The Heart","floor":56,"turns":8}],"green_key_taken_log":8,"seed_played":"2721156632989691598","neow_bonus_log":{"cardsObtained":[],"cardsUpgraded":[],"cardsRemoved":[],"cardsTransformed":[],"relicsObtained":[],"maxHpGained":0,"goldGained":100,"damageTaken":0,"goldLost":0,"maxHpLost":0},"potions_obtained":[{"floor":1,"key":"PowerPotion"},{"floor":5,"key":"Weak Potion"},{"floor":8,"key":"Fire Potion"},{"floor":12,"key":"SteroidPotion"},{"floor":40,"key":"HeartOfIron"}],"is_trial":false,"path_per_floor":["M","M","?","M","M","R","$","E","T","R","?","E","M","M","R","B",null,"M","M","?","T","$","R","?","E","T","M","E","$","M","E","R","B",null,"M","M","$","?","M","E","M","R","T","M","E","M","R","M","R","B","B",null,"R","$","E","B",null],"character_chosen":"IRONCLAD","basemod:card_modifiers":[null,null,null,null,null,null,null,null,null,null,null,null,null,null,null,null,null,null,null,null,null,null,null,null,null,null,null,null,null,null,null,null,null,null,null,null,null],"items_purchased":["Hemokinesis","Bloodletting","Nunchaku","Disarm","Reaper","Dark Embrace"],"campfire_rested":2,"item_purchase_floors":[7,7,22,37,37,54],"current_hp_per_floor":[73,62,62,64,68,68,68,39,39,39,39,23,29,22,44,34,65,66,58,37,37,37,61,61,78,78,71,80,80,80,80,80,30,68,81,86,86,76,56,54,89,89,89,92,82,92,92,100,100,37,59,97,97,97,111,69],"gold":80,"neow_bonus":"HUNDRED_GOLD","is_prod":false,"is_daily":false,"rewards_skipped":[{"floor":19,"relics":[],"potions":["Strength Potion"]},{"floor":30,"relics":[],"potions":["Explosive Potion"]},{"floor":31,"relics":[],"potions":["Explosive Potion"]},{"floor":33,"relics":[],"potions":["Dexterity Potion"]},{"floor":39,"relics":[],"potions":["Fire Potion"]},{"floor":41,"relics":[],"potions":["EssenceOfSteel"]},{"floor":44,"relics":[],"potions":["Fire Potion"]}],"chose_seed":false,"campfire_upgraded":6,"win_rate":0,"floor_exit_playtime":[54,105,120,159,202,208,227,275,285,290,294,400,427,460,467,575,626,679,722,728,736,755,764,779,930,933,990,1078,1099,1142,1207,1221,1387,1442,1539,1658,1687,1721,1836,2008,2146,2156,2159,2242,2330,2424,2446,2562,2581,2868,3138,3150,3176,3213,3424,3671],"timestamp":1708559371,"blue_key_relic_skipped_log":{"floor":21,"relicID":"MawBank"},"path_taken":["M","M","?","M","M","R","$","E","T","R","?","E","M","?","R","BOSS","M","M","?","?","$","R","?","E","T","M","E","$","M","E","R","BOSS","M","M","$","?","M","E","M","R","T","M","E","?","R","M","R","BOSS","BOSS","R","$","E","BOSS"],"build_version":"2022-12-18","purchased_purges":1,"victory":true,"max_hp_per_floor":[75,75,75,75,75,75,75,75,75,75,75,75,75,75,75,75,75,75,75,80,80,80,80,80,80,80,80,80,80,80,80,80,80,80,83,86,86,86,86,86,89,89,89,92,95,100,100,103,103,106,109,109,109,109,112,112],"relic_stats":{"Regal Pillow":0,"Gremlin Horn":[33,33],"Singing Bowl":2,"counters":[30,166],"Pen Nib":[31],"PreservedInsect":311,"Burning Blood":161,"Centennial Puzzle":[72],"Nunchaku":[27],"Tiny Chest":0,"Bottled Lightning":"Bloodletting","obtain_stats":[{"Regal Pillow":40,"Gremlin Horn":12,"Singing Bowl":43,"Pen Nib":8,"PreservedInsect":28,"Incense Burner":45,"Burning Blood":0,"Runic Dome":34,"Centennial Puzzle":9,"Nunchaku":22,"Anchor":31,"Tiny Chest":25,"Bottled Lightning":55,"Red Skull":26,"Runic Cube":17},{"Regal Pillow":21,"Gremlin Horn":6,"Singing Bowl":22,"Pen Nib":5,"PreservedInsect":14,"Incense Burner":24,"Burning Blood":0,"Runic Dome":17,"Centennial Puzzle":5,"Nunchaku":11,"Anchor":16,"Tiny Chest":12,"Bottled Lightning":29,"Red Skull":12,"Runic Cube":9},{"Regal Pillow":94,"Gremlin Horn":26,"Singing Bowl":103,"Pen Nib":20,"PreservedInsect":55,"Incense Burner":112,"Burning Blood":0,"Runic Dome":72,"Centennial Puzzle":20,"Nunchaku":45,"Anchor":60,"Tiny Chest":48,"Bottled Lightning":158,"Red Skull":48,"Runic Cube":39}],"Runic Cube":[199]},"card_choices":[{"not_picked":["Thunderclap","Fire Breathing"],"picked":"Blood for Blood","floor":1},{"not_picked":["Wild Strike","Dark Embrace","Warcry"],"picked":"SKIP","floor":2},{"not_picked":["Wild Strike","Dark Embrace"],"picked":"Warcry","floor":2},{"not_picked":["True Grit","Fire Breathing","Blood for Blood"],"picked":"SKIP","floor":4},{"not_picked":["Spot Weakness","Rampage"],"picked":"Carnage","floor":5},{"not_picked":["Dark Embrace","Wild Strike"],"picked":"Headbutt","floor":8},{"not_picked":["Anger","Wild Strike"],"picked":"Shrug It Off","floor":12},{"not_picked":["Iron Wave","Uppercut"],"picked":"Spot Weakness","floor":13},{"not_picked":["Warcry","True Grit"],"picked":"Anger","floor":14},{"not_picked":["Barricade","Demon Form"],"picked":"Reaper","floor":16},{"not_picked":["Dropkick","Sword Boomerang+1"],"picked":"Shrug It Off","floor":18},{"not_picked":["Armaments","Pummel"],"picked":"Bloodletting","floor":19},{"not_picked":["Havoc","Thunderclap"],"picked":"Feel No Pain","floor":25},{"not_picked":["Searing Blow","Thunderclap","True Grit"],"picked":"SKIP","floor":27},{"not_picked":["Searing Blow","Thunderclap","True Grit"],"picked":"SKIP","floor":27},{"not_picked":["Feel No Pain","Pummel"],"picked":"Ghostly Armor+1","floor":28},{"not_picked":["Cleave","Anger","Warcry"],"picked":"SKIP","floor":30},{"not_picked":["Headbutt+1","Havoc"],"picked":"Barricade","floor":31},{"not_picked":["Fiend Fire","Barricade"],"picked":"Feed","floor":33},{"not_picked":["Flex+1","True Grit"],"picked":"Shockwave","floor":35},{"not_picked":["Wild Strike","Clothesline"],"picked":"Havoc","floor":36},{"not_picked":["Panache","Deep Breath"],"picked":"Flash of Steel","floor":38},{"not_picked":["Flash of Steel","Impatience"],"picked":"Dark Shackles","floor":38},{"not_picked":["Dramatic Entrance","Mind Blast"],"picked":"Trip","floor":38},{"not_picked":["Dropkick","Iron Wave","Rampage"],"picked":"SKIP","floor":39},{"not_picked":["Anger+1","Reckless Charge"],"picked":"Pommel Strike+1","floor":41},{"not_picked":["Body Slam","Flex"],"picked":"Clothesline","floor":44},{"not_picked":["Dual Wield","Wild Strike"],"picked":"Brutality","floor":45},{"not_picked":["Havoc","Body Slam","Cleave"],"picked":"Singing Bowl","floor":46},{"not_picked":["Evolve","Battle Trance"],"picked":"Shockwave+1","floor":48},{"not_picked":["Rage","Shrug It Off"],"picked":"Rupture+1","floor":55}],"player_experience":6236816,"relics_obtained":[{"floor":8,"key":"Pen Nib"},{"floor":9,"key":"Centennial Puzzle"},{"floor":12,"key":"Gremlin Horn"},{"floor":25,"key":"Tiny Chest"},{"floor":26,"key":"Red Skull"},{"floor":28,"key":"PreservedInsect"},{"floor":31,"key":"Anchor"},{"floor":40,"key":"Regal Pillow"},{"floor":43,"key":"Singing Bowl"},{"floor":45,"key":"Incense Burner"},{"floor":55,"key":"Bottled Lightning"}],"event_choices":[{"cards_removed":["Strike_R"],"damage_healed":0,"gold_gain":0,"player_choice":"Card Removal","damage_taken":0,"max_hp_gain":0,"max_hp_loss":0,"event_name":"The Cleric","floor":3,"gold_loss":75},{"damage_healed":0,"gold_gain":0,"player_choice":"Fled","damage_taken":0,"max_hp_gain":0,"max_hp_loss":0,"event_name":"Scrap Ooze","floor":11,"gold_loss":0},{"damage_healed":0,"gold_gain":0,"player_choice":"Shed Blood","damage_taken":26,"max_hp_gain":5,"max_hp_loss":0,"event_name":"Forgotten Altar","floor":20,"gold_loss":0},{"cards_removed":["Strike_R"],"damage_healed":0,"gold_gain":0,"player_choice":"Upgrade and Remove","damage_taken":0,"max_hp_gain":0,"max_hp_loss":0,"event_name":"Designer","floor":24,"gold_loss":110,"cards_upgraded":["Spot Weakness"]},{"damage_healed":0,"gold_gain":0,"player_choice":"Memory 3","damage_taken":10,"max_hp_gain":0,"max_hp_loss":0,"event_name":"SensoryStone","floor":38,"gold_loss":0}],"is_beta":false,"boss_relics":[{"not_picked":["Calling Bell","Snecko Eye"],"picked":"Runic Cube"},{"not_picked":["SacredBark","Black Star"],"picked":"Runic Dome"}],"items_purged_floors":[29],"is_endless":false,"potions_floor_spawned":[1,5,8,12,19,30,31,33,39,40,41,44],"ascension_level":20,"potion_discard_per_floor":[[],[],[],[],[],[],[],[],[],[],[],["Weak Potion"],[],[],[],[],[],[],[],[],[],[],[],[],[],[],[],[],[],[],[],[],[],[],[],[],[],[],[],[],[],[],[],[],[],[],[],[],[],[],[],[],[],[],[],[],[]]}