{"neow_bonuses_skipped_log":["TRANSFORM_CARD","RANDOM_COMMON_RELIC","BOSS_RELIC"],"potions_obtained_entropic_brew":[[],[],[],[],[],[],[],[],[],[],[],[],[],[],[],[],[],[],[],[],[],[],[],[],[],[],[],[],[],[],[],[],[],[],[],[],[],[],[],[],[],[],[],[],[],[],[],[],[],[],[],[],[],[],[],[],[]],"neow_costs_skipped_log":["NONE","NONE","NONE"],"gold_per_floor":[367,377,452,53,69,97,97,62,85,119,131,131,164,181,181,256,256,276,191,206,46,59,84,84,115,115,134,145,70,97,107,107,179,179,199,217,87,103,103,103,131,131,131,131,131,131,176,204,204,204,204,204,204,35,62,62],"floor_reached":57,"playtime":5366,"items_purged":["Writhe","Strike_R"],"score":3051,"play_id":"64ca9b20-f086-47e3-86a9-5db63ab59f59","local_time":"20240220222608","score_breakdown":["Floors Climbed (57): 285","Enemies Slain (14): 28","Exordium Elites Killed (3): 30","City Elites Killed (3): 60","Beyond Elites Killed (2): 60","Bosses Slain (5): 750","Money Money (1016): 25","Champion (1): 25","Perfect (2): 100","Overkill: 25","C-c-c-combo: 25","Ascension (20): 1388","Heartbreaker: 250"],"is_ascension_mode":true,"potions_obtained_alchemize":[[],[],[],[],[],[],[],[],[],[],[],[],[],[],[],[],[],[],[],[],[],[],[],[],[],[],[],[],[],[],[],[],[],[],[],[],[],[],[],[],[],[],[],[],[],[],[],[],[],[],[],[],[],[],[],[],[]],"campfire_choices":[{"floor":7,"key":"REST"},{"data":"Offering","floor":15,"key":"SMITH"},{"data":"Fiend Fire","floor":24,"key":"SMITH"},{"data":"True Grit","floor":32,"key":"SMITH"},{"floor":40,"key":"RECALL"},{"data":"Feel No Pain","floor":44,"key":"SMITH"},{"data":"Shockwave","floor":46,"key":"SMITH"},{"data":"Burning Pact","floor":49,"key":"SMITH"},{"data":"Warcry","floor":53,"key":"SMITH"}],"lesson_learned_per_floor":[[],[],[],[],[],[],[],[],[],[],[],[],[],[],[],[],[],[],[],[],[],[],[],[],[],[],[],[],[],[],[],[],[],[],[],[],[],[],[],[],[],[],[],[],[],[],[],[],[],[],[],[],[],[],[],[],[]],"neow_cost":"CURSE","improvable_cards":{},"seed_source_timestamp":14742170270824,"shop_contents":[{"floor":4,"relics":["Omamori","White Beast Statue","Cauldron"],"cards":["Uppercut","Warcry","Dark Embrace","Metamorphosis"],"potions":["SkillPotion","LiquidBronze","CultistPotion"]},{"floor":21,"relics":["Nunchaku","Bag of Marbles"],"cards":["Uppercut","Clothesline","Armaments","Seeing Red","Metallicize","Enlightenment","Master of Strategy"],"potions":["Swift Potion","LiquidBronze","Swift Potion"]},{"floor":37,"relics":["TungstenRod","Regal Pillow","TheAbacus"],"cards":["Clash","Iron Wave","Seeing Red","Dark Embrace","Forethought","Transmutation"],"potions":["Weak Potion","BloodPotion","FearPotion"]},{"floor":39,"relics":["InkBottle","Anchor","Toolbox"],"cards":["Blood for Blood","Anger","Intimidate","True Grit","Metallicize","Purity","Mayhem"],"potions":["LiquidBronze","Explosive Potion","LiquidMemories"]},{"floor":54,"relics":["Mummified Hand","Turnip"],"cards":["Cleave","Iron Wave","Flex","Armaments","Metallicize","Swift Strike","The Bomb"],"potions":["SteroidPotion","FearPotion","Fire Potion"]}],"circlet_count":0,"master_deck":["AscendersBane","Defend_R","Defend_R","Defend_R","Defend_R","Bash+1","Second Wind","Shockwave+1","Reaper+1","Flash of Steel","Dual Wield","Offering+1","Burning Pact+1","Double Tap","Corruption+1","Shrug It Off","Fiend Fire+1","Warcry+1","Disarm","Sentinel","Shrug It Off","Seeing Red","Sentinel+1","True Grit+1","Pummel+1","Limit Break","Feel No Pain+1","Bloodletting","Havoc","Havoc+1","Shockwave+1"],"potion_use_per_floor":[[],[],[],[],[],["Explosive Potion"],[],[],[],[],[],[],[],[],[],[],[],[],[],[],[],[],[],[],[],[],[],[],[],["GamblersBrew"],[],[],[],[],[],[],[],[],[],[],[],[],[],[],[],[],[],[],[],[],[],[],[],[],["Swift Potion"],["HeartOfIron"],[]],"relics":["Burning Blood","HornCleat","Red Skull","Art of War","Whetstone","Empty Cage","Charon\u0027s Ashes","Frozen Eye","Oddly Smooth Stone","Toy Ornithopter","Bird Faced Urn","Dead Branch","SlaversCollar","Dream Catcher","Ice Cream","StoneCalendar","Lee\u0027s Waffle","Happy Flower"],"potions_floor_usage":[6,30,55,56],"damage_taken":[{"damage":23,"enemies":"Cultist","floor":1,"turns":5},{"damage":5,"enemies":"Small Slimes","floor":2,"turns":4},{"damage":13,"enemies":"2 Louse","floor":5,"turns":6},{"damage":25,"enemies":"Lagavulin","floor":6,"turns":7},{"damage":36,"enemies":"3 Sentries","floor":10,"turns":9},{"damage":14,"enemies":"Large Slime","floor":11,"turns":5},{"damage":34,"enemies":"Gremlin Nob","floor":13,"turns":4},{"damage":9,"enemies":"Red Slaver","floor":14,"turns":2},{"damage":34,"enemies":"Slime Boss","floor":16,"turns":6},{"damage":22,"enemies":"Shell Parasite","floor":18,"turns":3},{"damage":7,"enemies":"3 Byrds","floor":20,"turns":5},{"damage":6,"enemies":"Centurion and Healer","floor":22,"turns":3},{"damage":14,"enemies":"Book of Stabbing","floor":23,"turns":4},{"damage":26,"enemies":"Gremlin Leader","floor":25,"turns":5},{"damage":29,"enemies":"Shelled Parasite and Fungi","floor":27,"turns":4},{"damage":14,"enemies":"Snake Plant","floor":28,"turns":4},{"damage":54,"enemies":"Book of Stabbing","floor":30,"turns":7},{"damage":6,"enemies":"Sentry and Sphere","floor":31,"turns":3},{"damage":10,"enemies":"Collector","floor":33,"turns":5},{"damage":0,"enemies":"Orb Walker","floor":35,"turns":2},{"damage":14,"enemies":"3 Shapes","floor":36,"turns":3},{"damage":3,"enemies":"3 Darklings","floor":38,"turns":1},{"damage":26,"enemies":"Nemesis","floor":41,"turns":3},{"damage":10,"enemies":"2 Orb Walkers","floor":47,"turns":3},{"damage":12,"enemies":"Reptomancer","floor":48,"turns":1},{"damage":3,"enemies":"Donu and Deca","floor":50,"turns":5},{"damage":9,"enemies":"Awakened One","floor":51,"turns":4},{"damage":15,"enemies":"Shield and Spear","floor":55,"turns":3},{"damage":40,"enemies":"The Heart","floor":56,"turns":6}],"green_key_taken_log":30,"seed_played":"2688392052016552409","neow_bonus_log":{"cardsObtained":["Writhe"],"cardsUpgraded":[],"cardsRemoved":[],"cardsTransformed":[],"relicsObtained":[],"maxHpGained":0,"goldGained":250,"damageTaken":0,"goldLost":0,"maxHpLost":0},"potions_obtained":[{"floor":2,"key":"GamblersBrew"},{"floor":5,"key":"Explosive Potion"},{"floor":11,"key":"EssenceOfSteel"},{"floor":13,"key":"HeartOfIron"},{"floor":31,"key":"Swift Potion"},{"floor":55,"key":"SmokeBomb"}],"is_trial":false,"path_per_floor":["M","M","?","$","M","E","R","?","T","E","M","?","E","M","R","B",null,"M","?","M","$","M","E","R","E","T","M","M","?","E","M","R","B",null,"M","M","$","M","$","R","E","?","T","R","?","R","?","E","R","B","B",null,"R","$","E","B",null],"character_chosen":"IRONCLAD","basemod:card_modifiers":[null,null,null,null,null,null,null,null,null,null,null,null,null,null,null,null,null,null,null,null,null,null,null,null,null,null,null,null,null,null,null],"items_purchased":["Shockwave","Reaper","Flash of Steel","Frozen Eye","Havoc","Lee\u0027s Waffle"],"campfire_rested":1,"item_purchase_floors":[4,4,4,21,37,54],"current_hp_per_floor":[51,52,41,41,37,18,40,58,58,47,49,49,27,32,32,20,61,59,59,59,59,73,65,65,62,62,49,54,54,20,35,35,49,69,75,75,75,75,75,75,62,62,62,62,62,62,62,75,75,75,75,75,75,82,82,82],"gold":62,"neow_bonus":"TWO_FIFTY_GOLD","is_prod":false,"is_daily":false,"rewards_skipped":[{"floor":16,"relics":[],"potions":["FearPotion"]},{"floor":20,"relics":[],"potions":["EssenceOfSteel"]},{"floor":23,"relics":[],"potions":["Weak Potion"]},{"floor":25,"relics":[],"potions":["Regen Potion"]},{"floor":27,"relics":[],"potions":["SpeedPotion"]},{"floor":28,"relics":[],"potions":["Strength Potion"]},{"floor":36,"relics":[],"potions":["BloodPotion"]},{"floor":38,"relics":[],"potions":["Ancient Potion"]},{"floor":47,"relics":[],"potions":["SkillPotion"]}],"chose_seed":false,"campfire_upgraded":7,"win_rate":0,"floor_exit_playtime":[75,113,117,150,221,292,295,299,304,407,446,457,535,565,611,721,747,848,856,953,988,2549,2963,2975,3483,3487,3589,3675,3682,3866,3926,3943,4146,4167,4217,4291,4302,4359,4376,4381,4456,4460,4464,4476,4494,4503,4593,4637,4646,4813,4968,4982,4991,4997,5149,5366],"timestamp":1708485968,"blue_key_relic_skipped_log":{"floor":43,"relicID":"Lizard Tail"},"path_taken":["M","M","?","?","M","E","R","?","T","E","M","?","E","M","R","BOSS","M","?","M","$","?","E","R","E","T","M","M","?","E","M","R","BOSS","M","?","$","M","?","R","E","?","T","R","?","R","?","E","R","BOSS","BOSS","R","$","E","BOSS"],"build_version":"2022-12-18","purchased_purges":2,"victory":true,"max_hp_per_floor":[75,75,75,75,75,75,75,75,75,75,75,75,75,75,75,75,75,75,75,75,75,75,75,75,75,75,75,75,75,75,75,75,75,75,75,75,75,75,75,75,75,75,75,75,75,75,75,75,75,75,75,75,75,82,82,82],"relic_stats":{"Ice Cream":[51],"Lee\u0027s Waffle":7,"Happy Flower":[2],"counters":[29,122],"Dead Branch":[386],"StoneCalendar":[0],"Charon\u0027s Ashes":[2237],"Whetstone":["Reaper","Bash"],"Burning Blood":137,"Frozen Eye":203.95541,"Dream Catcher":0,"Bird Faced Urn":[68],"Art of War":[17],"obtain_stats":[{"Ice Cream":47,"Lee\u0027s Waffle":54,"Happy Flower":55,"Dead Branch":30,"Oddly Smooth Stone":23,"StoneCalendar":48,"Charon\u0027s Ashes":19,"Whetstone":13,"Empty Cage":17,"Burning Blood":0,"Frozen Eye":21,"SlaversCollar":34,"Dream Catcher":41,"HornCleat":6,"Bird Faced Urn":26,"Art of War":10,"Red Skull":9,"Toy Ornithopter":25},{"Ice Cream":24,"Lee\u0027s Waffle":27,"Happy Flower":28,"Dead Branch":17,"Oddly Smooth Stone":13,"StoneCalendar":25,"Charon\u0027s Ashes":10,"Whetstone":7,"Empty Cage":9,"Burning Blood":0,"Frozen Eye":11,"SlaversCollar":19,"Dream Catcher":23,"HornCleat":4,"Bird Faced Urn":14,"Art of War":5,"Red Skull":4,"Toy Ornithopter":14},{"Ice Cream":103,"Lee\u0027s Waffle":113,"Happy Flower":116,"Dead Branch":83,"Oddly Smooth Stone":63,"StoneCalendar":104,"Charon\u0027s Ashes":51,"Whetstone":40,"Empty Cage":48,"Burning Blood":0,"Frozen Eye":56,"SlaversCollar":91,"Dream Catcher":100,"HornCleat":22,"Bird Faced Urn":68,"Art of War":31,"Red Skull":22,"Toy Ornithopter":68}],"Toy Ornithopter":14},"card_choices":[{"not_picked":["Havoc","Dark Embrace"],"picked":"Second Wind","floor":1},{"not_picked":["Burning Pact","Shrug It Off"],"picked":"Anger","floor":2},{"not_picked":["Uppercut","Body Slam","True Grit"],"picked":"SKIP","floor":5},{"not_picked":["Combust","Thunderclap"],"picked":"Dual Wield","floor":6},{"not_picked":["Battle Trance","Anger"],"picked":"Offering","floor":10},{"not_picked":["Carnage","Fire Breathing"],"picked":"Burning Pact","floor":11},{"not_picked":["Thunderclap","Heavy Blade"],"picked":"Corruption","floor":13},{"not_picked":["Inflame","Cleave"],"picked":"Shrug It Off","floor":14},{"not_picked":["Barricade","Double Tap"],"picked":"Fiend Fire","floor":16},{"not_picked":["Clothesline","Havoc"],"picked":"Warcry","floor":18},{"not_picked":["Carnage","Heavy Blade"],"picked":"Disarm","floor":20},{"not_picked":["Perfected Strike","Wild Strike","Juggernaut"],"picked":"SKIP","floor":22},{"not_picked":["Perfected Strike","Wild Strike","Juggernaut"],"picked":"SKIP","floor":22},{"not_picked":["Seeing Red","Thunderclap"],"picked":"Sentinel","floor":23},{"not_picked":["Thunderclap","Havoc"],"picked":"Shrug It Off","floor":25},{"not_picked":["Body Slam","Clothesline"],"picked":"Seeing Red","floor":27},{"not_picked":["Warcry","Infernal Blade"],"picked":"Sentinel+1","floor":28},{"not_picked":["Rage","Double Tap"],"picked":"True Grit","floor":30},{"not_picked":["Clothesline","Wild Strike"],"picked":"Pummel+1","floor":31},{"not_picked":["Bludgeon","Brutality"],"picked":"Limit Break","floor":33},{"not_picked":["Pommel Strike","Rampage"],"picked":"Feel No Pain","floor":35},{"not_picked":["Pommel Strike","Twin Strike"],"picked":"Bloodletting","floor":36},{"not_picked":["Rampage","Anger","Warcry"],"picked":"SKIP","floor":38},{"not_picked":["Rampage","Clothesline"],"picked":"Havoc+1","floor":41},{"not_picked":["Headbutt+1","Anger","Pummel"],"picked":"SKIP","floor":47},{"not_picked":["Inflame+1","Body Slam"],"picked":"Shockwave+1","floor":48},{"not_picked":["Seeing Red","Iron Wave+1","Heavy Blade"],"picked":"SKIP","floor":55}],"player_experience":6222135,"relics_obtained":[{"floor":6,"key":"HornCleat"},{"floor":9,"key":"Red Skull"},{"floor":10,"key":"Art of War"},{"floor":13,"key":"Whetstone"},{"floor":23,"key":"Oddly Smooth Stone"},{"floor":25,"key":"Toy Ornithopter"},{"floor":26,"key":"Bird Faced Urn"},{"floor":30,"key":"Dead Branch"},{"floor":41,"key":"Dream Catcher"},{"floor":47,"key":"Ice Cream"},{"floor":48,"key":"StoneCalendar"},{"floor":55,"key":"Happy Flower"}],"event_choices":[{"damage_healed":0,"gold_gain":75,"player_choice":"Gather Gold","damage_taken":11,"max_hp_gain":0,"max_hp_loss":0,"event_name":"World of Goop","floor":3,"gold_loss":0},{"damage_healed":18,"gold_gain":0,"player_choice":"Healed","damage_taken":0,"max_hp_gain":0,"max_hp_loss":0,"event_name":"The Cleric","floor":8,"gold_loss":35},{"damage_healed":0,"gold_gain":0,"cards_transformed":["Strike_R"],"player_choice":"Transformed","damage_taken":0,"max_hp_gain":0,"max_hp_loss":0,"event_name":"Transmorgrifier","floor":12,"gold_loss":0,"cards_obtained":["Double Tap"]},{"damage_healed":0,"gold_gain":0,"player_choice":"Obtained Relic","damage_taken":0,"relics_obtained":["Charon\u0027s Ashes"],"max_hp_gain":0,"max_hp_loss":0,"event_name":"Addict","floor":19,"gold_loss":85},{"cards_removed":["Strike_R"],"damage_healed":0,"gold_gain":0,"player_choice":"Gave Gold","damage_taken":0,"max_hp_gain":0,"max_hp_loss":0,"event_name":"Beggar","floor":29,"gold_loss":75},{"damage_healed":0,"gold_gain":0,"player_choice":"Upgraded","damage_taken":0,"max_hp_gain":0,"max_hp_loss":0,"event_name":"Upgrade Shrine","floor":42,"gold_loss":0,"cards_upgraded":["Corruption"]},{"cards_removed":["Anger"],"damage_healed":0,"gold_gain":0,"player_choice":"Card Removal","damage_taken":0,"max_hp_gain":0,"max_hp_loss":0,"event_name":"Wheel of Change","floor":45,"gold_loss":0},{"damage_healed":0,"gold_gain":0,"player_choice":"Fight","damage_taken":0,"max_hp_gain":0,"max_hp_loss":0,"event_name":"Mysterious Sphere","floor":47,"gold_loss":0}],"is_beta":false,"boss_relics":[{"not_picked":["Calling Bell","Black Blood"],"picked":"Empty Cage"},{"not_picked":["Tiny House","Runic Dome"],"picked":"SlaversCollar"}],"items_purged_floors":[4,37],"is_endless":false,"potions_floor_spawned":[2,5,11,13,16,20,23,25,27,28,31,36,38,47,55],"ascension_level":20,"potion_discard_per_floor":[[],[],[],[],[],[],[],[],[],[],[],[],["EssenceOfSteel"],[],[],[],[],[],[],[],[],[],[],[],[],[],[],[],[],[],[],[],[],[],[],[],[],[],[],[],[],[],[],[],[],[],[],[],[],[],[],[],[],[],[],[],[]]}