{"neow_bonuses_skipped_log":["THREE_ENEMY_KILL","TWENTY_PERCENT_HP_BONUS","BOSS_RELIC"],"potions_obtained_entropic_brew":[[],[],[],[],[],[],[],[],[],[],[],[],[],[],[],[],[],[],[],[],[],[],[],[],[],[],[],[],[],[],[],[],[],[],[],[],[],[],[],[],[],[],[],[],[],[],[],[],[],[],[],[],[],[],[],[],[]],"neow_costs_skipped_log":["NONE","NO_GOLD","NONE"],"gold_per_floor":[111,122,272,37,52,52,62,62,62,62,73,89,122,140,140,219,219,236,248,264,314,333,345,356,356,356,375,375,410,120,120,120,197,197,212,231,250,270,287,287,299,315,315,333,33,58,58,86,86,86,86,86,86,56,87,87],"floor_reached":57,"playtime":3284,"items_purged":["Doubt"],"score":2688,"play_id":"9248ced8-fc49-4fe3-a80a-db7296933dbf","local_time":"20240217130527","score_breakdown":["Floors Climbed (57): 285","Enemies Slain (22): 44","Exordium Elites Killed (1): 10","City Elites Killed (1): 20","Beyond Elites Killed (2): 60","Bosses Slain (5): 750","Speedster: 25","Librarian: 25","Stuffed: 50","Ascension (20): 1169","Heartbreaker: 250"],"is_ascension_mode":true,"potions_obtained_alchemize":[[],[],[],[],[],[],[],[],[],[],[],[],[],[],[],[],[],[],[],[],[],[],[],[],[],[],[],[],[],[],[],[],[],[],[],[],[],[],[],[],[],[],[],[],[],[],[],[],[],[],[],[],[],[],[],[],[]],"campfire_choices":[{"data":"Armaments","floor":6,"key":"SMITH"},{"data":"Double Tap","floor":8,"key":"SMITH"},{"data":"Cleave","floor":10,"key":"SMITH"},{"data":"Pommel Strike","floor":15,"key":"SMITH"},{"floor":25,"key":"REST"},{"floor":28,"key":"REST"},{"floor":32,"key":"RECALL"},{"floor":40,"key":"REST"},{"floor":47,"key":"REST"},{"floor":49,"key":"REST"},{"floor":53,"key":"REST"}],"lesson_learned_per_floor":[[],[],[],[],[],[],[],[],[],[],[],[],[],[],[],[],[],[],[],[],[],[],[],[],[],[],[],[],[],[],[],[],[],[],[],[],[],[],[],[],[],[],[],[],[],[],[],[],[],[],[],[],[],[],[],[],[]],"neow_cost":"NONE","improvable_cards":{},"seed_source_timestamp":1236004916598,"shop_contents":[{"floor":4,"relics":["Oddly Smooth Stone","Chemical X"],"cards":["Dropkick","Hemokinesis","True Grit","Sentinel","Fire Breathing","Mind Blast","Transmutation"],"potions":["Fire Potion","Block Potion","Dexterity Potion"]},{"floor":30,"relics":["Centennial Puzzle","Ice Cream","TheAbacus"],"cards":["Dropkick","Havoc","Fire Breathing","Bandage Up"],"potions":["BloodPotion","AttackPotion","ElixirPotion"]},{"floor":45,"relics":["Molten Egg 2","Pen Nib"],"cards":["Clothesline","Whirlwind","True Grit","Discovery","Transmutation"],"potions":["Energy Potion","BloodPotion","CultistPotion"]},{"floor":54,"relics":["Strawberry","Self Forming Clay","HandDrill"],"cards":["Searing Blow","Second Wind","Infernal Blade","Rupture","Purity","Metamorphosis"],"potions":["Strength Potion","Block Potion","LiquidMemories"]}],"circlet_count":0,"master_deck":["AscendersBane","Strike_R+1","Strike_R+1","Strike_R+1","Strike_R+1","Defend_R+1","Defend_R+1","Defend_R+1","Defend_R+1","Bash","Double Tap+1","Cleave+1","Armaments+1","Anger","Pommel Strike+1","Feed","Headbutt","Corruption","Perfected Strike","Impervious","Spot Weakness","Reaper","Spot Weakness","Apotheosis","Shrug It Off","Perfected Strike","Exhume","Pommel Strike+1","Fiend Fire","Pummel+1","Clothesline","Burning Pact","Shockwave","Clothesline+1","Evolve","Impervious","Shrug It Off","Power Through","Brutality","Dark Embrace","Pommel Strike"],"potion_use_per_floor":[[],[],[],[],[],[],[],[],[],[],[],[],[],[],[],[],[],[],[],[],[],[],["FearPotion"],[],[],[],[],[],["SkillPotion"],[],[],[],["SkillPotion"],[],[],[],[],[],[],[],[],[],[],["Explosive Potion"],[],[],[],[],[],[],[],[],[],[],[],["Fire Potion"],[]],"relics":["Burning Blood","Anchor","Paper Frog","FossilizedHelix","Fusion Hammer","Dream Catcher","SlaversCollar","Mercury Hourglass","DollysMirror","InkBottle","Pear","TungstenRod"],"potions_floor_usage":[23,29,33,44,56],"damage_taken":[{"damage":7,"enemies":"Small Slimes","floor":1,"turns":4},{"damage":14,"enemies":"Cultist","floor":2,"turns":6},{"damage":0,"enemies":"2 Louse","floor":5,"turns":2},{"damage":0,"enemies":"Red Slaver","floor":7,"turns":4},{"damage":0,"enemies":"Looter","floor":11,"turns":2},{"damage":3,"enemies":"3 Louse","floor":12,"turns":2},{"damage":12,"enemies":"3 Sentries","floor":13,"turns":6},{"damage":0,"enemies":"Blue Slaver","floor":14,"turns":4},{"damage":63,"enemies":"The Guardian","floor":16,"turns":17},{"damage":9,"enemies":"Chosen","floor":18,"turns":5},{"damage":16,"enemies":"Spheric Guardian","floor":19,"turns":4},{"damage":0,"enemies":"Cultist and Chosen","floor":20,"turns":6},{"damage":31,"enemies":"Snake Plant","floor":22,"turns":7},{"damage":25,"enemies":"Shelled Parasite and Fungi","floor":23,"turns":4},{"damage":0,"enemies":"Centurion and Healer","floor":24,"turns":6},{"damage":12,"enemies":"3 Cultists","floor":27,"turns":4},{"damage":18,"enemies":"Slavers","floor":29,"turns":5},{"damage":90,"enemies":"Automaton","floor":33,"turns":10},{"damage":0,"enemies":"Orb Walker","floor":35,"turns":4},{"damage":14,"enemies":"3 Shapes","floor":36,"turns":10},{"damage":51,"enemies":"Spire Growth","floor":37,"turns":7},{"damage":40,"enemies":"Writhing Mass","floor":38,"turns":8},{"damage":19,"enemies":"3 Darklings","floor":39,"turns":8},{"damage":46,"enemies":"4 Shapes","floor":41,"turns":12},{"damage":38,"enemies":"Jaw Worm Horde","floor":42,"turns":6},{"damage":5,"enemies":"Sphere and 2 Shapes","floor":44,"turns":6},{"damage":25,"enemies":"Giant Head","floor":46,"turns":8},{"damage":14,"enemies":"Nemesis","floor":48,"turns":7},{"damage":91,"enemies":"Awakened One","floor":50,"turns":13},{"damage":77,"enemies":"Time Eater","floor":51,"turns":12},{"damage":40,"enemies":"Shield and Spear","floor":55,"turns":6},{"damage":151,"enemies":"The Heart","floor":56,"turns":11}],"green_key_taken_log":46,"seed_played":"6137526111478635236","neow_bonus_log":{"cardsObtained":["Double Tap"],"cardsUpgraded":[],"cardsRemoved":[],"cardsTransformed":["Strike_R"],"relicsObtained":[],"maxHpGained":0,"goldGained":0,"damageTaken":0,"goldLost":0,"maxHpLost":0},"potions_obtained":[{"floor":1,"key":"LiquidBronze"},{"floor":11,"key":"ElixirPotion"},{"floor":12,"key":"Explosive Potion"},{"floor":13,"key":"FearPotion"},{"floor":23,"key":"SkillPotion"},{"floor":29,"key":"SkillPotion"},{"floor":35,"key":"SpeedPotion"},{"floor":42,"key":"Fire Potion"},{"floor":46,"key":"BloodPotion"}],"is_trial":false,"path_per_floor":["M","M","?","$","M","R","M","R","T","R","M","M","E","M","R","B",null,"M","M","M","?","M","M","M","R","T","M","R","E","$","?","R","B",null,"M","M","M","M","M","R","M","M","T","M","$","E","R","E","R","B","B",null,"R","$","E","B",null],"character_chosen":"IRONCLAD","basemod:card_modifiers":[null,null,null,null,null,null,null,null,null,null,null,null,null,null,null,null,null,null,null,null,null,null,null,null,null,null,null,null,null,null,null,null,null,null,null,null,null,null,null,null,null],"items_purchased":["Anchor","Apotheosis","Shrug It Off","Perfected Strike","Evolve","DollysMirror","Shrug It Off","Pommel Strike"],"campfire_rested":6,"item_purchase_floors":[4,30,30,30,45,45,45,54],"current_hp_per_floor":[67,59,59,59,65,65,71,71,71,71,75,75,69,78,78,25,68,68,58,68,60,39,23,33,63,63,73,104,104,104,104,104,30,89,109,116,71,41,104,124,110,89,89,100,100,86,126,128,146,108,61,131,154,154,141,34],"gold":87,"neow_bonus":"TRANSFORM_CARD","is_prod":false,"is_daily":false,"rewards_skipped":[{"floor":14,"relics":[],"potions":["ColorlessPotion"]},{"floor":18,"relics":[],"potions":["Block Potion"]},{"floor":19,"relics":[],"potions":["BlessingOfTheForge"]},{"floor":24,"relics":[],"potions":["LiquidBronze"]},{"floor":38,"relics":[],"potions":["SpeedPotion"]},{"floor":48,"relics":[],"potions":["Fire Potion"]}],"chose_seed":false,"campfire_upgraded":4,"win_rate":0,"floor_exit_playtime":[69,114,122,136,166,172,193,198,201,208,223,252,322,358,363,633,671,729,780,847,857,915,994,1049,1054,1058,1127,1132,1225,1245,1249,1253,1374,1415,1455,1565,1627,1736,1837,1844,1943,2048,2050,2128,2163,2260,2265,2368,2383,2562,2728,2742,2750,2837,3067,3284],"timestamp":1708193127,"blue_key_relic_skipped_log":{"floor":26,"relicID":"Juzu Bracelet"},"path_taken":["M","?","?","$","M","R","M","R","T","R","M","M","E","?","R","BOSS","M","M","M","?","?","M","M","R","T","M","R","E","$","?","R","BOSS","M","M","M","M","M","R","M","M","T","M","$","E","R","E","R","BOSS","BOSS","R","$","E","BOSS"],"build_version":"2022-12-18","purchased_purges":1,"victory":true,"max_hp_per_floor":[75,75,75,75,75,75,75,75,75,75,75,75,75,78,78,82,82,85,85,89,89,93,96,100,100,100,104,104,108,108,108,108,108,108,112,116,116,120,124,124,132,132,132,136,136,136,136,146,146,150,154,154,154,154,154,154],"relic_stats":{"Dream Catcher":4,"counters":[32,216],"obtain_stats":[{"SlaversCollar":34,"Anchor":4,"Dream Catcher":29,"Pear":48,"DollysMirror":45,"Fusion Hammer":17,"Burning Blood":0,"FossilizedHelix":13,"InkBottle":46,"TungstenRod":55,"Paper Frog":9,"Mercury Hourglass":43},{"SlaversCollar":18,"Anchor":2,"Dream Catcher":17,"Pear":28,"DollysMirror":26,"Fusion Hammer":9,"Burning Blood":0,"FossilizedHelix":7,"InkBottle":27,"TungstenRod":31,"Paper Frog":4,"Mercury Hourglass":25},{"SlaversCollar":98,"Anchor":10,"Dream Catcher":88,"Pear":174,"DollysMirror":159,"Fusion Hammer":47,"Burning Blood":0,"FossilizedHelix":26,"InkBottle":167,"TungstenRod":205,"Paper Frog":16,"Mercury Hourglass":153}],"Burning Blood":187,"FossilizedHelix":[322],"InkBottle":[19],"TungstenRod":69,"Mercury Hourglass":[207]},"card_choices":[{"not_picked":["Dropkick","Entrench"],"picked":"Cleave","floor":1},{"not_picked":["Sword Boomerang","Clash"],"picked":"Armaments","floor":2},{"not_picked":["Dropkick","Warcry"],"picked":"Anger","floor":7},{"not_picked":["Wild Strike","Heavy Blade","Flex"],"picked":"SKIP","floor":11},{"not_picked":["Exhume","Sword Boomerang"],"picked":"Pommel Strike","floor":12},{"not_picked":["Metallicize","Rage"],"picked":"Feed","floor":13},{"not_picked":["Sever Soul","Iron Wave"],"picked":"Headbutt","floor":14},{"not_picked":["Brutality","Impervious"],"picked":"Corruption","floor":16},{"not_picked":["Clash","Sword Boomerang"],"picked":"Perfected Strike","floor":18},{"not_picked":["Pommel Strike","Blood for Blood"],"picked":"Impervious","floor":19},{"not_picked":["Rampage","True Grit"],"picked":"Spot Weakness","floor":20},{"not_picked":["Anger","Thunderclap","Clash"],"picked":"SKIP","floor":22},{"not_picked":["Anger","Armaments","Sword Boomerang"],"picked":"SKIP","floor":23},{"not_picked":["Armaments","Body Slam"],"picked":"Reaper","floor":24},{"not_picked":["Armaments","Bloodletting"],"picked":"Spot Weakness","floor":27},{"not_picked":["Corruption","Limit Break"],"picked":"Exhume","floor":33},{"not_picked":["Havoc+1","Heavy Blade+1"],"picked":"Pommel Strike+1","floor":35},{"not_picked":["Havoc","Flex"],"picked":"Fiend Fire","floor":36},{"not_picked":["Sword Boomerang","Warcry"],"picked":"Pummel+1","floor":37},{"not_picked":["Clothesline","Pommel Strike","Headbutt"],"picked":"SKIP","floor":38},{"not_picked":["Pommel Strike","Headbutt"],"picked":"Clothesline","floor":38},{"not_picked":["Cleave","Headbutt","Bludgeon"],"picked":"SKIP","floor":39},{"not_picked":["Dual Wield","Infernal Blade+1"],"picked":"Burning Pact","floor":41},{"not_picked":["Disarm","Pommel Strike"],"picked":"Shockwave","floor":42},{"not_picked":["Warcry","Thunderclap+1"],"picked":"Clothesline+1","floor":44},{"not_picked":["Anger","Metallicize+1"],"picked":"Power Through","floor":47},{"not_picked":["Rupture","Flex"],"picked":"Brutality","floor":49},{"not_picked":["Clothesline","Heavy Blade+1"],"picked":"Dark Embrace","floor":53},{"not_picked":["Cleave+1","Clash","Heavy Blade"],"picked":"SKIP","floor":55}],"player_experience":6139431,"relics_obtained":[{"floor":9,"key":"Paper Frog"},{"floor":13,"key":"FossilizedHelix"},{"floor":29,"key":"Dream Catcher"},{"floor":43,"key":"Mercury Hourglass"},{"floor":46,"key":"InkBottle"},{"floor":48,"key":"Pear"},{"floor":55,"key":"TungstenRod"}],"event_choices":[{"damage_healed":0,"gold_gain":150,"player_choice":"AGREE","damage_taken":0,"max_hp_gain":0,"max_hp_loss":0,"event_name":"Liars Game","floor":3,"gold_loss":0,"cards_obtained":["Doubt"]},{"damage_healed":0,"gold_gain":50,"player_choice":"Touch","damage_taken":8,"max_hp_gain":0,"max_hp_loss":0,"event_name":"FaceTrader","floor":21,"gold_loss":0},{"damage_healed":0,"gold_gain":0,"player_choice":"Simplicity","damage_taken":0,"max_hp_gain":0,"max_hp_loss":0,"event_name":"Back to Basics","floor":31,"gold_loss":0,"cards_upgraded":["Strike_R","Strike_R","Strike_R","Strike_R","Defend_R","Defend_R","Defend_R","Defend_R"]}],"is_beta":false,"boss_relics":[{"not_picked":["Runic Cube","Busted Crown"],"picked":"Fusion Hammer"},{"not_picked":["Empty Cage","Coffee Dripper"],"picked":"SlaversCollar"}],"items_purged_floors":[4],"is_endless":false,"potions_floor_spawned":[1,11,12,13,14,18,19,23,24,29,35,38,42,46,48],"ascension_level":20,"potion_discard_per_floor":[[],[],[],[],[],[],[],[],[],[],[],["LiquidBronze"],["ElixirPotion"],[],[],[],[],[],[],[],[],[],[],[],[],[],[],[],[],[],[],[],[],[],[],[],[],[],[],[],[],["SpeedPotion"],[],[],[],[],[],[],[],[],[],[],[],[],[],[],[]]}