{"neow_bonuses_skipped_log":["UPGRADE_CARD","TEN_PERCENT_HP_BONUS","BOSS_RELIC"],"potions_obtained_entropic_brew":[[],[],[],[],[],[],[],[],[],[],[],[],[],[],[],[],[],[],[],[],[],[],[],[],[],[],[],[],[],[],[],[],[],[],[],[],[],[],[],[],[],[],[],[],[],[],[],[],[],[]],"neow_costs_skipped_log":["NONE","NONE","NONE"],"gold_per_floor":[12,29,47,47,59,59,71,100,100,130,130,130,149,178,178,253,253,273,273,25,42,42,61,61,76,102,102,130,130,143,169,169,243,243,260,275,287,297,313,313,347,347,371,391,426,216,226,254,254,254],"floor_reached":50,"playtime":2192,"items_purged":["Writhe"],"score":1317,"play_id":"bfab078e-564b-4988-b894-9be842ff6406","local_time":"20240226210658","score_breakdown":["Floors Climbed (50): 250","Enemies Slain (18): 36","Exordium Elites Killed (3): 30","City Elites Killed (2): 40","Beyond Elites Killed (3): 90","Bosses Slain (2): 150","Collector (1): 25","Stuffed: 50","Overkill: 25","Ascension (20): 621"],"is_ascension_mode":true,"potions_obtained_alchemize":[[],[],[],[],[],[],[],[],[],[],[],[],[],[],[],[],[],[],[],[],[],[],[],[],[],[],[],[],[],[],[],[],[],[],[],[],[],[],[],[],[],[],[],[],[],[],[],[],[],[]],"campfire_choices":[{"data":"Immolate","floor":6,"key":"SMITH"},{"data":"Carnage","floor":11,"key":"SMITH"},{"data":"Inflame","floor":15,"key":"SMITH"},{"data":"Brutality","floor":24,"key":"SMITH"},{"floor":32,"key":"REST"},{"floor":40,"key":"REST"},{"floor":42,"key":"REST"},{"floor":49,"key":"RECALL"}],"lesson_learned_per_floor":[[],[],[],[],[],[],[],[],[],[],[],[],[],[],[],[],[],[],[],[],[],[],[],[],[],[],[],[],[],[],[],[],[],[],[],[],[],[],[],[],[],[],[],[],[],[],[],[],[],[]],"neow_cost":"NO_GOLD","improvable_cards":{},"seed_source_timestamp":14269979143142,"shop_contents":[{"floor":20,"relics":["Happy Flower"],"cards":["Reckless Charge","Carnage","True Grit","Ghostly Armor","Rupture","Blind","Mayhem"],"potions":["Block Potion","Dexterity Potion","SkillPotion"]},{"floor":46,"relics":["CeramicFish","Juzu Bracelet"],"cards":["Carnage","Armaments","Dual Wield","Metallicize","Impatience","Sadistic Nature"],"potions":["ColorlessPotion","Swift Potion","SkillPotion"]}],"circlet_count":0,"master_deck":["AscendersBane","Strike_R","Strike_R","Strike_R","Strike_R","Defend_R","Defend_R","Defend_R","Bash","Intimidate","Seeing Red","Immolate+1","Inflame+1","Headbutt","Shrug It Off","Brutality+1","Anger","Shockwave","Dropkick","Power Through+1","Dual Wield","Limit Break","Feed","Burning Pact","Rupture","Uppercut+1","Shrug It Off","Twin Strike+1","Shrug It Off+1","Shrug It Off","Blood for Blood+1","Fiend Fire","Bloodletting"],"potion_use_per_floor":[[],[],[],[],[],[],[],["DistilledChaos"],[],[],[],[],[],[],[],["PowerPotion"],[],[],[],[],[],[],[],[],[],[],[],["FearPotion"],[],[],[],[],["SteroidPotion"],[],[],[],[],[],[],[],[],[],[],[],[],[],[],[],[],["PowerPotion"]],"relics":["Burning Blood","Strawberry","Paper Frog","Anchor","Regal Pillow","Runic Cube","Membership Card","Vajra","Pear","Pen Nib","Dream Catcher","Nunchaku","Shovel","Velvet Choker","Centennial Puzzle","Gremlin Horn","Medical Kit","Turnip"],"potions_floor_usage":[8,16,28,33,50],"damage_taken":[{"damage":8,"enemies":"2 Louse","floor":1,"turns":3},{"damage":7,"enemies":"Jaw Worm","floor":2,"turns":3},{"damage":0,"enemies":"Small Slimes","floor":3,"turns":2},{"damage":22,"enemies":"Exordium Thugs","floor":5,"turns":9},{"damage":3,"enemies":"Looter","floor":7,"turns":2},{"damage":26,"enemies":"Gremlin Nob","floor":8,"turns":4},{"damage":27,"enemies":"Lagavulin","floor":10,"turns":6},{"damage":0,"enemies":"Gremlin Gang","floor":13,"turns":2},{"damage":8,"enemies":"Gremlin Nob","floor":14,"turns":3},{"damage":9,"enemies":"Slime Boss","floor":16,"turns":8},{"damage":6,"enemies":"2 Thieves","floor":18,"turns":2},{"damage":27,"enemies":"3 Byrds","floor":21,"turns":4},{"damage":9,"enemies":"Centurion and Healer","floor":23,"turns":3},{"damage":17,"enemies":"Snake Plant","floor":25,"turns":3},{"damage":36,"enemies":"Slavers","floor":28,"turns":5},{"damage":1,"enemies":"Snecko","floor":30,"turns":2},{"damage":6,"enemies":"Gremlin Leader","floor":31,"turns":4},{"damage":33,"enemies":"Collector","floor":33,"turns":8},{"damage":18,"enemies":"3 Shapes","floor":35,"turns":6},{"damage":3,"enemies":"Orb Walker","floor":36,"turns":4},{"damage":29,"enemies":"Sphere and 2 Shapes","floor":37,"turns":5},{"damage":25,"enemies":"4 Shapes","floor":38,"turns":5},{"damage":13,"enemies":"3 Darklings","floor":39,"turns":2},{"damage":45,"enemies":"Giant Head","floor":41,"turns":6},{"damage":18,"enemies":"Writhing Mass","floor":44,"turns":5},{"damage":35,"enemies":"Reptomancer","floor":45,"turns":5},{"damage":9,"enemies":"Spire Growth","floor":47,"turns":4},{"damage":30,"enemies":"Giant Head","floor":48,"turns":5},{"damage":37,"enemies":"Time Eater","floor":50,"turns":4}],"green_key_taken_log":28,"seed_played":"-3559594412928790089","neow_bonus_log":{"cardsObtained":["Intimidate","Seeing Red"],"cardsUpgraded":[],"cardsRemoved":[],"cardsTransformed":["Strike_R","Defend_R"],"relicsObtained":[],"maxHpGained":0,"goldGained":0,"damageTaken":0,"goldLost":99,"maxHpLost":0},"potions_obtained":[{"floor":2,"key":"DistilledChaos"},{"floor":3,"key":"PowerPotion"},{"floor":10,"key":"FearPotion"},{"floor":25,"key":"SpeedPotion"},{"floor":28,"key":"SteroidPotion"},{"floor":30,"key":"PowerPotion"},{"floor":36,"key":"SteroidPotion"}],"is_trial":false,"path_per_floor":["M","M","M","?","M","R","M","E","T","E","R","?","M","E","R","B",null,"M","?","$","M","?","M","R","M","T","?","E","?","M","E","R","B",null,"M","M","M","M","M","R","E","R","T","M","E","$","M","E","R","B"],"character_chosen":"IRONCLAD","basemod:card_modifiers":[null,null,null,null,null,null,null,null,null,null,null,null,null,null,null,null,null,null,null,null,null,null,null,null,null,null,null,null,null,null,null,null,null],"items_purchased":["Membership Card","Vajra","Medical Kit","Fiend Fire"],"campfire_rested":3,"item_purchase_floors":[20,20,46,46],"current_hp_per_floor":[66,65,71,71,55,55,58,45,45,24,24,24,30,28,28,25,68,68,82,82,61,71,68,68,57,57,57,27,27,32,32,74,47,81,72,78,61,45,38,85,49,97,97,85,59,59,56,32,32,0],"gold":254,"neow_bonus":"TRANSFORM_TWO_CARDS","is_prod":false,"is_daily":false,"rewards_skipped":[{"floor":7,"relics":[],"potions":["ElixirPotion"]},{"floor":13,"relics":[],"potions":["Ancient Potion"]},{"floor":14,"relics":[],"potions":["SteroidPotion"]},{"floor":38,"relics":[],"potions":["LiquidBronze"]},{"floor":41,"relics":[],"potions":["Strength Potion"]},{"floor":44,"relics":[],"potions":["SteroidPotion"]}],"chose_seed":false,"campfire_upgraded":4,"win_rate":0,"floor_exit_playtime":[52,85,119,125,194,199,216,263,270,312,329,333,361,393,404,516,536,555,573,590,659,673,700,722,779,782,786,868,873,898,941,955,1064,1091,1167,1243,1324,1419,1464,1471,1565,1572,1576,1677,1751,1831,1917,2004,2008],"timestamp":1708999618,"blue_key_relic_skipped_log":{"floor":43,"relicID":"Omamori"},"path_taken":["M","M","M","?","M","R","M","E","T","E","R","?","?","E","R","BOSS","M","?","$","M","?","M","R","M","T","?","E","?","M","E","R","BOSS","M","M","M","M","M","R","E","R","T","M","E","$","M","E","R","BOSS"],"build_version":"2022-12-18","purchased_purges":1,"victory":false,"max_hp_per_floor":[75,75,75,75,75,75,75,82,82,82,82,82,82,82,82,82,82,82,82,82,82,92,92,92,92,92,92,92,92,92,92,92,92,92,95,98,104,107,107,107,110,110,110,110,113,113,113,113,113,113],"relic_stats":{"Regal Pillow":45,"Gremlin Horn":[0,0],"counters":[29,124],"Pen Nib":[13],"Medical Kit":[2],"Burning Blood":168,"Dream Catcher":3,"Nunchaku":[11],"Centennial Puzzle":[15],"Shovel":0,"Turnip":[1],"Membership Card":290,"obtain_stats":[{"Regal Pillow":14,"Pear":22,"Gremlin Horn":45,"Vajra":20,"Velvet Choker":34,"Pen Nib":26,"Medical Kit":46,"Burning Blood":0,"Anchor":10,"Dream Catcher":28,"Nunchaku":29,"Centennial Puzzle":41,"Shovel":31,"Strawberry":8,"Turnip":48,"Membership Card":20,"Paper Frog":9,"Runic Cube":17},{"Regal Pillow":9,"Pear":12,"Gremlin Horn":26,"Vajra":11,"Velvet Choker":18,"Pen Nib":14,"Medical Kit":26,"Burning Blood":0,"Anchor":7,"Dream Catcher":15,"Nunchaku":15,"Centennial Puzzle":24,"Shovel":17,"Strawberry":6,"Turnip":28,"Membership Card":11,"Paper Frog":6,"Runic Cube":10},{"Regal Pillow":34,"Pear":48,"Gremlin Horn":111,"Vajra":44,"Velvet Choker":73,"Pen Nib":54,"Medical Kit":111,"Burning Blood":0,"Anchor":29,"Dream Catcher":59,"Nunchaku":59,"Centennial Puzzle":101,"Shovel":65,"Strawberry":23,"Turnip":120,"Membership Card":44,"Paper Frog":23,"Runic Cube":42}],"Runic Cube":[102]},"card_choices":[{"not_picked":["Headbutt","Clothesline"],"picked":"Carnage","floor":1},{"not_picked":["Sword Boomerang","Thunderclap","Warcry"],"picked":"SKIP","floor":2},{"not_picked":["True Grit","Reckless Charge"],"picked":"Immolate","floor":5},{"not_picked":["Dual Wield","Blood for Blood"],"picked":"Inflame","floor":7},{"not_picked":["Wild Strike","Rupture"],"picked":"Headbutt","floor":8},{"not_picked":["Double Tap","Rage"],"picked":"Shrug It Off","floor":10},{"not_picked":["Perfected Strike","Heavy Blade","Body Slam"],"picked":"SKIP","floor":13},{"not_picked":["Flex","Combust","Fire Breathing"],"picked":"SKIP","floor":14},{"not_picked":["Berserk","Limit Break"],"picked":"Brutality","floor":16},{"not_picked":["Pommel Strike","Dual Wield"],"picked":"Anger","floor":18},{"not_picked":["Sentinel","Havoc","Sword Boomerang"],"picked":"SKIP","floor":21},{"not_picked":["Seeing Red","Blood for Blood"],"picked":"Shockwave","floor":23},{"not_picked":["Pummel","Perfected Strike"],"picked":"Dropkick","floor":25},{"not_picked":["Sentinel","Clothesline"],"picked":"Power Through+1","floor":30},{"not_picked":["Headbutt","Iron Wave"],"picked":"Dual Wield","floor":31},{"not_picked":["Anger","Uppercut"],"picked":"Limit Break","floor":32},{"not_picked":["Offering","Impervious"],"picked":"Feed","floor":33},{"not_picked":["Thunderclap","Hemokinesis"],"picked":"Burning Pact","floor":35},{"not_picked":["Heavy Blade","Warcry"],"picked":"Rupture","floor":36},{"not_picked":["Clash","Havoc+1"],"picked":"Uppercut+1","floor":37},{"not_picked":["Combust+1","Pommel Strike"],"picked":"Shrug It Off","floor":38},{"not_picked":["Perfected Strike","Infernal Blade"],"picked":"Twin Strike+1","floor":40},{"not_picked":["Anger","Battle Trance","Feed"],"picked":"SKIP","floor":41},{"not_picked":["Clothesline","Clash"],"picked":"Shrug It Off+1","floor":42},{"not_picked":["Iron Wave","Sword Boomerang"],"picked":"Shrug It Off","floor":44},{"not_picked":["Flame Barrier","True Grit"],"picked":"Blood for Blood+1","floor":45},{"not_picked":["Flame Barrier","Battle Trance","Searing Blow+1"],"picked":"SKIP","floor":47},{"not_picked":["True Grit","Body Slam"],"picked":"Bloodletting","floor":48}],"player_experience":6353193,"relics_obtained":[{"floor":8,"key":"Strawberry"},{"floor":9,"key":"Paper Frog"},{"floor":10,"key":"Anchor"},{"floor":14,"key":"Regal Pillow"},{"floor":22,"key":"Pear"},{"floor":26,"key":"Pen Nib"},{"floor":28,"key":"Dream Catcher"},{"floor":31,"key":"Shovel"},{"floor":41,"key":"Centennial Puzzle"},{"floor":45,"key":"Gremlin Horn"},{"floor":48,"key":"Turnip"}],"event_choices":[{"damage_healed":0,"gold_gain":0,"player_choice":"Ignored","damage_taken":0,"max_hp_gain":0,"max_hp_loss":0,"event_name":"Liars Game","floor":4,"gold_loss":0},{"damage_healed":0,"gold_gain":0,"player_choice":"Ignored","damage_taken":0,"max_hp_gain":0,"max_hp_loss":0,"event_name":"Shining Light","floor":12,"gold_loss":0},{"cards_removed":["Carnage"],"damage_healed":14,"gold_gain":0,"player_choice":"Offered Uncommon","damage_taken":0,"max_hp_gain":0,"max_hp_loss":0,"event_name":"Bonfire Elementals","floor":19,"gold_loss":0},{"damage_healed":0,"gold_gain":0,"player_choice":"Relic","damage_taken":0,"max_hp_gain":0,"max_hp_loss":0,"event_name":"Wheel of Change","floor":22,"gold_loss":0},{"damage_healed":0,"gold_gain":0,"player_choice":"Ignored","damage_taken":0,"max_hp_gain":0,"max_hp_loss":0,"event_name":"Ghosts","floor":27,"gold_loss":0},{"damage_healed":0,"gold_gain":0,"player_choice":"Opened","damage_taken":0,"relics_obtained":["Nunchaku"],"max_hp_gain":0,"max_hp_loss":0,"event_name":"The Mausoleum","floor":29,"gold_loss":0,"cards_obtained":["Writhe"]}],"is_beta":false,"boss_relics":[{"not_picked":["Black Star","Calling Bell"],"picked":"Runic Cube"},{"not_picked":["SlaversCollar","Astrolabe"],"picked":"Velvet Choker"}],"items_purged_floors":[46],"is_endless":false,"potions_floor_spawned":[2,3,7,10,13,14,25,28,30,36,38,41,44],"killed_by":"Time Eater","ascension_level":20,"potion_discard_per_floor":[[],[],[],[],[],[],[],[],[],[],[],[],[],[],[],[],[],[],[],[],[],[],[],[],[],[],[],[],[],["SpeedPotion"],[],[],[],[],[],[],[],[],[],[],[],[],[],[],[],[],[],[],[],[]]}