{"neow_bonuses_skipped_log":["REMOVE_CARD","ONE_RARE_RELIC","BOSS_RELIC"],"potions_obtained_entropic_brew":[[],[],[],[],[],[],[],[],[],[],[],[],[],[],[],[]],"neow_costs_skipped_log":["NONE","NO_GOLD","NONE"],"gold_per_floor":[199,199,199,199,199,199,199,199,244,244,194,204,204,204,204,204],"floor_reached":16,"playtime":100,"items_purged":[],"score":119,"play_id":"6ad1a3f0-b656-452b-8bee-e04b5ab0fa97","local_time":"20220919175706","score_breakdown":["Floors Climbed (16): 80","Enemies Slain (2): 4","Exordium Elites Killed (1): 10","Bosses Slain (0): 0","Champion (1): 25"],"is_ascension_mode":false,"potions_obtained_alchemize":[[],[],[],[],[],[],[],[],[],[],[],[],[],[],[],[]],"campfire_choices":[{"floor":6,"key":"RECALL"},{"data":"Dualcast","floor":8,"key":"SMITH"},{"floor":13,"key":"REST"},{"data":"Zap","floor":15,"key":"SMITH"}],"lesson_learned_per_floor":[[],[],[],[],[],[],[],[],[],[],[],[],[],[],[],[]],"neow_cost":"NONE","improvable_cards":{},"seed_source_timestamp":3004590402764,"shop_contents":[{"floor":4,"relics":["Emotion Chip","Mercury Hourglass","Cauldron"],"cards":["Blizzard","Lockon","Stack","Reinforced Body","Static Discharge","Deep Breath","Violence"],"potions":["Block Potion","SpeedPotion","Block Potion"]}],"circlet_count":0,"master_deck":["Strike_B","Strike_B","Strike_B","Strike_B","Defend_B","Defend_B","Defend_B","Defend_B","Zap+1","Dualcast+1"],"potion_use_per_floor":[[],[],[],[],[],[],[],[],[],[],[],[],[],[],[],[]],"relics":["Cracked Core","NeowsBlessing","NeowsBlessing","WingedGreaves","Juzu Bracelet"],"potions_floor_usage":[],"damage_taken":[{"damage":0,"enemies":"Cultist","floor":1,"turns":1},{"damage":0,"enemies":"Lagavulin","floor":7,"turns":1},{"damage":0,"enemies":"2 Louse","floor":12,"turns":1},{"damage":75,"enemies":"Hexaghost","floor":16,"turns":2}],"seed_played":"757418545664072368","neow_bonus_log":{"cardsObtained":[],"cardsUpgraded":[],"cardsRemoved":[],"cardsTransformed":[],"relicsObtained":[],"maxHpGained":0,"goldGained":100,"damageTaken":0,"goldLost":0,"maxHpLost":0},"potions_obtained":[],"is_trial":false,"path_per_floor":["M","?","?","$","?","R","E","R","T","?","?","M","R","?","R","B"],"character_chosen":"DEFECT","items_purchased":[],"campfire_rested":1,"item_purchase_floors":[],"current_hp_per_floor":[75,75,75,75,75,75,75,75,75,75,75,75,75,75,75,0],"gold":204,"neow_bonus":"HUNDRED_GOLD","is_prod":false,"is_daily":false,"rewards_skipped":[{"floor":1,"relics":[],"potions":["Block Potion"]},{"floor":7,"relics":["Thread and Needle"],"potions":[]}],"chose_seed":false,"campfire_upgraded":2,"win_rate":0,"floor_exit_playtime":[26,28,30,32,35,39,46,51,56,60,64,70,74,76,81],"timestamp":1663624626,"blue_key_relic_skipped_log":{"floor":9,"relicID":"Smiling Mask"},"path_taken":["M","?","?","$","?","R","E","R","T","?","?","M","R","?","R","BOSS"],"build_version":"2022-03-07","purchased_purges":0,"victory":false,"max_hp_per_floor":[75,75,75,75,75,75,75,75,75,75,75,75,75,75,75,75],"relic_stats":{"counters":[4,5],"WingedGreaves":3,"Juzu Bracelet":1,"obtain_stats":[{"NeowsBlessing":0,"WingedGreaves":0,"Juzu Bracelet":0,"Cracked Core":0},{"NeowsBlessing":0,"WingedGreaves":0,"Juzu Bracelet":0,"Cracked Core":0},{"NeowsBlessing":0,"WingedGreaves":0,"Juzu Bracelet":0,"Cracked Core":0}]},"card_choices":[{"not_picked":["Sunder","Beam Cell","Hologram"],"picked":"SKIP","floor":1},{"not_picked":["Sweeping Beam","Scrape","Hello World"],"picked":"SKIP","floor":7},{"not_picked":["Hello World","Compile Driver","Blizzard"],"picked":"SKIP","floor":12}],"player_experience":3966629,"relics_obtained":[],"event_choices":[{"damage_healed":0,"gold_gain":0,"player_choice":"Ignored","damage_taken":0,"max_hp_gain":0,"max_hp_loss":0,"event_name":"Golden Wing","floor":2,"gold_loss":0},{"damage_healed":0,"gold_gain":0,"player_choice":"Ignored","damage_taken":0,"max_hp_gain":0,"max_hp_loss":0,"event_name":"Liars Game","floor":3,"gold_loss":0},{"damage_healed":0,"gold_gain":0,"player_choice":"Leave","damage_taken":0,"max_hp_gain":0,"max_hp_loss":0,"event_name":"The Cleric","floor":5,"gold_loss":0},{"damage_healed":0,"gold_gain":0,"player_choice":"Ignored","damage_taken":0,"max_hp_gain":0,"max_hp_loss":0,"event_name":"Upgrade Shrine","floor":10,"gold_loss":0},{"damage_healed":0,"gold_gain":0,"player_choice":"Left Gold","damage_taken":0,"max_hp_gain":0,"max_hp_loss":0,"event_name":"World of Goop","floor":11,"gold_loss":50},{"damage_healed":0,"gold_gain":0,"player_choice":"Fled","damage_taken":0,"max_hp_gain":0,"max_hp_loss":0,"event_name":"Scrap Ooze","floor":14,"gold_loss":0}],"is_beta":false,"boss_relics":[],"items_purged_floors":[],"is_endless":false,"potions_floor_spawned":[1],"killed_by":"Hexaghost","ascension_level":0,"potion_discard_per_floor":[[],[],[],[],[],[],[],[],[],[],[],[],[],[],[],[]]}