{"neow_bonuses_skipped_log":["THREE_CARDS","THREE_SMALL_POTIONS","RANDOM_COLORLESS_2"],"potions_obtained_entropic_brew":[[],[],[],[],[],[]],"neow_costs_skipped_log":["NONE","NONE","NO_GOLD"],"gold_per_floor":[117,136,11,11,11,11],"floor_reached":6,"playtime":648,"items_purged":[],"score":68,"play_id":"2bca2749-8119-4b31-b409-d8dacba02952","local_time":"20220922182509","score_breakdown":["Floors Climbed (6): 30","Enemies Slain (2): 4","Exordium Elites Killed (0): 0","Bosses Slain (0): 0","Ascension (20): 34"],"is_ascension_mode":true,"potions_obtained_alchemize":[[],[],[],[],[],[]],"campfire_choices":[],"lesson_learned_per_floor":[[],[],[],[],[],[]],"neow_cost":"NONE","improvable_cards":{},"seed_source_timestamp":167702637597,"shop_contents":[{"floor":3,"relics":["Boot","Meat on the Bone","DollysMirror"],"cards":["Cold Snap","Seek","Capacitor","Impatience","Mayhem"],"potions":["EssenceOfSteel","Weak Potion","Ancient Potion"]}],"circlet_count":0,"master_deck":["AscendersBane","Strike_B","Strike_B","Strike_B","Strike_B","Defend_B","Defend_B","Defend_B","Defend_B","Zap","Dualcast","Conserve Battery","Compile Driver","Sunder","Skim"],"potion_use_per_floor":[[],[],[],[],[],[]],"relics":["Nuclear Battery","Golden Idol"],"potions_floor_usage":[],"damage_taken":[{"damage":15,"enemies":"Small Slimes","floor":1,"turns":4},{"damage":5,"enemies":"Jaw Worm","floor":2,"turns":5},{"damage":49,"enemies":"Gremlin Nob","floor":6,"turns":3}],"seed_played":"1810712231566908824","neow_bonus_log":{"cardsObtained":[],"cardsUpgraded":[],"cardsRemoved":[],"cardsTransformed":[],"relicsObtained":["Nuclear Battery"],"maxHpGained":0,"goldGained":0,"damageTaken":0,"goldLost":0,"maxHpLost":0},"potions_obtained":[],"is_trial":false,"path_per_floor":["M","M","$","?","?","E"],"character_chosen":"DEFECT","items_purchased":["Sunder","Skim"],"campfire_rested":0,"item_purchase_floors":[3,3],"current_hp_per_floor":[49,44,44,44,44,0],"gold":11,"neow_bonus":"BOSS_RELIC","is_prod":false,"is_daily":false,"rewards_skipped":[],"chose_seed":false,"campfire_upgraded":0,"win_rate":0,"floor_exit_playtime":[313,360,407,411,420],"timestamp":1663885509,"path_taken":["M","M","$","?","?","E"],"build_version":"2022-03-07","purchased_purges":0,"victory":false,"max_hp_per_floor":[71,71,71,64,64,64],"relic_stats":{"counters":[3,12],"Golden Idol":0,"obtain_stats":[{"Golden Idol":4,"Cracked Core":0,"Nuclear Battery":0},{"Golden Idol":2,"Cracked Core":0,"Nuclear Battery":0},{"Golden Idol":9,"Cracked Core":0,"Nuclear Battery":0}]},"card_choices":[{"not_picked":["Steam","Redo"],"picked":"Conserve Battery","floor":1},{"not_picked":["Cold Snap","Beam Cell"],"picked":"Compile Driver","floor":2}],"player_experience":3982169,"relics_obtained":[],"event_choices":[{"damage_healed":0,"gold_gain":0,"player_choice":"Lose Max HP","damage_taken":0,"relics_obtained":["Golden Idol"],"max_hp_gain":0,"max_hp_loss":7,"event_name":"Golden Idol","floor":4,"gold_loss":0},{"damage_healed":0,"gold_gain":0,"player_choice":"Ignored","damage_taken":0,"max_hp_gain":0,"max_hp_loss":0,"event_name":"Liars Game","floor":5,"gold_loss":0}],"is_beta":false,"boss_relics":[],"items_purged_floors":[],"is_endless":false,"potions_floor_spawned":[],"killed_by":"Gremlin Nob","ascension_level":20,"potion_discard_per_floor":[[],[],[],[],[],[]]}