{"neow_bonuses_skipped_log":["RANDOM_COLORLESS","TEN_PERCENT_HP_BONUS","ONE_RARE_RELIC"],"neow_costs_skipped_log":["NONE","NONE","TEN_PERCENT_HP_LOSS"],"potions_obtained_entropic_brew":[[],[],[],[],[],[],[],[],[],[],[],[],[],[],[],[]],"gold_per_floor":[118,128,128,128,138,152,152,165,189,154,168,183,183,193,193,193],"floor_reached":16,"playtime":823,"items_purged":[],"score":192,"play_id":"b10e838a-b46a-4cb1-a7f5-ba5f75809761","local_time":"20221002152031","score_breakdown":["Floors Climbed (16): 80","Enemies Slain (8): 16","Exordium Elites Killed (0): 0","Bosses Slain (0): 0","Ascension (20): 96"],"is_ascension_mode":true,"potions_obtained_alchemize":[[],[],[],[],[],[],[],[],[],[],[],[],[],[],[],[]],"campfire_choices":[{"data":"Sunder","floor":13,"key":"SMITH"},{"floor":15,"key":"REST"}],"lesson_learned_per_floor":[[],[],[],[],[],[],[],[],[],[],[],[],[],[],[],[]],"neow_cost":"NONE","improvable_cards":{},"seed_source_timestamp":4213203134070,"shop_contents":[],"circlet_count":0,"master_deck":["AscendersBane","Strike_B","Strike_B","Strike_B","Defend_B","Defend_B+1","Defend_B","Defend_B","Zap","Dualcast","Rebound","Ball Lightning+1","Streamline","Fusion","Parasite","Sunder+1","Consume","Force Field"],"potion_use_per_floor":[[],[],[],[],[],["SkillPotion"],[],[],[],[],[],[],[],[],[],["CultistPotion","BlessingOfTheForge"]],"relics":["Snecko Eye","Ancient Tea Set"],"potions_floor_usage":[6,16,16],"damage_taken":[{"damage":9,"enemies":"Jaw Worm","floor":1,"turns":4},{"damage":0,"enemies":"2 Louse","floor":2,"turns":2},{"damage":4,"enemies":"Small Slimes","floor":5,"turns":4},{"damage":23,"enemies":"Exordium Thugs","floor":6,"turns":4},{"damage":13,"enemies":"Exordium Wildlife","floor":8,"turns":5},{"damage":0,"enemies":"Large Slime","floor":11,"turns":3},{"damage":10,"enemies":"3 Louse","floor":12,"turns":3},{"damage":9,"enemies":"Exordium Wildlife","floor":14,"turns":3},{"damage":34,"enemies":"The Guardian","floor":16,"turns":8}],"seed_played":"2397078324631696851","neow_bonus_log":{"cardsObtained":[],"cardsUpgraded":[],"cardsRemoved":[],"cardsTransformed":[],"relicsObtained":["Snecko Eye"],"maxHpGained":0,"goldGained":0,"damageTaken":0,"goldLost":0,"maxHpLost":0},"potions_obtained":[{"floor":5,"key":"SkillPotion"},{"floor":6,"key":"CultistPotion"},{"floor":14,"key":"BlessingOfTheForge"}],"is_trial":false,"path_per_floor":["M","M","?","?","M","M","?","M","T","?","M","M","R","M","R","B"],"character_chosen":"DEFECT","items_purchased":[],"campfire_rested":1,"item_purchase_floors":[],"current_hp_per_floor":[55,55,34,34,30,7,24,11,11,28,28,18,18,9,30,0],"gold":193,"neow_bonus":"BOSS_RELIC","is_prod":false,"is_daily":false,"rewards_skipped":[],"chose_seed":false,"campfire_upgraded":1,"win_rate":0,"floor_exit_playtime":[152,189,202,216,257,376,391,474,476,488,547,594,606,653,658],"timestamp":1664738431,"path_taken":["M","M","?","?","M","M","?","M","T","?","M","M","R","M","R","BOSS"],"build_version":"2022-03-07","purchased_purges":0,"victory":false,"max_hp_per_floor":[71,71,71,71,71,71,71,71,71,71,71,71,71,71,71,71],"relic_stats":{"counters":[9,36],"Snecko Eye":[52,48,65,69,-95],"Ancient Tea Set":[4],"obtain_stats":[{"Snecko Eye":0,"Cracked Core":0,"Ancient Tea Set":9},{"Snecko Eye":0,"Cracked Core":0,"Ancient Tea Set":5},{"Snecko Eye":0,"Cracked Core":0,"Ancient Tea Set":19}]},"card_choices":[{"not_picked":["Sweeping Beam","Gash"],"picked":"Rebound","floor":1},{"not_picked":["Streamline","Rebound"],"picked":"Ball Lightning","floor":2},{"not_picked":["Redo","Stack","Sweeping Beam"],"picked":"SKIP","floor":5},{"not_picked":["Conserve Battery","Rebound"],"picked":"Fusion","floor":6},{"not_picked":["Barrage","Heatsinks"],"picked":"Sunder","floor":8},{"not_picked":["Go for the Eyes","Leap"],"picked":"Consume","floor":11},{"not_picked":["Consume","Hello World"],"picked":"Force Field","floor":12},{"not_picked":["Barrage","Scrape","Melter"],"picked":"SKIP","floor":14},{"not_picked":["Barrage","Scrape","Melter"],"picked":"SKIP","floor":14}],"player_experience":4045440,"relics_obtained":[{"floor":9,"key":"Ancient Tea Set"}],"event_choices":[{"damage_healed":0,"gold_gain":0,"player_choice":"Entered Light","damage_taken":21,"max_hp_gain":0,"max_hp_loss":0,"event_name":"Shining Light","floor":3,"gold_loss":0,"cards_upgraded":["Defend_B","Ball Lightning"]},{"damage_healed":0,"gold_gain":0,"cards_transformed":["Strike_B"],"player_choice":"Change","damage_taken":0,"max_hp_gain":0,"max_hp_loss":0,"event_name":"Living Wall","floor":4,"gold_loss":0,"cards_obtained":["Streamline"]},{"damage_healed":17,"gold_gain":0,"player_choice":"Healed and dodged fight","damage_taken":0,"max_hp_gain":0,"max_hp_loss":0,"event_name":"Mushrooms","floor":7,"gold_loss":0,"cards_obtained":["Parasite"]},{"damage_healed":17,"gold_gain":0,"player_choice":"Healed","damage_taken":0,"max_hp_gain":0,"max_hp_loss":0,"event_name":"The Cleric","floor":10,"gold_loss":35}],"is_beta":false,"boss_relics":[],"items_purged_floors":[],"is_endless":false,"potions_floor_spawned":[5,6,14],"killed_by":"The Guardian","ascension_level":20,"potion_discard_per_floor":[[],[],[],[],[],[],[],[],[],[],[],[],[],[],[],[]]}