{"neow_bonuses_skipped_log":["RANDOM_COLORLESS","THREE_SMALL_POTIONS","TWENTY_PERCENT_HP_BONUS"],"potions_obtained_entropic_brew":[[],[],[],[],[],[],[],[],[],[],[],[],[],[],[],[],[],[],[],[],[],[],[],[],[],[],[],[],[],[],[],[],[],[],[],[],[],[],[],[],[],[],[],[],[],[],[],[],[],[],[],[],[],[],[],[],[]],"neow_costs_skipped_log":["NONE","NONE","NO_GOLD"],"gold_per_floor":[116,116,132,147,164,164,174,174,174,54,67,32,59,78,78,154,154,172,172,184,199,227,262,272,272,349,380,280,298,298,173,173,251,251,265,281,131,145,197,197,223,445,445,462,495,520,520,545,545,545,545,545,545,27,54,54],"floor_reached":57,"playtime":5399,"items_purged":["Strike_B","Strike_B","Strike_B","Strike_B","Defend_B"],"score":3489,"play_id":"81f922de-ac29-4677-926a-557c07078c4c","local_time":"20220929181634","score_breakdown":["Floors Climbed (57): 285","Enemies Slain (16): 32","Exordium Elites Killed (1): 10","City Elites Killed (2): 40","Beyond Elites Killed (3): 90","Bosses Slain (5): 750","Money Money (1003): 25","Champion (7): 175","Beyond Perfect: 200","C-c-c-combo: 25","Ascension (20): 1607","Heartbreaker: 250"],"is_ascension_mode":true,"potions_obtained_alchemize":[[],[],[],[],[],[],[],[],[],[],[],[],[],[],[],[],[],[],[],[],[],[],[],[],[],[],[],[],[],[],[],[],[],[],[],[],[],[],[],[],[],[],[],[],[],[],[],[],[],[],[],[],[],[],[],[],[]],"campfire_choices":[{"data":"Coolheaded","floor":6,"key":"SMITH"},{"data":"Coolheaded","floor":8,"key":"SMITH"},{"data":"Sunder","floor":15,"key":"SMITH"},{"data":"Buffer","floor":25,"key":"SMITH"},{"data":"Hologram","floor":30,"key":"SMITH"},{"floor":32,"key":"RECALL"},{"data":"Biased Cognition","floor":40,"key":"SMITH"},{"data":"Meteor Strike","floor":47,"key":"SMITH"},{"data":"Rebound","floor":49,"key":"SMITH"},{"data":"Defend_B","floor":53,"key":"SMITH"}],"lesson_learned_per_floor":[[],[],[],[],[],[],[],[],[],[],[],[],[],[],[],[],[],[],[],[],[],[],[],[],[],[],[],[],[],[],[],[],[],[],[],[],[],[],[],[],[],[],[],[],[],[],[],[],[],[],[],[],[],[],[],[],[]],"neow_cost":"NONE","improvable_cards":{},"seed_source_timestamp":1927297567518,"shop_contents":[{"floor":10,"relics":["MealTicket","Mercury Hourglass","Frozen Eye"],"cards":["Ball Lightning","Chill","Conserve Battery","Capacitor","Good Instincts","Thinking Ahead"],"potions":["LiquidBronze","BlessingOfTheForge","Block Potion"]},{"floor":28,"relics":["Darkstone Periapt","Bag of Marbles","Strange Spoon"],"cards":["Hyperbeam","FTL","Seek","BootSequence","Static Discharge","Dark Shackles","Sadistic Nature"],"potions":["Swift Potion","BlessingOfTheForge","Block Potion"]},{"floor":31,"relics":["Potion Belt","Strawberry","Toolbox"],"cards":["Rip and Tear","Sunder","Steam Power","Hologram","Heatsinks","Impatience","Transmutation"],"potions":["Strength Potion","AttackPotion","Explosive Potion"]},{"floor":37,"relics":["Regal Pillow","HornCleat","ClockworkSouvenir"],"cards":["Blizzard","Cold Snap","Seek","BootSequence","Self Repair","Blind","Thinking Ahead"],"potions":["SteroidPotion","PowerPotion","LiquidMemories"]},{"floor":54,"relics":["Sling"],"cards":["Barrage+1","Blizzard+1","Steam","Redo","Static Discharge","Enlightenment","Secret Weapon"],"potions":["AttackPotion","SkillPotion","FocusPotion"]}],"circlet_count":0,"master_deck":["AscendersBane","Defend_B","Defend_B+1","Zap","Dualcast+1","Rebound+1","Coolheaded+1","Coolheaded+1","Glacier+1","Sunder+1","Meteor Strike+1","Hologram+1","Buffer+1","Biased Cognition+1","Core Surge","Turbo+1","Go for the Eyes+1"],"potion_use_per_floor":[[],[],[],[],[],[],[],[],[],[],[],[],[],[],[],[],[],[],[],[],[],[],["GamblersBrew"],[],[],[],[],[],[],[],[],[],[],[],[],[],[],[],[],[],[],[],[],[],[],[],[],[],[],[],[],[],[],[],[],["DuplicationPotion","DuplicationPotion"],[]],"relics":["Snecko Eye","War Paint","Runic Pyramid","Red Mask","Shuriken","Bottled Flame","InkBottle","SlaversCollar","FossilizedHelix","Bag of Preparation","Molten Egg 2","Letter Opener","Ancient Tea Set","Symbiotic Virus","Anchor","Centennial Puzzle","Emotion Chip"],"potions_floor_usage":[23,56,56],"damage_taken":[{"damage":0,"enemies":"Small Slimes","floor":1,"turns":3},{"damage":10,"enemies":"2 Louse","floor":3,"turns":3},{"damage":0,"enemies":"Jaw Worm","floor":4,"turns":4},{"damage":14,"enemies":"Red Slaver","floor":5,"turns":4},{"damage":0,"enemies":"Exordium Wildlife","floor":7,"turns":4},{"damage":5,"enemies":"Blue Slaver","floor":11,"turns":3},{"damage":0,"enemies":"3 Sentries","floor":13,"turns":7},{"damage":0,"enemies":"Looter","floor":14,"turns":1},{"damage":0,"enemies":"The Guardian","floor":16,"turns":8},{"damage":0,"enemies":"Chosen","floor":18,"turns":5},{"damage":3,"enemies":"Shell Parasite","floor":20,"turns":3},{"damage":0,"enemies":"Centurion and Healer","floor":21,"turns":3},{"damage":0,"enemies":"Masked Bandits","floor":22,"turns":4},{"damage":0,"enemies":"Gremlin Leader","floor":23,"turns":4},{"damage":0,"enemies":"Snake Plant","floor":24,"turns":5},{"damage":0,"enemies":"Book of Stabbing","floor":27,"turns":4},{"damage":0,"enemies":"Snecko","floor":29,"turns":3},{"damage":0,"enemies":"Champ","floor":33,"turns":6},{"damage":0,"enemies":"3 Darklings","floor":35,"turns":3},{"damage":0,"enemies":"Orb Walker","floor":36,"turns":2},{"damage":0,"enemies":"Sphere and 2 Shapes","floor":38,"turns":3},{"damage":0,"enemies":"2 Orb Walkers","floor":39,"turns":4},{"damage":0,"enemies":"Nemesis","floor":41,"turns":5},{"damage":0,"enemies":"3 Darklings","floor":44,"turns":4},{"damage":0,"enemies":"Giant Head","floor":45,"turns":6},{"damage":0,"enemies":"Nemesis","floor":48,"turns":7},{"damage":0,"enemies":"Donu and Deca","floor":50,"turns":7},{"damage":0,"enemies":"Awakened One","floor":51,"turns":12},{"damage":0,"enemies":"Shield and Spear","floor":55,"turns":5},{"damage":57,"enemies":"The Heart","floor":56,"turns":11}],"green_key_taken_log":45,"seed_played":"-1461636216959014058","neow_bonus_log":{"cardsObtained":[],"cardsUpgraded":[],"cardsRemoved":[],"cardsTransformed":[],"relicsObtained":["Snecko Eye"],"maxHpGained":0,"goldGained":0,"damageTaken":0,"goldLost":0,"maxHpLost":0},"potions_obtained":[{"floor":4,"key":"FearPotion"},{"floor":5,"key":"DuplicationPotion"},{"floor":20,"key":"GamblersBrew"},{"floor":23,"key":"ColorlessPotion"},{"floor":35,"key":"DuplicationPotion"}],"is_trial":false,"path_per_floor":["M","?","M","M","M","R","M","R","T","$","M","?","E","M","R","B",null,"M","?","M","M","?","E","M","R","T","E","$","M","R","$","R","B",null,"M","M","$","M","?","R","E","?","T","M","E","T","R","E","R","B","B",null,"R","$","E","B",null],"character_chosen":"DEFECT","items_purchased":["Sunder","Anchor","Centennial Puzzle"],"campfire_rested":0,"item_purchase_floors":[10,54,54],"current_hp_per_floor":[64,64,54,54,40,40,40,40,40,40,35,52,52,52,52,52,66,66,66,63,63,63,63,63,63,63,63,63,63,63,63,63,63,69,69,69,69,69,69,69,69,69,69,69,69,69,69,69,69,69,69,71,71,71,71,14],"gold":54,"neow_bonus":"BOSS_RELIC","is_prod":false,"is_daily":false,"rewards_skipped":[{"floor":11,"relics":[],"potions":["ColorlessPotion"]},{"floor":16,"relics":[],"potions":["Regen Potion"]},{"floor":21,"relics":[],"potions":["BlessingOfTheForge"]},{"floor":24,"relics":[],"potions":["Weak Potion"]},{"floor":39,"relics":[],"potions":["Weak Potion"]},{"floor":45,"relics":[],"potions":["Fire Potion"]},{"floor":48,"relics":[],"potions":["SpeedPotion"]}],"chose_seed":false,"campfire_upgraded":9,"win_rate":0,"floor_exit_playtime":[209,254,373,495,618,671,735,861,874,913,979,990,1115,1134,1149,1369,1433,1532,1541,1631,1684,1770,1899,2003,2011,2015,2106,2125,2173,2179,2247,2252,2580,2632,2784,2889,2920,3047,3149,3157,3332,3336,3339,3487,3689,3697,3706,3833,3851,4059,4312,4323,4335,4536,4896,5399],"timestamp":1664489794,"blue_key_relic_skipped_log":{"floor":9,"relicID":"Bottled Lightning"},"path_taken":["M","?","M","M","M","R","M","R","T","$","M","?","E","M","R","BOSS","M","?","M","?","?","E","M","R","T","E","$","M","R","$","R","BOSS","M","M","$","M","?","R","E","?","T","M","E","?","R","E","R","BOSS","BOSS","R","$","E","BOSS"],"build_version":"2022-03-07","purchased_purges":5,"victory":true,"max_hp_per_floor":[71,71,71,71,71,71,71,71,71,71,71,71,71,71,71,71,71,71,71,71,71,71,71,71,71,71,71,71,71,71,71,71,71,71,71,71,71,71,71,71,71,71,71,71,71,71,71,71,71,71,71,71,71,71,71,71],"relic_stats":{"counters":[30,143],"Bag of Preparation":[14],"Letter Opener":[198],"War Paint":["Glacier","Dualcast"],"Ancient Tea Set":[6],"Bottled Flame":"Meteor Strike","Centennial Puzzle":[3],"Emotion Chip":[15,2,7,0,6],"Shuriken":[44],"Snecko Eye":[248,252,253,264,-91],"obtain_stats":[{"Bag of Preparation":41,"Letter Opener":45,"War Paint":13,"Ancient Tea Set":46,"SlaversCollar":34,"Bottled Flame":26,"Anchor":54,"Centennial Puzzle":54,"Emotion Chip":55,"Shuriken":23,"Snecko Eye":0,"Molten Egg 2":43,"Red Mask":22,"Cracked Core":0,"Symbiotic Virus":48,"InkBottle":27,"FossilizedHelix":39,"Runic Pyramid":17},{"Bag of Preparation":23,"Letter Opener":25,"War Paint":7,"Ancient Tea Set":25,"SlaversCollar":18,"Bottled Flame":15,"Anchor":28,"Centennial Puzzle":28,"Emotion Chip":29,"Shuriken":14,"Snecko Eye":0,"Molten Egg 2":23,"Red Mask":13,"Cracked Core":0,"Symbiotic Virus":26,"InkBottle":16,"FossilizedHelix":22,"Runic Pyramid":9},{"Bag of Preparation":91,"Letter Opener":101,"War Paint":28,"Ancient Tea Set":101,"SlaversCollar":74,"Bottled Flame":61,"Anchor":127,"Centennial Puzzle":127,"Emotion Chip":132,"Shuriken":56,"Snecko Eye":0,"Molten Egg 2":91,"Red Mask":52,"Cracked Core":0,"Symbiotic Virus":108,"InkBottle":65,"FossilizedHelix":86,"Runic Pyramid":37}],"InkBottle":[47],"FossilizedHelix":[50]},"card_choices":[{"not_picked":["Leap","Barrage"],"picked":"Rebound","floor":1},{"not_picked":["Beam Cell","Redo"],"picked":"Coolheaded","floor":3},{"not_picked":["Reprogram","Lockon"],"picked":"Coolheaded","floor":4},{"not_picked":["Scrape","Turbo","Static Discharge"],"picked":"SKIP","floor":5},{"not_picked":["Beam Cell","Lockon"],"picked":"Glacier","floor":7},{"not_picked":["Leap","Auto Shields","Capacitor"],"picked":"SKIP","floor":11},{"not_picked":["Leap","Auto Shields","Capacitor"],"picked":"SKIP","floor":11},{"not_picked":["Hologram","Gash"],"picked":"Meteor Strike","floor":13},{"not_picked":["Consume","Heatsinks"],"picked":"Hologram","floor":14},{"not_picked":["Fission","Reboot"],"picked":"Buffer","floor":16},{"not_picked":["Hologram","Ball Lightning","Beam Cell"],"picked":"SKIP","floor":18},{"not_picked":["Undo","Rebound","Sweeping Beam"],"picked":"SKIP","floor":20},{"not_picked":["Redo","Lockon","Rip and Tear"],"picked":"SKIP","floor":21},{"not_picked":["Aggregate","BootSequence","Tempest"],"picked":"SKIP","floor":22},{"not_picked":["Streamline","Barrage","Hologram"],"picked":"SKIP","floor":23},{"not_picked":["Coolheaded","Conserve Battery"],"picked":"Biased Cognition","floor":24},{"not_picked":["Stack","Gash","Turbo"],"picked":"SKIP","floor":27},{"not_picked":["Stack","Gash","Turbo"],"picked":"SKIP","floor":27},{"not_picked":["Cold Snap","Barrage","Ball Lightning"],"picked":"SKIP","floor":29},{"not_picked":["Hyperbeam","Buffer"],"picked":"Core Surge","floor":33},{"not_picked":["Streamline","Steam"],"picked":"Turbo+1","floor":35},{"not_picked":["Gash","Sunder","Leap"],"picked":"SKIP","floor":36},{"not_picked":["Heatsinks+1","Sweeping Beam+1","Fusion"],"picked":"SKIP","floor":38},{"not_picked":["Go for the Eyes","Cold Snap","Steam Power"],"picked":"SKIP","floor":39},{"not_picked":["Gash","Steam Power","Beam Cell"],"picked":"SKIP","floor":41},{"not_picked":["Cold Snap+1","Blizzard+1"],"picked":"Go for the Eyes+1","floor":44},{"not_picked":["Reprogram","Amplify","Turbo"],"picked":"SKIP","floor":45},{"not_picked":["Undo","Rip and Tear+1","Cold Snap+1"],"picked":"SKIP","floor":48},{"not_picked":["Blizzard+1","Tempest","Beam Cell+1"],"picked":"SKIP","floor":55}],"player_experience":4026410,"relics_obtained":[{"floor":13,"key":"War Paint"},{"floor":22,"key":"Red Mask"},{"floor":23,"key":"Shuriken"},{"floor":26,"key":"Bottled Flame"},{"floor":27,"key":"InkBottle"},{"floor":39,"key":"FossilizedHelix"},{"floor":41,"key":"Bag of Preparation"},{"floor":43,"key":"Molten Egg 2"},{"floor":45,"key":"Letter Opener"},{"floor":46,"key":"Ancient Tea Set"},{"floor":48,"key":"Symbiotic Virus"},{"floor":55,"key":"Emotion Chip"}],"event_choices":[{"damage_healed":0,"gold_gain":0,"player_choice":"Ignored","damage_taken":0,"max_hp_gain":0,"max_hp_loss":0,"event_name":"Liars Game","floor":2,"gold_loss":0},{"damage_healed":17,"gold_gain":0,"player_choice":"Healed","damage_taken":0,"max_hp_gain":0,"max_hp_loss":0,"event_name":"The Cleric","floor":12,"gold_loss":35},{"cards_removed":["Defend_B"],"damage_healed":0,"gold_gain":0,"player_choice":"Purged","damage_taken":0,"max_hp_gain":0,"max_hp_loss":0,"event_name":"Purifier","floor":19,"gold_loss":0},{"damage_healed":0,"gold_gain":0,"player_choice":"Fought Bandits","damage_taken":0,"max_hp_gain":0,"max_hp_loss":0,"event_name":"Masked Bandits","floor":22,"gold_loss":0},{"damage_healed":0,"gold_gain":0,"player_choice":"Fight","damage_taken":0,"max_hp_gain":0,"max_hp_loss":0,"event_name":"Mysterious Sphere","floor":39,"gold_loss":0},{"damage_healed":0,"gold_gain":222,"player_choice":"Wore Mask","damage_taken":0,"max_hp_gain":0,"max_hp_loss":0,"event_name":"Tomb of Lord Red Mask","floor":42,"gold_loss":0}],"is_beta":false,"boss_relics":[{"not_picked":["Runic Dome","Astrolabe"],"picked":"Runic Pyramid"},{"not_picked":["Pandora\u0027s Box","Black Star"],"picked":"SlaversCollar"}],"items_purged_floors":[10,28,31,37,54],"is_endless":false,"potions_floor_spawned":[4,5,11,16,20,21,23,24,35,39,45,48],"ascension_level":20,"potion_discard_per_floor":[[],[],[],[],[],[],[],[],[],[],[],[],[],[],[],[],[],[],[],["FearPotion"],[],[],[],[],[],[],[],[],[],[],[],[],[],[],["ColorlessPotion"],[],[],[],[],[],[],[],[],[],[],[],[],[],[],[],[],[],[],[],[],[],[]]}