{"neow_bonuses_skipped_log":["THREE_ENEMY_KILL"],"neow_costs_skipped_log":["NONE"],"potions_obtained_entropic_brew":[[],[],[],[],[],[],[],[],[],[],[],[],[],[],[],[],[],[],[],[],[],[],[],[],[],[],[],[],[],[],[],[],[],[],[],[],[],[],[],[],[],[],[],[],[],[],[],[],[],[],[],[],[],[],[],[],[]],"gold_per_floor":[116,116,133,152,152,152,170,196,219,247,262,299,327,43,43,129,129,157,166,166,190,18,49,49,89,138,165,28,28,53,69,69,150,150,171,171,219,67,67,67,93,122,176,176,211,236,276,293,293,293,293,293,293,32,76,76],"floor_reached":57,"playtime":10489,"items_purged":["Defend_B+1","Strike_B+1","Defend_B+1"],"score":2867,"play_id":"2aeaa687-157c-437e-8581-beda64f24524","local_time":"20220924215715","falling_options_log":["Glacier","Capacitor"],"score_breakdown":["Floors Climbed (57): 285","Enemies Slain (13): 26","Exordium Elites Killed (3): 30","City Elites Killed (2): 40","Beyond Elites Killed (3): 90","Bosses Slain (5): 750","Money Money (1059): 25","Collector (1): 25","Librarian: 25","Champion (2): 50","Ascension (20): 1271","Heartbreaker: 250"],"is_ascension_mode":true,"potions_obtained_alchemize":[[],[],[],[],[],[],[],[],[],[],[],[],[],[],[],[],[],[],[],[],[],[],[],[],[],[],[],[],[],[],[],[],[],[],[],[],[],[],[],[],[],[],[],[],[],[],[],[],[],[],[],[],[],[],[],[],[]],"campfire_choices":[{"data":"Dualcast","floor":6,"key":"SMITH"},{"data":"Redo","floor":15,"key":"SMITH"},{"data":"Recycle","floor":24,"key":"SMITH"},{"data":"Ghostly","floor":29,"key":"SMITH"},{"data":"Darkness","floor":32,"key":"SMITH"},{"floor":40,"key":"RECALL"},{"data":"Ghostly","floor":44,"key":"SMITH"},{"data":"Turbo","floor":49,"key":"SMITH"},{"data":"Static Discharge","floor":53,"key":"SMITH"}],"lesson_learned_per_floor":[[],[],[],[],[],[],[],[],[],[],[],[],[],[],[],[],[],[],[],[],[],[],[],[],[],[],[],[],[],[],[],[],[],[],[],[],[],[],[],[],[],[],[],[],[],[],[],[],[],[],[],[],[],[],[],[],[]],"neow_cost":"NONE","improvable_cards":{"Genetic Algorithm":[53]},"seed_source_timestamp":15922141136199,"shop_contents":[{"floor":14,"relics":["PreservedInsect","Frozen Eye"],"cards":["Lockon","Rebound","Hologram","Stack","Hello World","Dramatic Entrance","Thinking Ahead"],"potions":["SpeedPotion","LiquidBronze","AttackPotion"]},{"floor":22,"relics":["Orichalcum","Meat on the Bone"],"cards":["Go for the Eyes","Lockon","White Noise","Reboot","Capacitor","Good Instincts","Chrysalis"],"potions":["FearPotion","GamblersBrew","ColorlessPotion"]},{"floor":28,"relics":["Ancient Tea Set","WingedGreaves"],"cards":["Ball Lightning","Melter","Redo","Multi-Cast","Self Repair","Finesse","The Bomb"],"potions":["Fire Potion","SteroidPotion"]},{"floor":38,"relics":["Pen Nib","MealTicket"],"cards":["All For One","Rebound","Chill","Heatsinks","Flash of Steel","Chrysalis"],"potions":["CultistPotion","Weak Potion","Weak Potion"]},{"floor":54,"relics":["Calipers","Eternal Feather","Medical Kit"],"cards":["Rebound","Scrape","Genetic Algorithm","Redo","Hello World","Trip","Secret Weapon"],"potions":["AttackPotion","FearPotion","Regen Potion"]}],"circlet_count":0,"master_deck":["AscendersBane","Strike_B+1","Strike_B+1","Defend_B+1","Defend_B+1","Zap+1","Dualcast+1","Leap","Rebound","Ball Lightning","Chill","Hello World","Genetic Algorithm","Rainbow","Capacitor","Redo+1","All For One","Turbo+1","Recycle+1","Glacier","Darkness+1","Ghostly+1","Ghostly+1","Ghostly","Ghostly","Go for the Eyes","Meteor Strike","Compile Driver","Hologram+1","Compile Driver","Turbo","Static Discharge+1","Skim","Defragment","BootSequence"],"potion_use_per_floor":[[],[],[],[],[],[],[],[],[],[],[],[],[],[],[],["Dexterity Potion"],[],[],[],[],[],[],["Weak Potion"],[],["SkillPotion","LiquidMemories"],[],[],[],[],[],[],[],["FocusPotion"],[],[],[],["SteroidPotion"],[],[],[],[],[],[],[],["ColorlessPotion"],[],[],[],[],[],["Weak Potion"],[],[],[],[],["PowerPotion","FocusPotion"],[]],"relics":["Cracked Core","Pantograph","Bottled Lightning","Boot","TungstenRod","CeramicFish","Symbiotic Virus","Runic Pyramid","Membership Card","Lantern","Akabeko","DollysMirror","Runic Dome","Bird Faced Urn","Strange Spoon","Mummified Hand","Smiling Mask","Shuriken","Toy Ornithopter","The Courier","FossilizedHelix","DataDisk"],"potions_floor_usage":[16,23,25,25,33,37,45,51,56,56],"damage_taken":[{"damage":2,"enemies":"Cultist","floor":1,"turns":4},{"damage":2,"enemies":"Jaw Worm","floor":3,"turns":4},{"damage":1,"enemies":"Small Slimes","floor":4,"turns":4},{"damage":0,"enemies":"3 Louse","floor":7,"turns":2},{"damage":12,"enemies":"3 Sentries","floor":8,"turns":6},{"damage":23,"enemies":"Gremlin Nob","floor":10,"turns":4},{"damage":4,"enemies":"Large Slime","floor":11,"turns":4},{"damage":15,"enemies":"Lagavulin","floor":12,"turns":7},{"damage":0,"enemies":"Looter","floor":13,"turns":3},{"damage":4,"enemies":"Hexaghost","floor":16,"turns":8},{"damage":4,"enemies":"Chosen","floor":18,"turns":3},{"damage":9,"enemies":"Shell Parasite","floor":21,"turns":3},{"damage":13,"enemies":"Book of Stabbing","floor":23,"turns":5},{"damage":29,"enemies":"Gremlin Leader","floor":25,"turns":6},{"damage":0,"enemies":"Centurion and Healer","floor":30,"turns":6},{"damage":0,"enemies":"Snecko","floor":31,"turns":5},{"damage":3,"enemies":"Collector","floor":33,"turns":9},{"damage":0,"enemies":"Orb Walker","floor":35,"turns":5},{"damage":13,"enemies":"2 Orb Walkers","floor":37,"turns":6},{"damage":0,"enemies":"Reptomancer","floor":41,"turns":9},{"damage":0,"enemies":"3 Shapes","floor":42,"turns":8},{"damage":11,"enemies":"Giant Head","floor":45,"turns":11},{"damage":0,"enemies":"Nemesis","floor":47,"turns":5},{"damage":0,"enemies":"Spire Growth","floor":48,"turns":5},{"damage":8,"enemies":"Donu and Deca","floor":50,"turns":11},{"damage":25,"enemies":"Awakened One","floor":51,"turns":18},{"damage":10,"enemies":"Shield and Spear","floor":55,"turns":9},{"damage":2,"enemies":"The Heart","floor":56,"turns":12}],"green_key_taken_log":25,"seed_played":"-5864103358044794930","neow_bonus_log":{"cardsObtained":[],"cardsUpgraded":[],"cardsRemoved":[],"cardsTransformed":[],"relicsObtained":[],"maxHpGained":7,"goldGained":0,"damageTaken":0,"goldLost":0,"maxHpLost":0},"potions_obtained":[{"floor":1,"key":"SmokeBomb"},{"floor":7,"key":"Energy Potion"},{"floor":8,"key":"Dexterity Potion"},{"floor":10,"key":"LiquidMemories"},{"floor":18,"key":"Weak Potion"},{"floor":23,"key":"SkillPotion"},{"floor":31,"key":"SteroidPotion"},{"floor":42,"key":"ColorlessPotion"},{"floor":47,"key":"Weak Potion"},{"floor":48,"key":"BlessingOfTheForge"}],"is_trial":false,"path_per_floor":["M","T","M","M","?","R","M","E","T","E","M","E","M","$","R","B",null,"M","?","?","M","$","E","R","E","T","?","$","R","M","M","R","B",null,"M","?","?","$","?","R","E","M","T","R","E","T","E","M","R","B","B",null,"R","$","E","B",null],"character_chosen":"DEFECT","items_purchased":["Symbiotic Virus","Membership Card","DollysMirror","FocusPotion","Strange Spoon","Hologram","Skim","Defragment","FocusPotion","FossilizedHelix","PowerPotion"],"campfire_rested":0,"item_purchase_floors":[14,22,28,28,38,38,54,54,54,54,54],"current_hp_per_floor":[69,69,67,66,66,66,66,54,54,31,27,12,12,12,12,33,67,63,63,63,54,54,41,41,12,12,12,12,12,12,12,12,34,38,38,38,25,25,25,25,29,33,33,33,26,26,28,34,34,33,16,33,33,33,31,37],"gold":76,"neow_bonus":"TEN_PERCENT_HP_BONUS","is_prod":false,"is_daily":false,"rewards_skipped":[{"floor":55,"relics":[],"potions":["DistilledChaos"]}],"chose_seed":false,"campfire_upgraded":8,"win_rate":0,"floor_exit_playtime":[275,302,538,634,662,683,1069,1459,1498,2027,2254,2427,2518,2547,2552,2845,2970,3200,3308,3325,3635,3689,3973,4038,4450,4470,4478,4613,4625,4773,4925,4931,5455,5761,5840,5845,6063,6179,6197,6212,6630,6782,6785,6808,7224,7228,7506,7639,7664,8055,9123,9134,9148,9251,9725,10489],"timestamp":1664071035,"blue_key_relic_skipped_log":{"floor":26,"relicID":"MawBank"},"path_taken":["M","?","M","M","?","R","M","E","T","E","?","E","M","$","R","BOSS","M","?","?","M","$","E","R","E","T","?","$","R","M","M","R","BOSS","M","?","?","$","?","R","E","?","T","R","E","?","E","M","R","BOSS","BOSS","R","$","E","BOSS"],"build_version":"2022-03-07","purchased_purges":3,"victory":true,"max_hp_per_floor":[78,78,78,78,78,78,78,78,78,78,78,78,78,78,78,78,78,78,78,78,78,78,78,78,78,78,39,39,39,39,39,39,39,39,39,39,39,39,39,39,39,39,39,39,39,39,39,39,39,39,39,39,39,39,39,39],"relic_stats":{"counters":[28,182],"CeramicFish":189,"The Courier":707,"Boot":[102],"Smiling Mask":13,"Strange Spoon":[57],"Mummified Hand":[27],"Shuriken":[21],"Pantograph":69,"Bird Faced Urn":[32],"Bottled Lightning":"Chill","Membership Card":707,"obtain_stats":[{"Lantern":23,"CeramicFish":12,"The Courier":47,"Boot":9,"Smiling Mask":43,"Akabeko":25,"Runic Dome":34,"Strange Spoon":38,"DataDisk":55,"DollysMirror":28,"Mummified Hand":41,"Shuriken":45,"Pantograph":2,"Bird Faced Urn":37,"Bottled Lightning":8,"Membership Card":22,"Cracked Core":0,"Symbiotic Virus":14,"TungstenRod":10,"Toy Ornithopter":46,"FossilizedHelix":54,"Runic Pyramid":17},{"Lantern":13,"CeramicFish":8,"The Courier":23,"Boot":5,"Smiling Mask":21,"Akabeko":14,"Runic Dome":17,"Strange Spoon":19,"DataDisk":27,"DollysMirror":14,"Mummified Hand":20,"Shuriken":22,"Pantograph":1,"Bird Faced Urn":19,"Bottled Lightning":5,"Membership Card":12,"Cracked Core":0,"Symbiotic Virus":9,"TungstenRod":6,"Toy Ornithopter":22,"FossilizedHelix":26,"Runic Pyramid":10},{"Lantern":57,"CeramicFish":35,"The Courier":127,"Boot":20,"Smiling Mask":111,"Akabeko":63,"Runic Dome":83,"Strange Spoon":94,"DataDisk":170,"DollysMirror":63,"Mummified Hand":103,"Shuriken":122,"Pantograph":4,"Bird Faced Urn":94,"Bottled Lightning":20,"Membership Card":52,"Cracked Core":0,"Symbiotic Virus":38,"TungstenRod":24,"Toy Ornithopter":122,"FossilizedHelix":161,"Runic Pyramid":46}],"TungstenRod":49,"Toy Ornithopter":0,"FossilizedHelix":[16]},"card_choices":[{"not_picked":["Force Field","Turbo"],"picked":"Leap","floor":1},{"not_picked":["Chaos","Sweeping Beam"],"picked":"Rebound","floor":3},{"not_picked":["Barrage","Sweeping Beam"],"picked":"Ball Lightning","floor":4},{"not_picked":["Recycle","Storm"],"picked":"Chill","floor":7},{"not_picked":["Turbo","Undo"],"picked":"Hello World","floor":8},{"not_picked":["Leap","White Noise"],"picked":"Genetic Algorithm","floor":10},{"not_picked":["Blizzard","Cold Snap"],"picked":"Rainbow","floor":11},{"not_picked":["Compile Driver","Cold Snap"],"picked":"Capacitor","floor":12},{"not_picked":["Sweeping Beam","BootSequence"],"picked":"Redo","floor":13},{"not_picked":["Meteor Strike","Amplify"],"picked":"All For One","floor":16},{"not_picked":["Stack","Reprogram"],"picked":"Turbo","floor":18},{"not_picked":["Loop","Conserve Battery","Steam","Barrage","Ball Lightning","Self Repair","Storm","Stack","Cold Snap","Gash","Leap","Auto Shields","Turbo","Sweeping Beam","Compile Driver","Streamline","Coolheaded","Go for the Eyes","Heatsinks"],"picked":"Recycle","floor":19},{"not_picked":["Stack","Turbo"],"picked":"Glacier","floor":21},{"not_picked":["Fusion","Leap","Redo"],"picked":"SKIP","floor":23},{"not_picked":["Sweeping Beam","Fusion"],"picked":"Darkness","floor":25},{"not_picked":["Heatsinks","Hello World"],"picked":"Go for the Eyes","floor":30},{"not_picked":["Chill","Reboot","Leap"],"picked":"SKIP","floor":31},{"not_picked":["Chill","Reboot","Leap"],"picked":"SKIP","floor":31},{"not_picked":["All For One","Machine Learning"],"picked":"Meteor Strike","floor":33},{"not_picked":["Conserve Battery+1","Go for the Eyes"],"picked":"Compile Driver","floor":35},{"not_picked":["Redo","Streamline","Darkness"],"picked":"SKIP","floor":37},{"not_picked":["Steam","Steam Power","Rebound+1"],"picked":"SKIP","floor":41},{"not_picked":["Barrage","BootSequence"],"picked":"Compile Driver","floor":42},{"not_picked":["BootSequence+1","Go for the Eyes"],"picked":"Turbo","floor":45},{"not_picked":["Melter","Ball Lightning"],"picked":"Static Discharge","floor":47},{"not_picked":["Force Field","Rainbow","Beam Cell"],"picked":"SKIP","floor":48},{"not_picked":["Chill","Conserve Battery"],"picked":"BootSequence","floor":55}],"player_experience":3991263,"relics_obtained":[{"floor":2,"key":"Pantograph"},{"floor":8,"key":"Bottled Lightning"},{"floor":9,"key":"Boot"},{"floor":10,"key":"TungstenRod"},{"floor":12,"key":"CeramicFish"},{"floor":23,"key":"Lantern"},{"floor":25,"key":"Akabeko"},{"floor":37,"key":"Bird Faced Urn"},{"floor":41,"key":"Mummified Hand"},{"floor":43,"key":"Smiling Mask"},{"floor":45,"key":"Shuriken"},{"floor":46,"key":"Toy Ornithopter"},{"floor":47,"key":"The Courier"},{"floor":55,"key":"DataDisk"}],"event_choices":[{"damage_healed":0,"gold_gain":0,"player_choice":"Upgraded","damage_taken":0,"max_hp_gain":0,"max_hp_loss":0,"event_name":"Upgrade Shrine","floor":5,"gold_loss":0,"cards_upgraded":["Zap"]},{"damage_healed":0,"gold_gain":0,"player_choice":"Read","damage_taken":0,"max_hp_gain":0,"max_hp_loss":0,"event_name":"The Library","floor":19,"gold_loss":0,"cards_obtained":["Recycle"]},{"damage_healed":0,"gold_gain":0,"player_choice":"Simplicity","damage_taken":0,"max_hp_gain":0,"max_hp_loss":0,"event_name":"Back to Basics","floor":20,"gold_loss":0,"cards_upgraded":["Strike_B","Strike_B","Strike_B","Strike_B","Defend_B","Defend_B","Defend_B","Defend_B"]},{"damage_healed":0,"gold_gain":0,"player_choice":"Became a Ghost","damage_taken":0,"max_hp_gain":0,"max_hp_loss":39,"event_name":"Ghosts","floor":27,"gold_loss":0,"cards_obtained":["Ghostly","Ghostly","Ghostly"]},{"cards_removed":["Strike_B"],"damage_healed":0,"gold_gain":0,"player_choice":"Removed Attack","damage_taken":0,"max_hp_gain":0,"max_hp_loss":0,"event_name":"Falling","floor":36,"gold_loss":0},{"damage_healed":0,"gold_gain":0,"player_choice":"Fight","damage_taken":0,"max_hp_gain":0,"max_hp_loss":0,"event_name":"Mysterious Sphere","floor":37,"gold_loss":0},{"damage_healed":0,"gold_gain":0,"player_choice":"Upgraded","damage_taken":0,"max_hp_gain":0,"max_hp_loss":0,"event_name":"Upgrade Shrine","floor":39,"gold_loss":0,"cards_upgraded":["Hologram"]}],"is_beta":false,"boss_relics":[{"not_picked":["Sozu","Ectoplasm"],"picked":"Runic Pyramid"},{"not_picked":["Black Star","Busted Crown"],"picked":"Runic Dome"}],"items_purged_floors":[28,38,54],"is_endless":false,"potions_floor_spawned":[1,7,8,10,18,23,31,42,47,48,55],"ascension_level":20,"potion_discard_per_floor":[[],[],[],[],[],[],[],["SmokeBomb"],[],["Energy Potion"],[],[],[],[],[],[],[],[],[],[],[],[],[],[],[],[],[],[],[],[],[],[],[],[],[],[],[],[],[],[],[],[],[],[],[],[],[],[],[],[],[],[],[],["BlessingOfTheForge"],[],[],[]]}