{"neow_bonuses_skipped_log":["TRANSFORM_CARD","TRANSFORM_TWO_CARDS","BOSS_RELIC"],"potions_obtained_entropic_brew":[[],[],[],[],[],[],[],[],[],[],[],[],[],[],[],[],[],[],[],[],[],[],[],[],[],[],[],[],[],[],[],[],[],[],[],[],[],[],[],[],[],[],[],[],[],[],[],[],[],[],[],[],[],[],[],[],[]],"neow_costs_skipped_log":["NONE","CURSE","NONE"],"gold_per_floor":[113,125,142,158,29,63,63,98,98,15,35,49,49,83,83,156,156,173,173,188,236,16,48,48,74,86,98,110,172,211,240,252,343,355,377,400,412,442,473,513,545,586,650,696,708,175,175,191,191,191,191,191,191,19,50,50],"floor_reached":57,"playtime":9378,"items_purged":["Defend_B","BootSequence+1"],"score":3090,"play_id":"356629a6-7ea9-4a64-b7ee-ac1d8c1a84b0","local_time":"20220926194447","score_breakdown":["Floors Climbed (57): 285","Enemies Slain (15): 30","Exordium Elites Killed (3): 30","City Elites Killed (3): 60","Beyond Elites Killed (3): 90","Bosses Slain (5): 750","Money Money (1100): 25","Librarian: 25","Champion (3): 75","Perfect (1): 50","C-c-c-combo: 25","Ascension (20): 1395","Heartbreaker: 250"],"is_ascension_mode":true,"potions_obtained_alchemize":[[],[],[],[],[],[],[],[],[],[],[],[],[],[],[],[],[],[],[],[],[],[],[],[],[],[],[],[],[],[],[],[],[],[],[],[],[],[],[],[],[],[],[],[],[],[],[],[],[],[],[],[],[],[],[],[],[]],"campfire_choices":[{"data":"Zap","floor":7,"key":"SMITH"},{"data":"Barrage","floor":15,"key":"SMITH"},{"data":"Buffer","floor":24,"key":"SMITH"},{"floor":27,"key":"REST"},{"data":"Doom and Gloom","floor":32,"key":"SMITH"},{"floor":47,"key":"RECALL"},{"data":"Loop","floor":49,"key":"SMITH"},{"floor":53,"key":"REST"}],"lesson_learned_per_floor":[[],[],[],[],[],[],[],[],[],[],[],[],[],[],[],[],[],[],[],[],[],[],[],[],[],[],[],[],[],[],[],[],[],[],[],[],[],[],[],[],[],[],[],[],[],[],[],[],[],[],[],[],[],[],[],[],[]],"neow_cost":"NONE","improvable_cards":{},"seed_source_timestamp":5435600372624,"shop_contents":[{"floor":5,"relics":["Mummified Hand","Blood Vial","Sling"],"cards":["Barrage","Compile Driver","Steam","Stack","Heatsinks","Mind Blast","Violence"],"potions":["PotionOfCapacity","Dexterity Potion"]},{"floor":22,"relics":["Cables","CaptainsWheel"],"cards":["Barrage","Doom and Gloom","Turbo+1","Loop","Good Instincts+1","Secret Technique+1"],"potions":["SmokeBomb","Weak Potion","Dexterity Potion"]},{"floor":46,"relics":["Singing Bowl","Turnip"],"cards":["FTL","Genetic Algorithm+1","Trip+1","Secret Weapon+1"],"potions":["SteroidPotion","BlessingOfTheForge","ColorlessPotion"]},{"floor":54,"relics":["Ginger","War Paint"],"cards":["Blizzard","Sweeping Beam","Coolheaded+1","Steam+1","Defragment","Dark Shackles+1","Secret Technique+1"],"potions":["FocusPotion","AttackPotion","LiquidMemories"]}],"circlet_count":0,"master_deck":["AscendersBane","Strike_B","Strike_B","Defend_B","Defend_B","Zap+1","Dualcast","Cold Snap","Rebound","Barrage+1","Buffer+1","Echo Form","BootSequence+1","Skim+1","Tempest+1","Core Surge","Fusion+1","Echo Form","Hologram+1","Recycle+1","Doom and Gloom+1","Undo+1","Meteor Strike","Thunder Strike+1","Streamline+1","Coolheaded+1","Capacitor+1","Turbo+1","Consume+1","Fission+1","Coolheaded+1","All For One","Skim+1","Loop+1","Compile Driver","Force Field+1","Coolheaded+1"],"special_seed":0,"potion_use_per_floor":[[],[],[],[],[],[],[],["Fire Potion"],[],[],[],[],[],[],[],["DistilledChaos"],[],[],[],[],[],[],["Fire Potion"],[],["DuplicationPotion","DuplicationPotion"],[],[],[],[],["SkillPotion"],[],[],[],[],[],[],[],["Swift Potion"],["GamblersBrew"],["FearPotion"],[],[],[],[],[],[],[],["Swift Potion"],[],[],[],[],[],[],[],["FocusPotion","LiquidMemories"],[]],"relics":["Cracked Core","MealTicket","Mercury Hourglass","Ornamental Fan","Toxic Egg 2","White Beast Statue","Meat on the Bone","Snecko Eye","Dream Catcher","DollysMirror","Boot","MawBank","Question Card","Nilry\u0027s Codex","Centennial Puzzle","Astrolabe","Pen Nib","Kunai","Lantern","Bag of Marbles","Runic Capacitor","ClockworkSouvenir","Toy Ornithopter"],"potions_floor_usage":[8,16,23,25,25,30,38,39,40,48,56,56],"damage_taken":[{"damage":4,"enemies":"Small Slimes","floor":1,"turns":4},{"damage":0,"enemies":"Cultist","floor":2,"turns":3},{"damage":1,"enemies":"2 Louse","floor":3,"turns":3},{"damage":8,"enemies":"Exordium Thugs","floor":4,"turns":4},{"damage":21,"enemies":"Lagavulin","floor":6,"turns":7},{"damage":13,"enemies":"3 Sentries","floor":8,"turns":4},{"damage":10,"enemies":"Exordium Wildlife","floor":11,"turns":2},{"damage":0,"enemies":"3 Louse","floor":12,"turns":2},{"damage":0,"enemies":"Gremlin Nob","floor":14,"turns":4},{"damage":11,"enemies":"Hexaghost","floor":16,"turns":8},{"damage":8,"enemies":"3 Byrds","floor":18,"turns":3},{"damage":0,"enemies":"Spheric Guardian","floor":20,"turns":3},{"damage":28,"enemies":"Gremlin Leader","floor":23,"turns":7},{"damage":17,"enemies":"Slavers","floor":25,"turns":4},{"damage":7,"enemies":"Book of Stabbing","floor":30,"turns":4},{"damage":0,"enemies":"3 Cultists","floor":31,"turns":3},{"damage":0,"enemies":"Automaton","floor":33,"turns":6},{"damage":0,"enemies":"Orb Walker","floor":35,"turns":3},{"damage":0,"enemies":"3 Shapes","floor":36,"turns":3},{"damage":7,"enemies":"Writhing Mass","floor":38,"turns":4},{"damage":0,"enemies":"Jaw Worm Horde","floor":39,"turns":2},{"damage":0,"enemies":"Giant Head","floor":40,"turns":4},{"damage":0,"enemies":"Spire Growth","floor":41,"turns":4},{"damage":8,"enemies":"Nemesis","floor":42,"turns":3},{"damage":0,"enemies":"Giant Head","floor":44,"turns":5},{"damage":1,"enemies":"4 Shapes","floor":48,"turns":1},{"damage":11,"enemies":"Awakened One","floor":50,"turns":15},{"damage":26,"enemies":"Donu and Deca","floor":51,"turns":10},{"damage":18,"enemies":"Shield and Spear","floor":55,"turns":5},{"damage":30,"enemies":"The Heart","floor":56,"turns":7}],"green_key_taken_log":23,"seed_played":"-3210237778271707043","neow_bonus_log":{"cardsObtained":[],"cardsUpgraded":[],"cardsRemoved":[],"cardsTransformed":[],"relicsObtained":["MealTicket"],"maxHpGained":0,"goldGained":0,"damageTaken":0,"goldLost":0,"maxHpLost":0},"potions_obtained":[{"floor":3,"key":"SmokeBomb"},{"floor":6,"key":"Fire Potion"},{"floor":11,"key":"FearPotion"},{"floor":12,"key":"DistilledChaos"},{"floor":16,"key":"Swift Potion"},{"floor":18,"key":"DuplicationPotion"},{"floor":23,"key":"DuplicationPotion"},{"floor":25,"key":"SkillPotion"},{"floor":30,"key":"SpeedPotion"},{"floor":31,"key":"Swift Potion"},{"floor":33,"key":"ColorlessPotion"},{"floor":35,"key":"EssenceOfDarkness"},{"floor":38,"key":"GamblersBrew"},{"floor":39,"key":"FearPotion"},{"floor":40,"key":"LiquidMemories"},{"floor":42,"key":"Swift Potion"},{"floor":48,"key":"FocusPotion"}],"is_trial":false,"path_per_floor":["M","M","M","M","$","E","R","E","T","?","M","M","?","E","R","B",null,"M","?","M","T","$","E","R","E","T","R","?","?","E","M","R","B",null,"M","M","?","M","M","E","M","E","T","E","T","$","R","M","R","B","B",null,"R","$","E","B",null],"character_chosen":"DEFECT","items_purchased":["Fire Potion","DollysMirror","Hologram+1","All For One","Skim+1","Runic Capacitor","Loop","ClockworkSouvenir"],"campfire_rested":2,"item_purchase_floors":[5,22,22,46,46,46,46,54],"current_hp_per_floor":[60,60,59,51,66,45,45,32,32,32,22,22,17,17,17,18,58,50,50,50,50,65,37,37,32,32,53,32,25,30,42,42,42,64,64,64,64,57,57,57,57,49,49,49,49,64,64,63,63,52,38,63,71,71,53,45],"gold":50,"neow_bonus":"RANDOM_COMMON_RELIC","is_prod":false,"is_daily":false,"rewards_skipped":[{"floor":14,"relics":[],"potions":["SteroidPotion"]},{"floor":20,"relics":[],"potions":["CultistPotion"]},{"floor":36,"relics":[],"potions":["Strength Potion"]},{"floor":41,"relics":[],"potions":["SkillPotion"]},{"floor":44,"relics":[],"potions":["Energy Potion"]},{"floor":55,"relics":[],"potions":["Explosive Potion"]}],"chose_seed":false,"campfire_upgraded":5,"win_rate":0,"floor_exit_playtime":[256,324,500,1199,1311,1836,1862,2476,2482,2513,2600,2663,2755,2895,2943,3250,3391,3615,3632,3747,3760,3820,4382,4389,4715,4720,4783,4817,4853,5181,5307,5314,5549,5710,5803,5886,5902,6146,6286,6439,6542,6651,6653,6795,6812,6879,6921,7050,7056,7602,7977,7990,8053,8080,8498,9378],"timestamp":1664235887,"blue_key_relic_skipped_log":{"floor":43,"relicID":"Happy Flower"},"path_taken":["M","M","M","M","$","E","R","E","T","?","?","M","?","E","R","BOSS","M","?","M","?","$","E","R","E","T","R","?","?","E","?","R","BOSS","M","M","?","M","?","E","M","E","T","E","?","$","R","M","R","BOSS","BOSS","R","$","E","BOSS"],"build_version":"2022-03-07","purchased_purges":2,"victory":true,"max_hp_per_floor":[71,71,71,71,71,71,71,71,71,71,71,71,71,71,71,71,71,71,71,71,71,71,71,71,71,71,71,71,71,71,71,71,71,71,71,71,71,71,71,71,71,71,71,71,71,71,71,71,71,71,71,71,71,71,71,71],"relic_stats":{"counters":[30,137],"Nilry\u0027s Codex":[3,16,15,32],"Astrolabe":["BootSequence","Thunder Strike","Streamline"],"Pen Nib":[14],"Boot":[23],"MawBank":252,"Question Card":15,"White Beast Statue":[0.0,0.0,0.0,0.4,0.0,0.6000000000000001,0.0,0.0,0.0,0.0,0.0,9.867166464000004],"Mercury Hourglass":[466],"Dream Catcher":2,"Centennial Puzzle":[21],"Ornamental Fan":[228],"Snecko Eye":[243,215,209,200,-72],"MealTicket":45,"Kunai":[30],"obtain_stats":[{"Lantern":44,"Nilry\u0027s Codex":28,"Astrolabe":34,"Pen Nib":40,"Runic Capacitor":46,"Boot":23,"MawBank":25,"Question Card":26,"White Beast Statue":10,"Mercury Hourglass":6,"ClockworkSouvenir":54,"Dream Catcher":21,"Centennial Puzzle":30,"Ornamental Fan":8,"DollysMirror":22,"Snecko Eye":17,"MealTicket":0,"Bag of Marbles":45,"Kunai":42,"Toxic Egg 2":9,"Cracked Core":0,"Toy Ornithopter":55,"Meat on the Bone":14},{"Lantern":25,"Nilry\u0027s Codex":14,"Astrolabe":17,"Pen Nib":22,"Runic Capacitor":25,"Boot":13,"MawBank":14,"Question Card":14,"White Beast Statue":6,"Mercury Hourglass":5,"ClockworkSouvenir":28,"Dream Catcher":12,"Centennial Puzzle":15,"Ornamental Fan":6,"DollysMirror":12,"Snecko Eye":10,"MealTicket":0,"Bag of Marbles":25,"Kunai":24,"Toxic Egg 2":6,"Cracked Core":0,"Toy Ornithopter":29,"Meat on the Bone":9},{"Lantern":99,"Nilry\u0027s Codex":58,"Astrolabe":71,"Pen Nib":87,"Runic Capacitor":99,"Boot":54,"MawBank":58,"Question Card":58,"White Beast Statue":25,"Mercury Hourglass":21,"ClockworkSouvenir":125,"Dream Catcher":47,"Centennial Puzzle":62,"Ornamental Fan":25,"DollysMirror":47,"Snecko Eye":41,"MealTicket":0,"Bag of Marbles":99,"Kunai":94,"Toxic Egg 2":25,"Cracked Core":0,"Toy Ornithopter":130,"Meat on the Bone":33}],"Toy Ornithopter":10,"Meat on the Bone":72},"card_choices":[{"not_picked":["Sweeping Beam","Steam"],"picked":"Cold Snap","floor":1},{"not_picked":["Chaos","Streamline"],"picked":"Rebound","floor":2},{"not_picked":["Go for the Eyes","Storm"],"picked":"Barrage","floor":3},{"not_picked":["Turbo","Stack"],"picked":"Buffer","floor":4},{"not_picked":["Chill","Hologram"],"picked":"Echo Form","floor":8},{"not_picked":["Compile Driver","Sweeping Beam"],"picked":"BootSequence+1","floor":11},{"not_picked":["Beam Cell","Scrape"],"picked":"Skim+1","floor":12},{"not_picked":["Hello World","BootSequence+1"],"picked":"Tempest+1","floor":14},{"not_picked":["Creative AI","Hyperbeam"],"picked":"Core Surge","floor":16},{"not_picked":["Ball Lightning","Conserve Battery+1"],"picked":"Fusion+1","floor":18},{"not_picked":["Scrape+1","Rebound","Hello World"],"picked":"SKIP","floor":23},{"not_picked":["Scrape+1","Rebound","Hello World"],"picked":"SKIP","floor":23},{"not_picked":["Compile Driver","Lockon"],"picked":"Recycle+1","floor":25},{"not_picked":["Rebound","Ball Lightning","Reinforced Body+1"],"picked":"Doom and Gloom","floor":27},{"not_picked":["Sweeping Beam","Melter","Barrage"],"picked":"Undo+1","floor":30},{"not_picked":["Darkness+1","Machine Learning","Ball Lightning","Chaos+1"],"picked":"SKIP","floor":31},{"not_picked":["Seek+1","Fission+1","Creative AI"],"picked":"Meteor Strike","floor":33},{"not_picked":["Turbo+1","Barrage","Go for the Eyes+1"],"picked":"Coolheaded+1","floor":35},{"not_picked":["Hello World","Auto Shields+1","Rip and Tear"],"picked":"Capacitor","floor":36},{"not_picked":["Redo+1","Barrage+1","Cold Snap"],"picked":"Turbo+1","floor":38},{"not_picked":["Hyperbeam","BootSequence+1","Conserve Battery+1"],"picked":"Consume+1","floor":39},{"not_picked":["Cold Snap","Heatsinks","Barrage","Chaos+1"],"picked":"SKIP","floor":40},{"not_picked":["FTL","Blizzard+1","Barrage","Streamline"],"picked":"SKIP","floor":41},{"not_picked":["Skim+1","Go for the Eyes","Compile Driver"],"picked":"Fission+1","floor":42},{"not_picked":["Undo+1","Conserve Battery+1","Heatsinks"],"picked":"Coolheaded+1","floor":44},{"not_picked":["Auto Shields+1","Stack+1","Melter"],"picked":"Compile Driver","floor":48},{"not_picked":["Melter","Leap+1","Undo+1"],"picked":"Force Field+1","floor":53},{"not_picked":["Steam Power+1","Machine Learning","Conserve Battery+1"],"picked":"Coolheaded+1","floor":55}],"player_experience":4012440,"relics_obtained":[{"floor":6,"key":"Mercury Hourglass"},{"floor":8,"key":"Ornamental Fan"},{"floor":9,"key":"Toxic Egg 2"},{"floor":14,"key":"Meat on the Bone"},{"floor":21,"key":"Dream Catcher"},{"floor":23,"key":"Boot"},{"floor":25,"key":"MawBank"},{"floor":26,"key":"Question Card"},{"floor":28,"key":"Nilry\u0027s Codex"},{"floor":30,"key":"Centennial Puzzle"},{"floor":40,"key":"Pen Nib"},{"floor":42,"key":"Kunai"},{"floor":44,"key":"Lantern"},{"floor":45,"key":"Bag of Marbles"},{"floor":55,"key":"Toy Ornithopter"}],"event_choices":[{"damage_healed":0,"gold_gain":0,"player_choice":"Paid Gold","damage_taken":0,"relics_obtained":["White Beast Statue"],"max_hp_gain":0,"max_hp_loss":0,"event_name":"WeMeetAgain","floor":10,"gold_loss":83},{"damage_healed":0,"gold_gain":0,"player_choice":"Fled","damage_taken":5,"max_hp_gain":0,"max_hp_loss":0,"event_name":"Scrap Ooze","floor":13,"gold_loss":0},{"damage_healed":0,"gold_gain":0,"player_choice":"Ignored","damage_taken":0,"max_hp_gain":0,"max_hp_loss":0,"event_name":"Vampires","floor":19,"gold_loss":0},{"damage_healed":0,"gold_gain":0,"player_choice":"Obtained Book","damage_taken":21,"max_hp_gain":0,"max_hp_loss":0,"event_name":"Cursed Tome","floor":28,"gold_loss":0},{"damage_healed":0,"gold_gain":50,"player_choice":"Touch","damage_taken":7,"max_hp_gain":0,"max_hp_loss":0,"event_name":"FaceTrader","floor":29,"gold_loss":0},{"damage_healed":0,"gold_gain":0,"player_choice":"Forge","damage_taken":0,"max_hp_gain":0,"max_hp_loss":0,"event_name":"Accursed Blacksmith","floor":37,"gold_loss":0,"cards_upgraded":["Capacitor"]}],"is_beta":false,"boss_relics":[{"not_picked":["Fusion Hammer","Busted Crown"],"picked":"Snecko Eye"},{"not_picked":["FrozenCore","Runic Dome"],"picked":"Astrolabe"}],"items_purged_floors":[5,46],"is_endless":false,"potions_floor_spawned":[3,6,11,12,14,16,18,20,23,25,30,31,33,35,36,38,39,40,41,42,44,48,55],"ascension_level":20,"potion_discard_per_floor":[[],[],[],[],[],["SmokeBomb"],[],[],[],[],[],["FearPotion"],[],[],[],[],[],["Swift Potion"],[],[],[],[],[],[],[],[],[],[],[],[],[],[],["SpeedPotion"],[],["ColorlessPotion"],[],[],[],[],[],[],["EssenceOfDarkness"],[],[],[],[],[],[],[],[],[],[],[],[],[],[],[]]}