{"neow_bonuses_skipped_log":["RANDOM_COLORLESS","TEN_PERCENT_HP_BONUS","THREE_RARE_CARDS"],"potions_obtained_entropic_brew":[[],[],[],[],[],[],[],[],[],[],[],[],[],[],[],[],[],[],[],[],[],[],[],[],[],[],[],[],[],[],[],[],[],[],[],[],[],[],[],[],[],[],[],[],[],[],[],[],[],[],[]],"neow_costs_skipped_log":["NONE","NONE","PERCENT_DAMAGE"],"gold_per_floor":[112,130,149,149,166,166,192,192,192,63,79,109,129,140,140,214,214,234,244,264,283,303,338,356,368,419,419,429,429,36,70,70,147,147,159,184,195,14,0,0,14,46,69,69,14,31,51,76,76,76,76],"floor_reached":51,"playtime":6861,"items_purged":["Defend_B","Strike_B","Strike_B"],"score":1630,"play_id":"e11da5a3-2e8a-4d8c-b104-a25a74c4902c","local_time":"20221008211730","score_breakdown":["Floors Climbed (51): 255","Enemies Slain (20): 40","Exordium Elites Killed (2): 20","City Elites Killed (2): 40","Beyond Elites Killed (2): 60","Bosses Slain (3): 300","Collector (1): 25","Librarian: 25","Champion (2): 50","Overkill: 25","Ascension (20): 790"],"is_ascension_mode":true,"potions_obtained_alchemize":[[],[],[],[],[],[],[],[],[],[],[],[],[],[],[],[],[],[],[],[],[],[],[],[],[],[],[],[],[],[],[],[],[],[],[],[],[],[],[],[],[],[],[],[],[],[],[],[],[],[],[]],"campfire_choices":[{"data":"Darkness","floor":6,"key":"SMITH"},{"data":"Dualcast","floor":8,"key":"SMITH"},{"data":"Redo","floor":15,"key":"SMITH"},{"data":"Biased Cognition","floor":27,"key":"SMITH"},{"data":"Barrage","floor":29,"key":"SMITH"},{"floor":32,"key":"REST"},{"data":"Loop","floor":40,"key":"SMITH"},{"floor":44,"key":"RECALL"},{"data":"Go for the Eyes","floor":49,"key":"SMITH"}],"lesson_learned_per_floor":[[],[],[],[],[],[],[],[],[],[],[],[],[],[],[],[],[],[],[],[],[],[],[],[],[],[],[],[],[],[],[],[],[],[],[],[],[],[],[],[],[],[],[],[],[],[],[],[],[],[],[]],"neow_cost":"NONE","improvable_cards":{},"seed_source_timestamp":10235916519842,"shop_contents":[{"floor":10,"relics":["CeramicFish","Frozen Egg 2","HandDrill"],"cards":["Barrage","Melter","Reprogram","Hello World","Trip","Apotheosis"],"potions":["FocusPotion","Ancient Potion","Ancient Potion"]},{"floor":30,"relics":["Nunchaku","Tiny Chest","Orrery"],"cards":["Thunder Strike","Lockon","Aggregate","BootSequence","Discovery"],"potions":["EssenceOfSteel","Swift Potion","Ancient Potion"]},{"floor":38,"relics":["Singing Bowl","Matryoshka","Strange Spoon"],"cards":["Rebound","Cold Snap","Fusion","Tempest","Self Repair","Purity","The Bomb"],"potions":["LiquidMemories","EssenceOfDarkness"]},{"floor":45,"relics":["Blue Candle","Sundial","Membership Card"],"cards":["Cold Snap","Blizzard","Multi-Cast+1","Storm","Jack Of All Trades+1","Secret Weapon+1"],"potions":["FearPotion","Block Potion","DuplicationPotion"]}],"circlet_count":0,"master_deck":["AscendersBane","Strike_B","Strike_B","Defend_B+1","Defend_B+1","Zap","Dualcast+1","CurseOfTheBell","Cold Snap","Glacier","Darkness+1","Beam Cell","Chill","Redo+1","Gash","Hologram","Hologram","Biased Cognition+1","Auto Shields+1","Skim","Coolheaded+1","Rebound+1","Conserve Battery+1","Barrage+1","Hologram","Master of Strategy","Capacitor","Machine Learning","Echo Form","Stack+1","Hologram","Loop+1","Go for the Eyes+1","Amplify+1","Turbo+1","Sweeping Beam","Reinforced Body+1"],"potion_use_per_floor":[[],[],[],[],[],[],[],[],[],[],[],["AttackPotion"],[],["Fire Potion"],[],[],[],[],[],[],["Fruit Juice"],[],[],[],[],[],[],[],[],[],["SpeedPotion"],[],[],[],[],[],[],[],[],[],[],[],[],[],[],[],[],[],[],[],["FocusPotion"]],"relics":["Calling Bell","Unceasing Top","Meat on the Bone","War Paint","Turnip","Eternal Feather","Ornamental Fan","Nuclear Battery","Bag of Marbles","Centennial Puzzle","Runic Pyramid","Emotion Chip","Red Mask","Toxic Egg 2","PreservedInsect","Gremlin Horn"],"potions_floor_usage":[12,14,21,31,51],"damage_taken":[{"damage":4,"enemies":"2 Louse","floor":1,"turns":4},{"damage":2,"enemies":"Cultist","floor":2,"turns":5},{"damage":1,"enemies":"Small Slimes","floor":3,"turns":6},{"damage":3,"enemies":"Blue Slaver","floor":5,"turns":6},{"damage":3,"enemies":"3 Sentries","floor":7,"turns":11},{"damage":0,"enemies":"Exordium Wildlife","floor":11,"turns":4},{"damage":0,"enemies":"Gremlin Nob","floor":12,"turns":3},{"damage":8,"enemies":"Red Slaver","floor":13,"turns":3},{"damage":6,"enemies":"Lots of Slimes","floor":14,"turns":6},{"damage":41,"enemies":"Hexaghost","floor":16,"turns":8},{"damage":25,"enemies":"3 Byrds","floor":18,"turns":9},{"damage":18,"enemies":"Chosen","floor":19,"turns":5},{"damage":20,"enemies":"Sentry and Sphere","floor":20,"turns":7},{"damage":5,"enemies":"Snake Plant","floor":21,"turns":5},{"damage":27,"enemies":"Cultist and Chosen","floor":22,"turns":9},{"damage":19,"enemies":"Book of Stabbing","floor":23,"turns":5},{"damage":0,"enemies":"3 Cultists","floor":24,"turns":6},{"damage":7,"enemies":"Shelled Parasite and Fungi","floor":25,"turns":8},{"damage":5,"enemies":"Snake Plant","floor":28,"turns":5},{"damage":46,"enemies":"Slavers","floor":31,"turns":9},{"damage":44,"enemies":"Collector","floor":33,"turns":14},{"damage":12,"enemies":"3 Shapes","floor":35,"turns":5},{"damage":19,"enemies":"Mind Bloom Boss Battle","floor":36,"turns":13},{"damage":0,"enemies":"Orb Walker","floor":37,"turns":3},{"damage":0,"enemies":"Maw","floor":41,"turns":7},{"damage":0,"enemies":"Giant Head","floor":42,"turns":8},{"damage":0,"enemies":"Spire Growth","floor":46,"turns":6},{"damage":11,"enemies":"Jaw Worm Horde","floor":47,"turns":5},{"damage":10,"enemies":"Reptomancer","floor":48,"turns":6},{"damage":14,"enemies":"Time Eater","floor":50,"turns":11},{"damage":62,"enemies":"Awakened One","floor":51,"turns":11}],"green_key_taken_log":31,"seed_played":"3791652382652047985","neow_bonus_log":{"cardsObtained":[],"cardsUpgraded":[],"cardsRemoved":[],"cardsTransformed":[],"relicsObtained":["Calling Bell"],"maxHpGained":0,"goldGained":0,"damageTaken":0,"goldLost":0,"maxHpLost":0},"potions_obtained":[{"floor":5,"key":"Fire Potion"},{"floor":7,"key":"AttackPotion"},{"floor":13,"key":"Dexterity Potion"},{"floor":14,"key":"Energy Potion"},{"floor":18,"key":"Fruit Juice"},{"floor":21,"key":"Energy Potion"},{"floor":23,"key":"SpeedPotion"},{"floor":33,"key":"PotionOfCapacity"}],"is_trial":false,"path_per_floor":["M","M","M","?","M","R","E","R","T","$","M","E","M","M","R","B",null,"M","M","M","M","M","E","M","M","T","R","M","R","$","E","R","B",null,"M","?","M","$","?","R","M","E","T","R","$","M","M","E","R","B","B"],"character_chosen":"DEFECT","items_purchased":["Redo","Master of Strategy","Capacitor","FocusPotion","Turbo+1"],"campfire_rested":1,"item_purchase_floors":[10,30,30,38,45],"current_hp_per_floor":[60,58,57,57,54,54,51,51,51,51,51,51,43,37,46,17,58,45,39,31,43,28,21,33,38,38,53,48,63,63,29,66,34,66,54,47,47,47,47,65,65,65,65,76,76,76,65,55,76,62,0],"gold":76,"neow_bonus":"BOSS_RELIC","is_prod":false,"is_daily":false,"rewards_skipped":[{"floor":11,"relics":[],"potions":["LiquidBronze"]},{"floor":28,"relics":[],"potions":["SpeedPotion"]},{"floor":35,"relics":[],"potions":["FearPotion"]},{"floor":41,"relics":[],"potions":["Fire Potion"]},{"floor":42,"relics":[],"potions":["Swift Potion"]},{"floor":46,"relics":[],"potions":["Block Potion"]}],"chose_seed":false,"campfire_upgraded":7,"win_rate":0,"floor_exit_playtime":[276,347,480,485,571,578,698,706,725,806,845,959,982,1074,1084,1200,1337,1596,1818,1982,2075,2360,2536,2766,2928,2937,2944,3034,3044,3127,3375,3394,3796,3979,4095,4501,4549,4641,4645,4651,4768,5035,5048,5078,5110,5307,5477,5773,5811,6122],"timestamp":1665278250,"blue_key_relic_skipped_log":{"floor":26,"relicID":"MawBank"},"path_taken":["M","M","M","?","M","R","E","R","T","$","M","E","M","M","R","BOSS","M","M","M","M","M","E","?","M","T","R","M","R","$","E","R","BOSS","M","?","M","$","?","R","M","E","T","R","?","?","M","E","R","BOSS","BOSS"],"build_version":"2022-10-04","purchased_purges":3,"victory":false,"max_hp_per_floor":[71,71,71,71,71,71,71,71,71,71,71,71,71,71,71,71,71,71,71,71,76,76,76,76,76,76,76,76,76,76,76,76,76,76,76,76,76,76,76,76,76,76,76,76,76,76,76,76,76,76,76],"relic_stats":{"Centennial Puzzle":[21],"Emotion Chip":[25,2,17,3,3],"Gremlin Horn":[2,2],"counters":[31,213],"Ornamental Fan":[136],"Eternal Feather":104,"Turnip":[27],"PreservedInsect":59,"War Paint":["Defend_B","Defend_B"],"obtain_stats":[{"Gremlin Horn":48,"Eternal Feather":9,"PreservedInsect":43,"War Paint":0,"Nuclear Battery":17,"Calling Bell":0,"Centennial Puzzle":31,"Emotion Chip":36,"Ornamental Fan":12,"Turnip":7,"Bag of Marbles":23,"Red Mask":39,"Toxic Egg 2":42,"Cracked Core":0,"Unceasing Top":0,"Meat on the Bone":0,"Runic Pyramid":34},{"Gremlin Horn":29,"Eternal Feather":5,"PreservedInsect":26,"War Paint":0,"Nuclear Battery":10,"Calling Bell":0,"Centennial Puzzle":20,"Emotion Chip":23,"Ornamental Fan":7,"Turnip":5,"Bag of Marbles":16,"Red Mask":24,"Toxic Egg 2":26,"Cracked Core":0,"Unceasing Top":0,"Meat on the Bone":0,"Runic Pyramid":21},{"Gremlin Horn":191,"Eternal Feather":32,"PreservedInsect":174,"War Paint":0,"Nuclear Battery":56,"Calling Bell":0,"Centennial Puzzle":124,"Emotion Chip":156,"Ornamental Fan":39,"Turnip":32,"Bag of Marbles":96,"Red Mask":159,"Toxic Egg 2":174,"Cracked Core":0,"Unceasing Top":0,"Meat on the Bone":0,"Runic Pyramid":138}],"Unceasing Top":[13],"Meat on the Bone":144},"card_choices":[{"not_picked":["Redo","Leap"],"picked":"Cold Snap","floor":1},{"not_picked":["Aggregate","Ball Lightning"],"picked":"Glacier","floor":2},{"not_picked":["Lockon","Self Repair"],"picked":"Darkness","floor":3},{"not_picked":["Leap","Gash"],"picked":"Beam Cell","floor":5},{"not_picked":["Leap","Auto Shields"],"picked":"Chill","floor":7},{"not_picked":["Force Field","Beam Cell","Leap"],"picked":"SKIP","floor":11},{"not_picked":["Beam Cell","Streamline"],"picked":"Gash","floor":12},{"not_picked":["Barrage","Rebound"],"picked":"Hologram","floor":13},{"not_picked":["Redo","Scrape"],"picked":"Hologram","floor":14},{"not_picked":["Amplify","Multi-Cast"],"picked":"Biased Cognition","floor":16},{"not_picked":["Barrage","Static Discharge+1"],"picked":"Auto Shields+1","floor":18},{"not_picked":["Steam","Doom and Gloom"],"picked":"Skim","floor":19},{"not_picked":["Steam Power","Double Energy"],"picked":"Coolheaded+1","floor":20},{"not_picked":["Leap","Consume","Stack+1"],"picked":"SKIP","floor":21},{"not_picked":["Undo","Auto Shields"],"picked":"Rebound+1","floor":22},{"not_picked":["Undo","Darkness"],"picked":"Conserve Battery+1","floor":23},{"not_picked":["Ball Lightning","Go for the Eyes"],"picked":"Barrage","floor":24},{"not_picked":["Force Field","Stack","Rebound"],"picked":"SKIP","floor":25},{"not_picked":["Leap","Conserve Battery"],"picked":"Hologram","floor":28},{"not_picked":["Turbo","Rainbow"],"picked":"Machine Learning","floor":31},{"not_picked":["Amplify","Seek"],"picked":"Echo Form","floor":33},{"not_picked":["Rebound","Streamline"],"picked":"Stack+1","floor":35},{"not_picked":["Beam Cell","Stack"],"picked":"Hologram","floor":36},{"not_picked":["Conserve Battery+1","Sunder"],"picked":"Loop","floor":37},{"not_picked":["Beam Cell","Steam Power"],"picked":"Go for the Eyes","floor":41},{"not_picked":["Conserve Battery+1","Leap+1"],"picked":"Amplify+1","floor":42},{"not_picked":["Sweeping Beam","Gash","Ball Lightning"],"picked":"SKIP","floor":46},{"not_picked":["Gash","Ball Lightning"],"picked":"Sweeping Beam","floor":46},{"not_picked":["Leap+1","Melter+1","Hello World"],"picked":"SKIP","floor":47},{"not_picked":["Undo+1","Gash"],"picked":"Reinforced Body+1","floor":48}],"player_experience":4117906,"relics_obtained":[{"floor":0,"key":"Unceasing Top"},{"floor":0,"key":"Meat on the Bone"},{"floor":0,"key":"War Paint"},{"floor":7,"key":"Turnip"},{"floor":9,"key":"Eternal Feather"},{"floor":12,"key":"Ornamental Fan"},{"floor":23,"key":"Bag of Marbles"},{"floor":31,"key":"Centennial Puzzle"},{"floor":36,"key":"Emotion Chip"},{"floor":42,"key":"Toxic Egg 2"},{"floor":43,"key":"PreservedInsect"},{"floor":48,"key":"Gremlin Horn"}],"event_choices":[{"cards_removed":["Defend_B"],"damage_healed":0,"gold_gain":0,"player_choice":"Purged","damage_taken":0,"max_hp_gain":0,"max_hp_loss":0,"event_name":"Purifier","floor":4,"gold_loss":0},{"damage_healed":0,"gold_gain":0,"player_choice":"Fight","damage_taken":0,"max_hp_gain":0,"max_hp_loss":0,"event_name":"MindBloom","floor":36,"gold_loss":0},{"damage_healed":0,"gold_gain":0,"player_choice":"Paid","damage_taken":0,"relics_obtained":["Red Mask"],"max_hp_gain":0,"max_hp_loss":0,"event_name":"Tomb of Lord Red Mask","floor":39,"gold_loss":14}],"is_beta":false,"boss_relics":[{"not_picked":["SacredBark","Philosopher\u0027s Stone"],"picked":"Nuclear Battery"},{"not_picked":["Runic Dome","Pandora\u0027s Box"],"picked":"Runic Pyramid"}],"items_purged_floors":[10,30,38],"is_endless":false,"potions_floor_spawned":[5,7,11,13,14,18,21,23,28,33,35,41,42,46],"killed_by":"Awakened One","ascension_level":20,"potion_discard_per_floor":[[],[],[],[],[],[],[],[],[],[],[],[],[],[],[],[],[],["Dexterity Potion"],[],[],[],[],["Energy Potion"],[],[],[],[],[],[],[],[],[],[],[],[],[],[],["Energy Potion"],[],[],[],[],[],[],[],[],[],[],[],[],[]]}