{"neow_bonuses_skipped_log":["TRANSFORM_CARD","RANDOM_COMMON_RELIC","BOSS_RELIC"],"neow_costs_skipped_log":["NONE","NONE","NONE"],"potions_obtained_entropic_brew":[[],[],[],[],[],[],[],[],[],[],[],[],[],[],[],[],[],[],[],[],[],[],[],[],[],[],[],[],[],[],[],[],[],[],[],[],[],[],[],[],[],[],[],[],[],[],[],[],[],[],[],[],[],[],[],[],[]],"gold_per_floor":[111,128,128,148,32,32,64,82,382,410,410,421,434,452,452,523,523,541,541,279,292,304,337,337,371,371,371,382,382,42,75,75,153,153,171,196,216,228,153,153,184,197,197,217,249,10,25,54,54,54,54,54,54,54,87,87],"floor_reached":57,"playtime":9894,"items_purged":["Defend_B","Rainbow+1","FTL","Conserve Battery+1"],"score":3178,"play_id":"6eb6ced3-9d20-4b51-9fed-3e481f8677eb","local_time":"20221005203618","score_breakdown":["Floors Climbed (57): 285","Enemies Slain (17): 34","Exordium Elites Killed (2): 20","City Elites Killed (3): 60","Beyond Elites Killed (3): 90","Bosses Slain (5): 750","Money Money (1060): 25","Collector (1): 25","Champion (3): 75","Perfect (2): 100","C-c-c-combo: 25","Ascension (20): 1439","Heartbreaker: 250"],"is_ascension_mode":true,"potions_obtained_alchemize":[[],[],[],[],[],[],[],[],[],[],[],[],[],[],[],[],[],[],[],[],[],[],[],[],[],[],[],[],[],[],[],[],[],[],[],[],[],[],[],[],[],[],[],[],[],[],[],[],[],[],[],[],[],[],[],[],[]],"campfire_choices":[{"data":"Barrage","floor":6,"key":"SMITH"},{"data":"Coolheaded","floor":15,"key":"SMITH"},{"floor":24,"key":"REST"},{"data":"Aggregate","floor":29,"key":"SMITH"},{"data":"Biased Cognition","floor":32,"key":"SMITH"},{"floor":40,"key":"REST"},{"floor":49,"key":"RECALL"},{"data":"Reinforced Body","floor":53,"key":"SMITH"}],"lesson_learned_per_floor":[[],[],[],[],[],[],[],[],[],[],[],[],[],[],[],[],[],[],[],[],[],[],[],[],[],[],[],[],[],[],[],[],[],[],[],[],[],[],[],[],[],[],[],[],[],[],[],[],[],[],[],[],[],[],[],[],[]],"neow_cost":"TEN_PERCENT_HP_LOSS","improvable_cards":{},"seed_source_timestamp":2672364575817,"shop_contents":[{"floor":5,"relics":["Toy Ornithopter","Singing Bowl","Frozen Eye"],"cards":["Streamline","Sweeping Beam","Multi-Cast","Hello World","Discovery","Transmutation"],"potions":["SkillPotion","PowerPotion","Weak Potion"]},{"floor":20,"relics":["Nunchaku","Ancient Tea Set"],"cards":["Sunder","Barrage","Coolheaded+1","Stack+1","Hello World","Madness+1","Apotheosis+1"],"potions":["Energy Potion","Ancient Potion","Energy Potion"]},{"floor":30,"relics":["Tiny Chest","Cauldron"],"cards":["Go for the Eyes","Scrape","Rainbow+1","Coolheaded+1","Heatsinks","Panacea+1","Master of Strategy+1"],"potions":["Fire Potion","Ancient Potion"]},{"floor":46,"relics":["Mango","Darkstone Periapt","HandDrill"],"cards":["Barrage","Rebound","Chill+1","BootSequence+1","Hello World","Secret Weapon+1"],"potions":["Weak Potion","DistilledChaos","Ancient Potion"]},{"floor":54,"relics":["Blue Candle","Ginger","Strange Spoon"],"cards":["Doom and Gloom","Rip and Tear","Consume+1","Turbo+1","Self Repair","Blind+1","Sadistic Nature"],"potions":["Dexterity Potion","DuplicationPotion","LiquidMemories"]}],"circlet_count":0,"master_deck":["AscendersBane","Dualcast","Aggregate+1","Chill","Coolheaded+1","Barrage+1","Reinforced Body+1","Biased Cognition+1","Hologram","Fusion+1","Hologram+1","Core Surge","Redo+1","Coolheaded+1","Coolheaded+1","Lockon","Go for the Eyes","Tempest+1","Meteor Strike+1","Coolheaded+1","White Noise+1","Hologram+1","Fission+1","Compile Driver+1","Turbo+1","Darkness+1","Capacitor","Purity+1","Go for the Eyes+1","Capacitor","Glacier+1"],"potion_use_per_floor":[[],[],[],[],[],[],["Strength Potion","Weak Potion"],[],[],[],[],[],[],[],[],["PowerPotion"],[],[],[],[],[],[],["Fire Potion"],[],["AttackPotion"],[],[],[],[],[],[],[],["Explosive Potion","LiquidMemories"],[],[],[],[],[],[],[],[],[],[],[],[],[],[],[],[],[],[],[],[],[],[],["FocusPotion","LiquidMemories"],[]],"relics":["Cracked Core","Symbiotic Virus","Old Coin","Turnip","Toxic Egg 2","Pandora\u0027s Box","ClockworkSouvenir","StrikeDummy","Strawberry","Art of War","Bottled Lightning","Cursed Key","Gambling Chip","HornCleat","Pen Nib","Akabeko","Whetstone"],"potions_floor_usage":[7,7,16,23,25,33,33,56,56],"damage_taken":[{"damage":0,"enemies":"Jaw Worm","floor":1,"turns":3},{"damage":0,"enemies":"Cultist","floor":2,"turns":3},{"damage":0,"enemies":"2 Louse","floor":4,"turns":2},{"damage":18,"enemies":"Gremlin Nob","floor":7,"turns":4},{"damage":1,"enemies":"Blue Slaver","floor":8,"turns":3},{"damage":8,"enemies":"Lagavulin","floor":10,"turns":7},{"damage":0,"enemies":"Exordium Wildlife","floor":12,"turns":3},{"damage":0,"enemies":"Lots of Slimes","floor":13,"turns":5},{"damage":0,"enemies":"Exordium Thugs","floor":14,"turns":3},{"damage":1,"enemies":"The Guardian","floor":16,"turns":12},{"damage":1,"enemies":"Shell Parasite","floor":18,"turns":5},{"damage":0,"enemies":"Chosen","floor":21,"turns":3},{"damage":5,"enemies":"Snake Plant","floor":22,"turns":7},{"damage":19,"enemies":"Gremlin Leader","floor":23,"turns":11},{"damage":16,"enemies":"Slavers","floor":25,"turns":5},{"damage":0,"enemies":"3 Cultists","floor":28,"turns":5},{"damage":14,"enemies":"Book of Stabbing","floor":31,"turns":4},{"damage":19,"enemies":"Collector","floor":33,"turns":14},{"damage":0,"enemies":"Orb Walker","floor":35,"turns":3},{"damage":0,"enemies":"Mind Bloom Boss Battle","floor":36,"turns":4},{"damage":0,"enemies":"3 Darklings","floor":37,"turns":5},{"damage":22,"enemies":"4 Shapes","floor":38,"turns":3},{"damage":6,"enemies":"Giant Head","floor":41,"turns":6},{"damage":0,"enemies":"Sphere and 2 Shapes","floor":42,"turns":3},{"damage":0,"enemies":"Writhing Mass","floor":44,"turns":4},{"damage":0,"enemies":"Nemesis","floor":45,"turns":3},{"damage":0,"enemies":"Transient","floor":47,"turns":6},{"damage":0,"enemies":"Giant Head","floor":48,"turns":8},{"damage":0,"enemies":"Awakened One","floor":50,"turns":8},{"damage":0,"enemies":"Donu and Deca","floor":51,"turns":20},{"damage":0,"enemies":"Shield and Spear","floor":55,"turns":5},{"damage":22,"enemies":"The Heart","floor":56,"turns":8}],"green_key_taken_log":10,"seed_played":"-2960029611348501987","neow_bonus_log":{"cardsObtained":["Conserve Battery","Aggregate"],"cardsUpgraded":[],"cardsRemoved":[],"cardsTransformed":["Defend_B","Strike_B"],"relicsObtained":[],"maxHpGained":0,"goldGained":0,"damageTaken":0,"goldLost":0,"maxHpLost":7},"potions_obtained":[{"floor":1,"key":"Weak Potion"},{"floor":2,"key":"Strength Potion"},{"floor":7,"key":"PowerPotion"},{"floor":13,"key":"Fire Potion"},{"floor":16,"key":"AttackPotion"},{"floor":18,"key":"LiquidMemories"},{"floor":23,"key":"AttackPotion"},{"floor":42,"key":"FocusPotion"},{"floor":45,"key":"SteroidPotion"},{"floor":47,"key":"LiquidMemories"}],"is_trial":false,"path_per_floor":["M","M","?","M","$","R","E","M","T","E","T","M","M","M","R","B",null,"M","?","$","M","M","E","R","E","T","?","M","R","$","E","R","B",null,"M","?","M","M","?","R","E","M","T","M","E","$","M","E","R","B","B",null,"R","$","E","B",null],"character_chosen":"DEFECT","items_purchased":["Reinforced Body","ClockworkSouvenir","Art of War","Explosive Potion","Purity+1"],"campfire_rested":2,"item_purchase_floors":[5,20,30,30,46],"current_hp_per_floor":[64,64,46,46,46,46,28,27,27,19,19,19,19,19,19,18,53,52,52,52,52,47,28,47,38,38,38,38,38,38,24,24,5,55,55,55,55,33,33,54,48,48,48,48,48,48,48,48,48,48,48,65,65,65,65,43],"gold":87,"neow_bonus":"TRANSFORM_TWO_CARDS","is_prod":false,"is_daily":false,"rewards_skipped":[{"floor":48,"relics":[],"potions":["PotionOfCapacity"]}],"chose_seed":false,"campfire_upgraded":5,"win_rate":0,"floor_exit_playtime":[112,159,204,237,298,307,501,564,581,811,829,1027,1137,1232,1243,1596,1788,1973,2020,2173,2283,2582,3460,3466,3685,3709,3809,4005,4014,4099,4414,4420,5391,5596,5679,5855,6051,6188,6381,6387,6772,6891,6905,7044,7188,7268,7854,8209,8212,8592,9128,9144,9162,9181,9449,9894],"timestamp":1665016578,"blue_key_relic_skipped_log":{"floor":26,"relicID":"Molten Egg 2"},"path_taken":["M","M","?","M","$","R","E","M","T","E","?","?","M","M","R","BOSS","M","?","$","M","M","E","R","E","T","?","M","R","$","E","R","BOSS","M","?","M","M","?","R","E","M","T","M","E","$","?","E","R","BOSS","BOSS","R","$","E","BOSS"],"build_version":"2022-10-04","purchased_purges":4,"victory":true,"max_hp_per_floor":[64,64,64,64,64,64,64,64,64,64,64,64,64,64,64,64,64,64,64,64,64,64,64,64,71,71,71,71,71,71,71,71,71,71,71,71,71,71,71,71,71,71,71,71,71,71,71,71,71,71,71,71,71,71,71,71],"relic_stats":{"counters":[32,185],"Gambling Chip":[28],"Pandora\u0027s Box":["Redo","Coolheaded","FTL","Amplify","Rainbow"],"Turnip":[22],"Pen Nib":[12],"Art of War":[24],"Bottled Lightning":"Aggregate","Whetstone":["Compile Driver","Meteor Strike"],"Cursed Key":0,"obtain_stats":[{"Pen Nib":45,"Whetstone":55,"Cursed Key":34,"Akabeko":48,"Old Coin":9,"ClockworkSouvenir":20,"HornCleat":41,"Strawberry":25,"Gambling Chip":36,"Pandora\u0027s Box":17,"Turnip":10,"Art of War":30,"Bottled Lightning":31,"Toxic Egg 2":11,"Cracked Core":0,"Symbiotic Virus":7,"StrikeDummy":23},{"Pen Nib":26,"Whetstone":31,"Cursed Key":18,"Akabeko":28,"Old Coin":5,"ClockworkSouvenir":11,"HornCleat":23,"Strawberry":15,"Gambling Chip":20,"Pandora\u0027s Box":10,"Turnip":6,"Art of War":16,"Bottled Lightning":17,"Toxic Egg 2":6,"Cracked Core":0,"Symbiotic Virus":4,"StrikeDummy":14},{"Pen Nib":130,"Whetstone":177,"Cursed Key":99,"Akabeko":144,"Old Coin":15,"ClockworkSouvenir":50,"HornCleat":120,"Strawberry":76,"Gambling Chip":106,"Pandora\u0027s Box":45,"Turnip":22,"Art of War":81,"Bottled Lightning":85,"Toxic Egg 2":22,"Cracked Core":0,"Symbiotic Virus":12,"StrikeDummy":71}]},"card_choices":[{"not_picked":["Scrape","Turbo"],"picked":"Chill","floor":1},{"not_picked":["Redo","Static Discharge"],"picked":"Coolheaded","floor":2},{"not_picked":["Turbo","Rebound"],"picked":"Barrage","floor":4},{"not_picked":["Double Energy","Static Discharge"],"picked":"Rebound","floor":7},{"not_picked":["Rebound","Heatsinks"],"picked":"Biased Cognition","floor":8},{"not_picked":["Leap","Turbo"],"picked":"Hologram","floor":10},{"not_picked":["Sweeping Beam","Double Energy+1"],"picked":"Fusion+1","floor":12},{"not_picked":["Barrage","Conserve Battery+1"],"picked":"Hologram+1","floor":13},{"not_picked":["Hologram+1","Beam Cell"],"picked":"Conserve Battery+1","floor":14},{"not_picked":["All For One","Meteor Strike"],"picked":"Core Surge","floor":16},{"not_picked":["Undo+1","Steam+1"],"picked":"Coolheaded+1","floor":18},{"not_picked":["Force Field+1","Streamline"],"picked":"Go for the Eyes","floor":21},{"not_picked":["Melter","Beam Cell+1"],"picked":"Tempest+1","floor":22},{"not_picked":["Leap+1","Beam Cell"],"picked":"Meteor Strike","floor":23},{"not_picked":["White Noise+1","BootSequence+1"],"picked":"Coolheaded+1","floor":25},{"not_picked":["Beam Cell","Ball Lightning"],"picked":"White Noise+1","floor":28},{"not_picked":["Coolheaded+1","Beam Cell"],"picked":"Hologram+1","floor":31},{"not_picked":["Buffer","Amplify+1"],"picked":"Fission+1","floor":33},{"not_picked":["Stack+1","Sweeping Beam","Force Field+1"],"picked":"SKIP","floor":35},{"not_picked":["Melter","Hello World","Conserve Battery+1"],"picked":"SKIP","floor":36},{"not_picked":["Chaos+1","Redo+1","Gash"],"picked":"SKIP","floor":37},{"not_picked":["Hologram+1","Barrage"],"picked":"Compile Driver","floor":38},{"not_picked":["Steam+1","Beam Cell","Coolheaded+1"],"picked":"SKIP","floor":41},{"not_picked":["Go for the Eyes","Chill+1"],"picked":"Capacitor","floor":42},{"not_picked":["Genetic Algorithm+1","Gash","Rebound"],"picked":"SKIP","floor":44},{"not_picked":["Ball Lightning","Hyperbeam","Reprogram+1"],"picked":"SKIP","floor":45},{"not_picked":["Consume+1","Ball Lightning"],"picked":"Go for the Eyes+1","floor":47},{"not_picked":["Sweeping Beam","Hello World"],"picked":"Capacitor","floor":48},{"not_picked":["Core Surge","Leap+1"],"picked":"Glacier+1","floor":55}],"player_experience":4074897,"relics_obtained":[{"floor":7,"key":"Symbiotic Virus"},{"floor":9,"key":"Old Coin"},{"floor":10,"key":"Turnip"},{"floor":11,"key":"Toxic Egg 2"},{"floor":23,"key":"StrikeDummy"},{"floor":25,"key":"Strawberry"},{"floor":31,"key":"Bottled Lightning"},{"floor":36,"key":"Gambling Chip"},{"floor":41,"key":"HornCleat"},{"floor":45,"key":"Pen Nib"},{"floor":48,"key":"Akabeko"},{"floor":55,"key":"Whetstone"}],"event_choices":[{"damage_healed":0,"gold_gain":0,"player_choice":"Fled","damage_taken":18,"max_hp_gain":0,"max_hp_loss":0,"event_name":"Scrap Ooze","floor":3,"gold_loss":0},{"damage_healed":0,"gold_gain":0,"cards_transformed":["Zap","Amplify"],"player_choice":"Became Test Subject","damage_taken":0,"max_hp_gain":0,"max_hp_loss":0,"event_name":"Drug Dealer","floor":19,"gold_loss":0,"cards_obtained":["Stack","Lockon"]},{"cards_removed":["Conserve Battery"],"damage_healed":0,"gold_gain":0,"player_choice":"Elegance","damage_taken":0,"max_hp_gain":0,"max_hp_loss":0,"event_name":"Back to Basics","floor":27,"gold_loss":0},{"damage_healed":0,"gold_gain":0,"player_choice":"Fight","damage_taken":0,"max_hp_gain":0,"max_hp_loss":0,"event_name":"MindBloom","floor":36,"gold_loss":0},{"damage_healed":0,"gold_gain":0,"cards_transformed":["Rebound","Stack"],"player_choice":"Transformed Cards","damage_taken":0,"max_hp_gain":0,"max_hp_loss":0,"event_name":"Designer","floor":39,"gold_loss":75,"cards_obtained":["Turbo","Darkness"]}],"is_beta":false,"boss_relics":[{"not_picked":["Tiny House","Coffee Dripper"],"picked":"Pandora\u0027s Box"},{"not_picked":["SlaversCollar","Snecko Eye"],"picked":"Cursed Key"}],"items_purged_floors":[5,20,30,46],"is_endless":false,"potions_floor_spawned":[1,2,7,13,16,18,23,42,45,47,48],"ascension_level":20,"potion_discard_per_floor":[[],[],[],[],[],[],[],[],[],[],[],[],[],[],[],[],[],["AttackPotion"],[],[],[],[],[],[],[],[],[],[],[],[],[],[],[],[],[],[],[],[],[],[],[],[],[],[],[],[],["SteroidPotion"],[],[],[],[],[],[],[],[],[],[]]}