{"neow_bonuses_skipped_log":["REMOVE_CARD","HUNDRED_GOLD","BOSS_RELIC"],"neow_costs_skipped_log":["NONE","NONE","NONE"],"potions_obtained_entropic_brew":[[],[],[],[],[],[],[],[],[],[],[],[],[],[],[],[],[],[],[],[],[],[],[],[],[],[],[],[],[],[],[],[],[],[],[],[]],"gold_per_floor":[19,35,45,55,72,72,103,103,182,199,231,231,266,295,295,382,382,410,431,78,101,130,130,165,165,165,165,188,212,94,121,121,206,206,227,227],"floor_reached":36,"playtime":4039,"items_purged":["Zap","Strike_B"],"score":845,"play_id":"ef3885ba-61c0-4c4b-a715-e3f9f1811899","local_time":"20221014165732","score_breakdown":["Floors Climbed (36): 180","Enemies Slain (15): 30","Exordium Elites Killed (3): 30","City Elites Killed (1): 20","Beyond Elites Killed (0): 0","Bosses Slain (2): 150","Well Fed: 25","Ascension (20): 410"],"is_ascension_mode":true,"potions_obtained_alchemize":[[],[],[],[],[],[],[],[],[],[],[],[],[],[],[],[],[],[],[],[],[],[],[],[],[],[],[],[],[],[],[],[],[],[],[],[]],"campfire_choices":[{"data":"Darkness","floor":6,"key":"SMITH"},{"floor":8,"key":"REST"},{"floor":12,"key":"DIG"},{"data":"Go for the Eyes","floor":15,"key":"SMITH"},{"data":"Hologram","floor":23,"key":"SMITH"},{"data":"Coolheaded","floor":27,"key":"SMITH"},{"data":"Steam Power","floor":32,"key":"SMITH"}],"lesson_learned_per_floor":[[],[],[],[],[],[],[],[],[],[],[],[],[],[],[],[],[],[],[],[],[],[],[],[],[],[],[],[],[],[],[],[],[],[],[],[]],"neow_cost":"NO_GOLD","improvable_cards":{},"seed_source_timestamp":479114088143,"shop_contents":[{"floor":20,"relics":["Ancient Tea Set","Lantern"],"cards":["Thunder Strike","Rip and Tear","Steam","Flash of Steel","Panache"],"potions":["Strength Potion","FocusPotion","BlessingOfTheForge"]},{"floor":30,"relics":["Dead Branch","StoneCalendar","TheAbacus"],"cards":["Thunder Strike","Melter","Conserve Battery","Loop","Jack Of All Trades","Thinking Ahead"],"potions":["SkillPotion","FocusPotion","Weak Potion"]}],"circlet_count":0,"master_deck":["AscendersBane","Strike_B","Strike_B","Strike_B","Defend_B","Defend_B","Defend_B","Defend_B","Dualcast","Compile Driver","Darkness+1","Compile Driver","Steam","Machine Learning","Capacitor","Self Repair","Go for the Eyes+1","Hologram+1","Meteor Strike","Defragment+1","Ball Lightning+1","Echo Form","Coolheaded+1","Turbo","Conserve Battery","Redo+1","Steam Power+1","BootSequence","Glacier","Recycle+1","Echo Form","Chill+1"],"potion_use_per_floor":[[],[],[],[],[],[],["BlessingOfTheForge"],["Fruit Juice"],[],[],["LiquidMemories"],[],["AttackPotion"],[],[],[],[],["DuplicationPotion"],["BlessingOfTheForge"],[],[],["SteroidPotion"],[],["FearPotion"],[],[],[],["FairyPotion"],["Fire Potion"],[],[],[],["AttackPotion","SteroidPotion"],[],[],["LiquidMemories"]],"relics":["Cracked Core","Mango","White Beast Statue","Mercury Hourglass","Shovel","Tiny Chest","CeramicFish","SacredBark","Lee\u0027s Waffle","Smiling Mask","Question Card","Runic Pyramid"],"potions_floor_usage":[7,8,11,13,18,19,22,24,29,33,33,36],"damage_taken":[{"damage":4,"enemies":"Small Slimes","floor":1,"turns":3},{"damage":4,"enemies":"Jaw Worm","floor":2,"turns":4},{"damage":0,"enemies":"2 Louse","floor":3,"turns":2},{"damage":21,"enemies":"Lots of Slimes","floor":4,"turns":5},{"damage":23,"enemies":"Large Slime","floor":5,"turns":7},{"damage":17,"enemies":"3 Sentries","floor":7,"turns":9},{"damage":0,"enemies":"2 Fungi Beasts","floor":10,"turns":2},{"damage":4,"enemies":"Gremlin Nob","floor":11,"turns":3},{"damage":10,"enemies":"3 Sentries","floor":13,"turns":7},{"damage":7,"enemies":"Exordium Thugs","floor":14,"turns":5},{"damage":23,"enemies":"Hexaghost","floor":16,"turns":9},{"damage":11,"enemies":"Spheric Guardian","floor":18,"turns":3},{"damage":30,"enemies":"2 Thieves","floor":19,"turns":5},{"damage":40,"enemies":"Snake Plant","floor":21,"turns":5},{"damage":5,"enemies":"3 Cultists","floor":22,"turns":4},{"damage":32,"enemies":"Book of Stabbing","floor":24,"turns":6},{"damage":33,"enemies":"Snecko","floor":28,"turns":5},{"damage":8,"enemies":"Sentry and Sphere","floor":29,"turns":4},{"damage":39,"enemies":"Snake Plant","floor":31,"turns":8},{"damage":31,"enemies":"Collector","floor":33,"turns":17},{"damage":24,"enemies":"3 Darklings","floor":35,"turns":7},{"damage":91,"enemies":"2 Orb Walkers","floor":36,"turns":6}],"seed_played":"562216787533096321","neow_bonus_log":{"cardsObtained":[],"cardsUpgraded":[],"cardsRemoved":[],"cardsTransformed":[],"relicsObtained":["Mango"],"maxHpGained":0,"goldGained":0,"damageTaken":0,"goldLost":99,"maxHpLost":0},"potions_obtained":[{"floor":1,"key":"Fruit Juice"},{"floor":3,"key":"BlessingOfTheForge"},{"floor":7,"key":"LiquidMemories"},{"floor":10,"key":"AttackPotion"},{"floor":11,"key":"FairyPotion"},{"floor":13,"key":"Ancient Potion"},{"floor":16,"key":"DuplicationPotion"},{"floor":18,"key":"BlessingOfTheForge"},{"floor":19,"key":"SteroidPotion"},{"floor":22,"key":"FearPotion"},{"floor":24,"key":"Fire Potion"},{"floor":28,"key":"SteroidPotion"},{"floor":29,"key":"AttackPotion"},{"floor":33,"key":"LiquidMemories"},{"floor":35,"key":"PotionOfCapacity"}],"is_trial":false,"path_per_floor":["M","M","M","M","M","R","E","R","T","M","E","R","E","M","R","B",null,"M","M","$","M","M","R","E","?","T","R","M","M","$","M","R","B",null,"M","?"],"character_chosen":"DEFECT","items_purchased":["Echo Form","Coolheaded","Lee\u0027s Waffle","Glacier"],"campfire_rested":1,"item_purchase_floors":[20,20,20,30],"current_hp_per_floor":[74,70,70,49,26,26,9,41,41,41,37,37,34,27,27,11,70,66,43,97,71,73,73,55,26,26,26,74,73,73,48,48,24,83,73,0],"gold":227,"neow_bonus":"ONE_RARE_RELIC","is_prod":false,"is_daily":false,"rewards_skipped":[{"floor":14,"relics":[],"potions":["SpeedPotion"]},{"floor":21,"relics":[],"potions":["Strength Potion"]},{"floor":31,"relics":[],"potions":["Ancient Potion"]}],"chose_seed":false,"campfire_upgraded":5,"win_rate":0,"floor_exit_playtime":[263,305,360,521,636,645,828,838,843,872,953,982,1138,1206,1217,1433,1522,1734,1857,1920,2083,2301,2314,2533,2542,2549,2559,2678,2737,2776,2895,2914,3498,3535,3761],"timestamp":1665781052,"path_taken":["M","M","M","M","M","R","E","R","T","M","E","R","E","M","R","BOSS","M","M","$","M","M","R","E","?","T","R","M","M","$","M","R","BOSS","M","?"],"build_version":"2022-10-04","purchased_purges":2,"victory":false,"max_hp_per_floor":[85,85,85,85,85,85,85,90,90,90,90,90,90,90,90,90,90,90,90,97,97,97,97,97,102,102,102,102,102,102,102,102,102,102,102,102],"relic_stats":{"Lee\u0027s Waffle":54,"Shovel":1,"counters":[22,125],"CeramicFish":144,"Tiny Chest":0,"Smiling Mask":50,"Question Card":5,"obtain_stats":[{"Lee\u0027s Waffle":20,"Shovel":11,"CeramicFish":13,"SacredBark":17,"Mango":0,"Tiny Chest":12,"Cracked Core":0,"Smiling Mask":24,"Question Card":26,"White Beast Statue":7,"Mercury Hourglass":9,"Runic Pyramid":34},{"Lee\u0027s Waffle":13,"Shovel":8,"CeramicFish":9,"SacredBark":11,"Mango":0,"Tiny Chest":8,"Cracked Core":0,"Smiling Mask":16,"Question Card":16,"White Beast Statue":6,"Mercury Hourglass":6,"Runic Pyramid":20},{"Lee\u0027s Waffle":64,"Shovel":35,"CeramicFish":42,"SacredBark":56,"Mango":0,"Tiny Chest":35,"Cracked Core":0,"Smiling Mask":79,"Question Card":79,"White Beast Statue":30,"Mercury Hourglass":30,"Runic Pyramid":112}],"White Beast Statue":[0.0,0.0,0.0,0.4,0.0,0.6000000000000001,0.0,0.0,0.0,0.0,0.0,6.630948864000002],"Mercury Hourglass":[406]},"card_choices":[{"not_picked":["Recycle","Gash"],"picked":"Compile Driver","floor":1},{"not_picked":["Leap","Compile Driver"],"picked":"Darkness","floor":2},{"not_picked":["Sweeping Beam","Storm"],"picked":"Compile Driver","floor":3},{"not_picked":["Compile Driver","Streamline"],"picked":"Steam","floor":4},{"not_picked":["Gash","Darkness"],"picked":"Machine Learning","floor":5},{"not_picked":["Reprogram","Leap"],"picked":"Capacitor","floor":7},{"not_picked":["Force Field","Beam Cell"],"picked":"Self Repair","floor":10},{"not_picked":["Rip and Tear","Storm","Creative AI"],"picked":"SKIP","floor":11},{"not_picked":["Streamline","Sunder"],"picked":"Go for the Eyes","floor":13},{"not_picked":["Go for the Eyes","Self Repair"],"picked":"Hologram","floor":14},{"not_picked":["Amplify","Creative AI"],"picked":"Meteor Strike","floor":16},{"not_picked":["Gash","Sunder"],"picked":"Defragment+1","floor":18},{"not_picked":["Streamline","Leap"],"picked":"Ball Lightning+1","floor":19},{"not_picked":["Loop","Reinforced Body"],"picked":"Turbo","floor":21},{"not_picked":["Loop","Reprogram"],"picked":"Conserve Battery","floor":22},{"not_picked":["White Noise","Blizzard+1"],"picked":"Redo+1","floor":24},{"not_picked":["Gash","Go for the Eyes","Sweeping Beam"],"picked":"Steam Power","floor":28},{"not_picked":["Force Field","Stack","Leap"],"picked":"BootSequence","floor":29},{"not_picked":["Stack","Turbo","Ball Lightning"],"picked":"Recycle+1","floor":31},{"not_picked":["Buffer","Multi-Cast","Core Surge"],"picked":"Echo Form","floor":33},{"not_picked":["Gash","Rebound","Steam"],"picked":"Chill+1","floor":35}],"player_experience":4182141,"relics_obtained":[{"floor":7,"key":"White Beast Statue"},{"floor":9,"key":"Mercury Hourglass"},{"floor":11,"key":"Shovel"},{"floor":12,"key":"Tiny Chest"},{"floor":13,"key":"CeramicFish"},{"floor":24,"key":"Smiling Mask"},{"floor":26,"key":"Question Card"}],"event_choices":[{"damage_healed":0,"gold_gain":0,"player_choice":"Shed Blood","damage_taken":34,"max_hp_gain":5,"max_hp_loss":0,"event_name":"Forgotten Altar","floor":25,"gold_loss":0},{"damage_healed":0,"gold_gain":0,"player_choice":"Fight","damage_taken":0,"max_hp_gain":0,"max_hp_loss":0,"event_name":"Mysterious Sphere","floor":36,"gold_loss":0}],"is_beta":false,"boss_relics":[{"not_picked":["Inserter","Black Star"],"picked":"SacredBark"},{"not_picked":["Busted Crown","Velvet Choker"],"picked":"Runic Pyramid"}],"items_purged_floors":[20,30],"is_endless":false,"potions_floor_spawned":[1,3,7,10,11,13,14,16,18,19,21,22,24,28,29,31,33,35],"killed_by":"2 Orb Walkers","ascension_level":20,"potion_discard_per_floor":[[],[],[],[],[],[],[],[],[],[],[],[],[],[],[],["Ancient Potion"],[],[],[],[],[],[],[],[],[],[],[],[],[],[],[],[],[],[],[],[]]}