{"neow_bonuses_skipped_log":["UPGRADE_CARD","THREE_SMALL_POTIONS","REMOVE_TWO"],"neow_costs_skipped_log":["NONE","NONE","NO_GOLD"],"potions_obtained_entropic_brew":[[],[],[],[],[],[],[],[],[],[],[],[],[],[],[],[],[],[],[],[],[],[],[],[]],"gold_per_floor":[99,99,24,24,24,24,24,0,0,0,0,0,0,0,0,0,0,0,0,0,0,0,0,0],"floor_reached":24,"playtime":1673,"items_purged":["Strike_B"],"score":540,"play_id":"83e800d0-9af2-463a-b9fb-a11f32fec3a7","local_time":"20221015193335","score_breakdown":["Floors Climbed (24): 120","Enemies Slain (10): 20","Exordium Elites Killed (3): 30","City Elites Killed (0): 0","Bosses Slain (1): 50","Perfect (1): 50","Ascension (20): 270"],"is_ascension_mode":true,"potions_obtained_alchemize":[[],[],[],[],[],[],[],[],[],[],[],[],[],[],[],[],[],[],[],[],[],[],[],[]],"campfire_choices":[{"data":"Darkness","floor":7,"key":"SMITH"},{"data":"Coolheaded","floor":11,"key":"SMITH"},{"data":"Coolheaded","floor":15,"key":"SMITH"},{"floor":23,"key":"REST"}],"lesson_learned_per_floor":[[],[],[],[],[],[],[],[],[],[],[],[],[],[],[],[],[],[],[],[],[],[],[],[]],"neow_cost":"NONE","improvable_cards":{"Genetic Algorithm":[5]},"seed_source_timestamp":14362076630439,"shop_contents":[{"floor":3,"relics":["Symbiotic Virus","Bag of Preparation","Toolbox"],"cards":["Go for the Eyes","Compile Driver","White Noise","Chill","Static Discharge","Forethought","Apotheosis"],"potions":["LiquidMemories","PowerPotion","EntropicBrew"]}],"circlet_count":0,"master_deck":["AscendersBane","Strike_B+1","Strike_B+1","Strike_B+1","Defend_B+1","Defend_B+1","Defend_B+1","Defend_B+1","Zap","Dualcast","Ball Lightning","Darkness+1","Ball Lightning","Coolheaded+1","Rebound","Capacitor","Electrodynamics","Coolheaded+1","Undo","Recycle","Fission","Genetic Algorithm","Coolheaded","Redo"],"potion_use_per_floor":[[],[],[],[],[],["SkillPotion"],[],[],[],["Regen Potion","BlessingOfTheForge"],[],[],[],[],[],["PowerPotion"],[],[],[],[],[],["Fruit Juice"],[],["Dexterity Potion"]],"relics":["Ectoplasm","Emotion Chip","Matryoshka","Happy Flower","Inserter"],"potions_floor_usage":[6,10,10,16,22,24],"damage_taken":[{"damage":0,"enemies":"Cultist","floor":1,"turns":3},{"damage":8,"enemies":"Small Slimes","floor":2,"turns":4},{"damage":9,"enemies":"Jaw Worm","floor":4,"turns":3},{"damage":9,"enemies":"3 Louse","floor":5,"turns":3},{"damage":0,"enemies":"Gremlin Gang","floor":6,"turns":3},{"damage":1,"enemies":"Looter","floor":8,"turns":3},{"damage":17,"enemies":"3 Sentries","floor":10,"turns":6},{"damage":3,"enemies":"Gremlin Nob","floor":12,"turns":3},{"damage":3,"enemies":"3 Louse","floor":13,"turns":2},{"damage":5,"enemies":"Lagavulin","floor":14,"turns":6},{"damage":0,"enemies":"Slime Boss","floor":16,"turns":5},{"damage":12,"enemies":"3 Byrds","floor":18,"turns":5},{"damage":40,"enemies":"Chosen","floor":20,"turns":6},{"damage":9,"enemies":"Centurion and Healer","floor":22,"turns":10},{"damage":27,"enemies":"Slavers","floor":24,"turns":3}],"green_key_taken_log":12,"seed_played":"-5071855994749019289","neow_bonus_log":{"cardsObtained":[],"cardsUpgraded":[],"cardsRemoved":[],"cardsTransformed":[],"relicsObtained":["Ectoplasm"],"maxHpGained":0,"goldGained":0,"damageTaken":0,"goldLost":0,"maxHpLost":0},"potions_obtained":[{"floor":1,"key":"SkillPotion"},{"floor":6,"key":"Regen Potion"},{"floor":8,"key":"BlessingOfTheForge"},{"floor":10,"key":"Fruit Juice"},{"floor":12,"key":"PowerPotion"},{"floor":20,"key":"Dexterity Potion"}],"is_trial":false,"path_per_floor":["M","M","$","M","M","M","R","M","T","E","R","E","M","E","R","B",null,"M","?","M","?","M","R","E"],"character_chosen":"DEFECT","items_purchased":[],"campfire_rested":1,"item_purchase_floors":[],"current_hp_per_floor":[64,56,56,47,38,38,38,37,37,35,35,32,29,24,24,24,59,47,47,7,7,3,25,0],"gold":0,"neow_bonus":"BOSS_RELIC","is_prod":false,"is_daily":false,"rewards_skipped":[],"chose_seed":false,"campfire_upgraded":3,"win_rate":0,"floor_exit_playtime":[149,187,212,259,298,404,412,458,466,573,582,618,651,763,770,852,930,1012,1035,1229,1281,1520,1556],"timestamp":1665876815,"blue_key_relic_skipped_log":{"floor":9,"relicID":"Blue Candle"},"path_taken":["M","M","$","M","M","M","R","M","T","E","R","E","M","E","R","BOSS","M","?","M","?","M","R","E"],"build_version":"2022-10-04","purchased_purges":1,"victory":false,"max_hp_per_floor":[71,71,71,71,71,71,71,71,71,71,71,71,71,71,71,71,71,71,71,71,71,76,76,76],"relic_stats":{"Emotion Chip":[28,17,8,3,0],"Matryoshka":0,"Inserter":[12],"Happy Flower":[9],"counters":[15,65],"Ectoplasm":335,"obtain_stats":[{"Emotion Chip":10,"Matryoshka":12,"Inserter":17,"Happy Flower":14,"Ectoplasm":0,"Cracked Core":0},{"Emotion Chip":7,"Matryoshka":8,"Inserter":11,"Happy Flower":10,"Ectoplasm":0,"Cracked Core":0},{"Emotion Chip":25,"Matryoshka":28,"Inserter":41,"Happy Flower":36,"Ectoplasm":0,"Cracked Core":0}]},"card_choices":[{"not_picked":["Double Energy","Barrage"],"picked":"Ball Lightning","floor":1},{"not_picked":["Stack","Steam"],"picked":"Darkness","floor":2},{"not_picked":["Fusion","Aggregate"],"picked":"Ball Lightning","floor":4},{"not_picked":["Go for the Eyes","Rebound"],"picked":"Coolheaded","floor":5},{"not_picked":["Gash","Streamline"],"picked":"Rebound","floor":6},{"not_picked":["Gash","Melter"],"picked":"Capacitor","floor":8},{"not_picked":["Beam Cell","Barrage"],"picked":"Electrodynamics","floor":10},{"not_picked":["Leap","Beam Cell"],"picked":"Coolheaded","floor":12},{"not_picked":["Force Field","Lockon"],"picked":"Undo","floor":13},{"not_picked":["Undo","Sweeping Beam"],"picked":"Recycle","floor":14},{"not_picked":["All For One","Creative AI"],"picked":"Fission","floor":16},{"not_picked":["Beam Cell","Stack"],"picked":"Genetic Algorithm","floor":18},{"not_picked":["Fusion","Barrage","FTL","Go for the Eyes","Gash","Ball Lightning","Hologram","Conserve Battery","Leap","Stack","Turbo","Force Field","Rebound","Rip and Tear","Steam","Sweeping Beam","Scrape","Steam Power","Hello World"],"picked":"Coolheaded","floor":19},{"not_picked":["Melter","Sweeping Beam","Ball Lightning"],"picked":"SKIP","floor":20},{"not_picked":["Fusion","Steam"],"picked":"Redo","floor":22}],"player_experience":4198669,"relics_obtained":[{"floor":10,"key":"Emotion Chip"},{"floor":12,"key":"Matryoshka"},{"floor":14,"key":"Happy Flower"}],"event_choices":[{"damage_healed":0,"gold_gain":0,"player_choice":"Read","damage_taken":0,"max_hp_gain":0,"max_hp_loss":0,"event_name":"The Library","floor":19,"gold_loss":0,"cards_obtained":["Coolheaded"]},{"damage_healed":0,"gold_gain":0,"player_choice":"Simplicity","damage_taken":0,"max_hp_gain":0,"max_hp_loss":0,"event_name":"Back to Basics","floor":21,"gold_loss":0,"cards_upgraded":["Strike_B","Strike_B","Strike_B","Defend_B","Defend_B","Defend_B","Defend_B"]}],"is_beta":false,"boss_relics":[{"not_picked":["Busted Crown","Fusion Hammer"],"picked":"Inserter"}],"items_purged_floors":[3],"is_endless":false,"potions_floor_spawned":[1,6,8,10,12,20],"killed_by":"Slavers","ascension_level":20,"potion_discard_per_floor":[[],[],[],[],[],[],[],[],[],[],[],[],[],[],[],[],[],[],[],[],[],[],[],[]]}