{"neow_bonuses_skipped_log":["ONE_RANDOM_RARE_CARD","REMOVE_TWO","BOSS_RELIC"],"potions_obtained_entropic_brew":[[],[],[],[],[],[],[],[],[],[],[],[],[],[],[],[],[],[],[],[],[],[],[],[],[],[],[],[],[],[],[],[],[],[],[],[],[],[],[],[],[],[],[],[],[],[],[],[],[],[],[],[],[],[],[],[],[]],"neow_costs_skipped_log":["NONE","NO_GOLD","NONE"],"gold_per_floor":[110,123,141,151,15,15,32,32,86,112,112,137,137,163,163,238,238,249,249,263,20,20,20,37,37,37,63,73,73,92,118,118,193,193,204,224,240,260,260,293,293,325,352,378,205,215,215,215,215,215,215,215,215,15,43,43],"floor_reached":57,"playtime":9906,"items_purged":["Rainbow"],"score":3205,"play_id":"721edcac-3b9a-4c62-afaf-4d20e2f163b9","local_time":"20221020210453","score_breakdown":["Floors Climbed (57): 285","Enemies Slain (15): 30","Exordium Elites Killed (2): 20","City Elites Killed (2): 40","Beyond Elites Killed (3): 90","Bosses Slain (5): 750","Collector (1): 25","Champion (6): 150","Perfect (1): 50","Overkill: 25","C-c-c-combo: 25","Ascension (20): 1465","Heartbreaker: 250"],"is_ascension_mode":true,"potions_obtained_alchemize":[[],[],[],[],[],[],[],[],[],[],[],[],[],[],[],[],[],[],[],[],[],[],[],[],[],[],[],[],[],[],[],[],[],[],[],[],[],[],[],[],[],[],[],[],[],[],[],[],[],[],[],[],[],[],[],[],[]],"campfire_choices":[{"data":"Sunder","floor":6,"key":"SMITH"},{"data":"Turbo","floor":8,"key":"SMITH"},{"data":"Steam Power","floor":13,"key":"SMITH"},{"data":"Doom and Gloom","floor":15,"key":"SMITH"},{"data":"Seek","floor":23,"key":"SMITH"},{"data":"Redo","floor":25,"key":"SMITH"},{"data":"Hologram","floor":29,"key":"SMITH"},{"data":"Coolheaded","floor":32,"key":"SMITH"},{"floor":41,"key":"RECALL"},{"data":"Stack","floor":47,"key":"SMITH"},{"data":"Madness","floor":49,"key":"SMITH"},{"data":"Madness","floor":53,"key":"SMITH"}],"lesson_learned_per_floor":[[],[],[],[],[],[],[],[],[],[],[],[],[],[],[],[],[],[],[],[],[],[],[],[],[],[],[],[],[],[],[],[],[],[],[],[],[],[],[],[],[],[],[],[],[],[],[],[],[],[],[],[],[],[],[],[],[]],"neow_cost":"NONE","improvable_cards":{"RitualDagger+1":[90]},"seed_source_timestamp":617858024900,"shop_contents":[{"floor":5,"relics":["Thread and Needle","Bag of Marbles","ClockworkSouvenir"],"cards":["FTL","Chill","Hello World","Enlightenment","Secret Weapon"],"potions":["Fire Potion","ColorlessPotion","FairyPotion"]},{"floor":21,"relics":["Whetstone","TheAbacus"],"cards":["Rip and Tear+1","Lockon+1","Leap","Hologram","Capacitor","Purity","Master of Strategy"],"potions":["SpeedPotion","SteroidPotion","FearPotion"]},{"floor":45,"relics":["Peace Pipe","Boot"],"cards":["Blizzard+1","Scrape+1","Steam","Turbo","Capacitor","Purity","HandOfGreed+1"],"potions":["FearPotion","LiquidMemories","GamblersBrew"]},{"floor":54,"relics":["Lizard Tail","PrismaticShard"],"cards":["Ball Lightning+1","Double Energy","Defragment","Blind","Panache"],"potions":["Explosive Potion","Block Potion","EssenceOfDarkness"]}],"circlet_count":0,"master_deck":["AscendersBane","BootSequence+1","Sunder+1","Doom and Gloom+1","Steam+1","Meteor Strike+1","Turbo+1","Conserve Battery+1","Steam Power+1","Seek+1","Redo+1","Loop+1","Stack+1","FTL+1","Machine Learning+1","Tempest+1","Go for the Eyes+1","Coolheaded+1","Coolheaded+1","Hologram+1","RitualDagger+1","Hologram+1","Coolheaded+1","Meteor Strike+1","Beam Cell+1","Capacitor+1","Reinforced Body","Stack+1","Madness+1","Madness+1","Compile Driver+1","Hologram","Hologram"],"potion_use_per_floor":[[],[],[],["Fire Potion"],[],[],[],[],[],["FocusPotion"],[],[],[],[],[],[],[],[],[],[],[],[],[],[],[],[],[],[],[],[],[],[],[],[],[],[],[],[],[],[],[],[],[],[],[],[],[],[],[],[],[],[],[],[],[],["PowerPotion","PowerPotion"],[]],"relics":["Cracked Core","Bag of Preparation","Art of War","Molten Egg 2","Bronze Scales","MealTicket","Pandora\u0027s Box","DataDisk","Bottled Lightning","Mercury Hourglass","Gambling Chip","Empty Cage","Mark of the Bloom","Oddly Smooth Stone","Lantern","Membership Card","Letter Opener","StrikeDummy"],"potions_floor_usage":[4,10,56,56],"damage_taken":[{"damage":1,"enemies":"Cultist","floor":1,"turns":3},{"damage":0,"enemies":"2 Louse","floor":2,"turns":2},{"damage":2,"enemies":"Jaw Worm","floor":3,"turns":2},{"damage":14,"enemies":"Exordium Thugs","floor":4,"turns":3},{"damage":0,"enemies":"Large Slime","floor":7,"turns":4},{"damage":12,"enemies":"Lagavulin","floor":10,"turns":7},{"damage":11,"enemies":"Gremlin Nob","floor":12,"turns":3},{"damage":26,"enemies":"The Guardian","floor":16,"turns":8},{"damage":1,"enemies":"2 Thieves","floor":18,"turns":1},{"damage":0,"enemies":"Chosen","floor":20,"turns":3},{"damage":2,"enemies":"Centurion and Healer","floor":24,"turns":4},{"damage":0,"enemies":"Gremlin Leader","floor":27,"turns":5},{"damage":2,"enemies":"Snake Plant","floor":28,"turns":3},{"damage":0,"enemies":"Snecko","floor":30,"turns":3},{"damage":0,"enemies":"Book of Stabbing","floor":31,"turns":2},{"damage":0,"enemies":"Collector","floor":33,"turns":5},{"damage":0,"enemies":"3 Darklings","floor":35,"turns":2},{"damage":0,"enemies":"Orb Walker","floor":36,"turns":2},{"damage":0,"enemies":"Writhing Mass","floor":37,"turns":2},{"damage":0,"enemies":"Spire Growth","floor":38,"turns":1},{"damage":0,"enemies":"Reptomancer","floor":40,"turns":2},{"damage":0,"enemies":"Giant Head","floor":42,"turns":4},{"damage":0,"enemies":"Nemesis","floor":44,"turns":1},{"damage":0,"enemies":"Transient","floor":46,"turns":6},{"damage":10,"enemies":"Donu and Deca","floor":50,"turns":10},{"damage":4,"enemies":"Awakened One","floor":51,"turns":12},{"damage":0,"enemies":"Shield and Spear","floor":55,"turns":1},{"damage":30,"enemies":"The Heart","floor":56,"turns":6}],"green_key_taken_log":27,"seed_played":"-8316206365119887797","neow_bonus_log":{"cardsObtained":[],"cardsUpgraded":[],"cardsRemoved":[],"cardsTransformed":[],"relicsObtained":["Bag of Preparation"],"maxHpGained":0,"goldGained":0,"damageTaken":0,"goldLost":0,"maxHpLost":0},"potions_obtained":[{"floor":1,"key":"Fire Potion"},{"floor":3,"key":"FocusPotion"},{"floor":10,"key":"Explosive Potion"},{"floor":12,"key":"SpeedPotion"},{"floor":20,"key":"PowerPotion"},{"floor":36,"key":"PowerPotion"}],"is_trial":false,"path_per_floor":["M","M","M","M","$","R","M","R","T","E","?","E","R","T","R","B",null,"M","?","M","$","?","R","M","R","T","E","M","R","M","E","R","B",null,"M","M","M","M","?","E","R","E","T","E","$","M","R","?","R","B","B",null,"R","$","E","B",null],"character_chosen":"DEFECT","items_purchased":["Meteor Strike","Turbo","DataDisk","Membership Card","Compile Driver+1","Letter Opener","Hologram"],"campfire_rested":0,"item_purchase_floors":[5,5,21,45,54,54,54],"current_hp_per_floor":[63,63,61,47,47,47,47,47,47,35,58,47,47,47,47,21,59,58,58,58,71,65,65,63,63,63,63,61,61,61,61,61,61,69,69,69,69,69,69,69,69,69,69,69,69,69,69,56,56,46,42,42,42,42,42,12],"gold":43,"neow_bonus":"RANDOM_COMMON_RELIC","is_prod":false,"is_daily":false,"rewards_skipped":[{"floor":24,"relics":[],"potions":["SkillPotion"]},{"floor":27,"relics":[],"potions":["Swift Potion"]},{"floor":31,"relics":[],"potions":["CultistPotion"]},{"floor":37,"relics":[],"potions":["SneckoOil"]},{"floor":38,"relics":[],"potions":["EntropicBrew"]},{"floor":40,"relics":[],"potions":["Energy Potion"]},{"floor":42,"relics":["Juzu Bracelet"],"potions":[]},{"floor":46,"relics":[],"potions":["SteroidPotion"]}],"chose_seed":false,"campfire_upgraded":11,"win_rate":0,"floor_exit_playtime":[112,132,163,270,321,333,382,395,408,516,523,604,611,614,650,818,911,999,1056,1141,1260,1289,1298,1452,1482,1488,1802,1970,1978,2102,2611,2619,3069,3335,3579,3719,3986,4189,4305,5112,5122,5455,5464,5568,5786,6159,6165,6230,6273,7096,7776,7796,7824,7995,8447,9906],"timestamp":1666314293,"blue_key_relic_skipped_log":{"floor":43,"relicID":"Dream Catcher"},"path_taken":["M","M","M","?","$","R","M","R","T","E","?","E","R","?","R","BOSS","M","?","M","$","?","R","M","R","T","E","M","R","M","E","R","BOSS","M","M","M","M","?","E","R","E","T","E","$","M","R","?","R","BOSS","BOSS","R","$","E","BOSS"],"build_version":"2022-10-04","purchased_purges":1,"victory":true,"max_hp_per_floor":[71,71,71,71,71,71,71,71,71,71,71,71,71,71,71,71,71,71,71,71,71,71,71,71,71,71,71,71,71,71,71,71,71,71,71,71,71,71,71,71,71,71,71,71,71,71,71,71,71,71,71,71,71,71,71,71],"relic_stats":{"Mark of the Bloom":52,"counters":[28,107],"Bag of Preparation":[56],"Letter Opener":[608],"Mercury Hourglass":[204],"Bronze Scales":[283],"Gambling Chip":[36],"MealTicket":13,"Pandora\u0027s Box":["Redo","Loop","Stack","FTL","Machine Learning","Tempest","Rebound","Go for the Eyes"],"Art of War":[9],"Bottled Lightning":"Seek","Membership Card":199,"obtain_stats":[{"Mark of the Bloom":39,"Lantern":44,"Oddly Smooth Stone":40,"Bag of Preparation":0,"Letter Opener":54,"Empty Cage":34,"Mercury Hourglass":27,"DataDisk":21,"Bronze Scales":12,"Gambling Chip":31,"Molten Egg 2":10,"MealTicket":14,"Pandora\u0027s Box":17,"Art of War":9,"Bottled Lightning":26,"Membership Card":45,"Cracked Core":0,"StrikeDummy":55},{"Mark of the Bloom":20,"Lantern":23,"Oddly Smooth Stone":21,"Bag of Preparation":0,"Letter Opener":26,"Empty Cage":16,"Mercury Hourglass":12,"DataDisk":10,"Bronze Scales":7,"Gambling Chip":15,"Molten Egg 2":6,"MealTicket":7,"Pandora\u0027s Box":8,"Art of War":5,"Bottled Lightning":11,"Membership Card":23,"Cracked Core":0,"StrikeDummy":27},{"Mark of the Bloom":65,"Lantern":72,"Oddly Smooth Stone":67,"Bag of Preparation":0,"Letter Opener":100,"Empty Cage":58,"Mercury Hourglass":45,"DataDisk":36,"Bronze Scales":24,"Gambling Chip":53,"Molten Egg 2":21,"MealTicket":24,"Pandora\u0027s Box":32,"Art of War":14,"Bottled Lightning":40,"Membership Card":72,"Cracked Core":0,"StrikeDummy":101}]},"card_choices":[{"not_picked":["Hologram","Compile Driver"],"picked":"BootSequence","floor":1},{"not_picked":["Conserve Battery","Self Repair"],"picked":"Sunder","floor":2},{"not_picked":["Aggregate","Gash"],"picked":"Doom and Gloom","floor":3},{"not_picked":["Go for the Eyes","Heatsinks"],"picked":"Steam","floor":4},{"not_picked":["Sunder","Gash"],"picked":"Conserve Battery","floor":7},{"not_picked":["Stack","Creative AI"],"picked":"Rebound+1","floor":10},{"not_picked":["Melter+1","Aggregate"],"picked":"Steam Power","floor":12},{"not_picked":["Machine Learning","Rainbow"],"picked":"Seek","floor":16},{"not_picked":["Hologram","Conserve Battery"],"picked":"Coolheaded","floor":18},{"not_picked":["Blizzard+1","Amplify"],"picked":"Hologram","floor":20},{"not_picked":["Gash+1","Darkness","Cold Snap+1"],"picked":"SKIP","floor":24},{"not_picked":["Gash+1","Darkness","Cold Snap+1"],"picked":"SKIP","floor":24},{"not_picked":["Storm+1","Streamline+1"],"picked":"Hologram","floor":27},{"not_picked":["Ball Lightning+1","Gash+1","Conserve Battery"],"picked":"SKIP","floor":28},{"not_picked":["Ball Lightning+1","Gash+1","Conserve Battery"],"picked":"SKIP","floor":28},{"not_picked":["Gash+1","Double Energy"],"picked":"Coolheaded","floor":30},{"not_picked":["Gash+1","Glacier"],"picked":"Meteor Strike+1","floor":31},{"not_picked":["Steam","Consume"],"picked":"Beam Cell+1","floor":35},{"not_picked":["Redo","Genetic Algorithm+1","Streamline+1"],"picked":"SKIP","floor":36},{"not_picked":["Redo","Aggregate","Ball Lightning+1"],"picked":"SKIP","floor":37},{"not_picked":["Redo","Aggregate","Ball Lightning+1"],"picked":"SKIP","floor":37},{"not_picked":["Rebound+1","Chaos"],"picked":"Capacitor+1","floor":38},{"not_picked":["Hyperbeam+1","Static Discharge","Leap"],"picked":"SKIP","floor":40},{"not_picked":["Aggregate+1","Rip and Tear+1","Loop"],"picked":"SKIP","floor":42},{"not_picked":["Electrodynamics","Sunder+1"],"picked":"Reinforced Body","floor":44},{"not_picked":["Redo","Steam"],"picked":"Stack","floor":46},{"not_picked":["Hyperbeam+1","Sweeping Beam+1"],"picked":"Hologram","floor":55}],"player_experience":4254153,"relics_obtained":[{"floor":9,"key":"Art of War"},{"floor":10,"key":"Molten Egg 2"},{"floor":12,"key":"Bronze Scales"},{"floor":14,"key":"MealTicket"},{"floor":26,"key":"Bottled Lightning"},{"floor":27,"key":"Mercury Hourglass"},{"floor":31,"key":"Gambling Chip"},{"floor":40,"key":"Oddly Smooth Stone"},{"floor":44,"key":"Lantern"},{"floor":55,"key":"StrikeDummy"}],"event_choices":[{"damage_healed":23,"gold_gain":0,"player_choice":"Banana","damage_taken":0,"max_hp_gain":0,"max_hp_loss":0,"event_name":"Big Fish","floor":11,"gold_loss":0},{"damage_healed":0,"gold_gain":0,"cards_transformed":["Zap","Rebound"],"player_choice":"Became Test Subject","damage_taken":0,"max_hp_gain":0,"max_hp_loss":0,"event_name":"Drug Dealer","floor":19,"gold_loss":0,"cards_obtained":["Rainbow","Coolheaded"]},{"damage_healed":0,"gold_gain":0,"player_choice":"Joined the Cult","damage_taken":6,"max_hp_gain":0,"max_hp_loss":0,"event_name":"Nest","floor":22,"gold_loss":0,"cards_obtained":["RitualDagger"]},{"damage_healed":0,"gold_gain":0,"player_choice":"Upgrade","damage_taken":0,"relics_obtained":["Mark of the Bloom"],"max_hp_gain":0,"max_hp_loss":0,"event_name":"MindBloom","floor":39,"gold_loss":0,"cards_upgraded":["BootSequence","Steam","Meteor Strike","Conserve Battery","Loop","Stack","Machine Learning","Tempest","Coolheaded","Hologram","Coolheaded"]},{"damage_healed":0,"gold_gain":0,"player_choice":"Embrace Madness","damage_taken":13,"max_hp_gain":0,"max_hp_loss":0,"event_name":"Winding Halls","floor":48,"gold_loss":0,"cards_obtained":["Madness","Madness"]}],"is_beta":false,"boss_relics":[{"not_picked":["Coffee Dripper","Calling Bell"],"picked":"Pandora\u0027s Box"},{"not_picked":["Tiny House","Philosopher\u0027s Stone"],"picked":"Empty Cage"}],"items_purged_floors":[21],"is_endless":false,"potions_floor_spawned":[1,3,10,12,20,24,27,31,36,37,38,40,46],"ascension_level":20,"potion_discard_per_floor":[[],[],[],[],[],[],[],[],[],[],[],[],[],[],[],[],[],[],[],["SpeedPotion"],[],[],[],[],[],[],[],[],[],[],[],[],[],[],[],["Explosive Potion"],[],[],[],[],[],[],[],[],[],[],[],[],[],[],[],[],[],[],[],[],[]]}