{"neow_bonuses_skipped_log":["TRANSFORM_CARD","THREE_RARE_CARDS","BOSS_RELIC"],"neow_costs_skipped_log":["NONE","CURSE","NONE"],"potions_obtained_entropic_brew":[[],[],[],[],[],[],[],[],[],[],[],[],[],[],[],[],[],[],[],[],[],[],[],[],[],[],[],[],[],[],[],[],[],[],[],[],[],[],[],[],[],[],[],[],[],[],[],[],[],[]],"gold_per_floor":[113,123,123,142,153,153,180,180,180,191,33,33,61,75,75,149,149,163,174,174,185,204,233,233,258,258,258,258,273,298,298,298,377,377,392,58,72,72,83,83,116,116,142,176,14,91,105,120,120,120],"floor_reached":50,"playtime":3003,"items_purged":[],"score":1494,"play_id":"a85cd61f-ce3e-4a88-b561-ebdef17bebca","local_time":"20221018204932","score_breakdown":["Floors Climbed (50): 250","Enemies Slain (16): 32","Exordium Elites Killed (2): 20","City Elites Killed (3): 60","Beyond Elites Killed (2): 60","Bosses Slain (2): 150","Champion (5): 125","Perfect (1): 50","Ascension (20): 747"],"is_ascension_mode":true,"potions_obtained_alchemize":[[],[],[],[],[],[],[],[],[],[],[],[],[],[],[],[],[],[],[],[],[],[],[],[],[],[],[],[],[],[],[],[],[],[],[],[],[],[],[],[],[],[],[],[],[],[],[],[],[],[]],"campfire_choices":[{"data":"Hyperbeam","floor":6.0,"key":"SMITH"},{"data":"Beam Cell","floor":8.0,"key":"SMITH"},{"data":"Go for the Eyes","floor":15,"key":"SMITH"},{"data":"Hyperbeam","floor":24,"key":"SMITH"},{"data":"Hologram","floor":27,"key":"SMITH"},{"data":"Fission","floor":32,"key":"SMITH"},{"floor":40,"key":"RECALL"},{"data":"Ghostly","floor":42,"key":"SMITH"},{"data":"Ghostly","floor":49,"key":"SMITH"}],"lesson_learned_per_floor":[[],[],[],[],[],[],[],[],[],[],[],[],[],[],[],[],[],[],[],[],[],[],[],[],[],[],[],[],[],[],[],[],[],[],[],[],[],[],[],[],[],[],[],[],[],[],[],[],[],[]],"neow_cost":"NONE","improvable_cards":{},"seed_source_timestamp":0,"shop_contents":[{"floor":11,"relics":["War Paint","Boot"],"cards":["Barrage","FTL","Genetic Algorithm","Steam","Storm","Blind","Sadistic Nature"],"potions":["Regen Potion","Dexterity Potion","Block Potion"]},{"floor":36,"relics":["Art of War"],"cards":["Compile Driver","Beam Cell","Redo","Turbo","Heatsinks","Swift Strike","The Bomb"],"potions":["Block Potion","BlessingOfTheForge","Regen Potion"]},{"floor":45,"relics":["Whetstone","Cables"],"cards":["Go for the Eyes","Ball Lightning","Steam","Seek","Static Discharge","Panacea","Chrysalis"],"potions":["DuplicationPotion","AttackPotion","LiquidMemories"]}],"circlet_count":0,"master_deck":["AscendersBane","Strike_B+1","Strike_B+1","Strike_B+1","Strike_B+1","Defend_B+1","Defend_B+1","Defend_B+1","Dualcast","Beam Cell+1","Cold Snap","Hyperbeam+1","Go for the Eyes+1","Compile Driver","Skim","FTL","Hologram+1","Hyperbeam+1","Coolheaded","Ghostly","Ghostly+1","Ghostly+1","Glacier+1","Coolheaded","Fission+1","Necronomicurse","Undo","Loop+1","Meteor Strike","Stack+1","Reinforced Body","Coolheaded","Go for the Eyes+1","Undo"],"special_seed":0,"potion_use_per_floor":[[],[],[],[],[],[],["ColorlessPotion"],[],[],[],[],[],[],[],[],[],[],[],[],[],[],[],[],[],[],[],[],[],[],[],[],[],["PowerPotion","FocusPotion"],[],[],[],[],[],[],[],["SteroidPotion"],[],[],[],[],[],[],[],[],["SpeedPotion","Strength Potion"]],"relics":["Cracked Core","Dream Catcher","Vajra","Pear","Sling","FossilizedHelix","Akabeko","Philosopher\u0027s Stone","Tiny Chest","PreservedInsect","Necronomicon","Happy Flower","Coffee Dripper","ClockworkSouvenir","Potion Belt","Toy Ornithopter","Smiling Mask","Ornamental Fan","Chemical X","Letter Opener"],"potions_floor_usage":[33,33,41,50,50],"damage_taken":[{"damage":16.0,"enemies":"Small Slimes","floor":1.0,"turns":4.0},{"damage":0.0,"enemies":"Cultist","floor":2.0,"turns":2.0},{"damage":0.0,"enemies":"2 Louse","floor":4.0,"turns":1.0},{"damage":5.0,"enemies":"2 Fungi Beasts","floor":5.0,"turns":3.0},{"damage":8.0,"enemies":"3 Sentries","floor":7.0,"turns":3.0},{"damage":0.0,"enemies":"Gremlin Gang","floor":10.0,"turns":1.0},{"damage":0.0,"enemies":"Lagavulin","floor":13.0,"turns":4.0},{"damage":13,"enemies":"Exordium Thugs","floor":14,"turns":3},{"damage":25,"enemies":"Slime Boss","floor":16,"turns":7},{"damage":13,"enemies":"Shell Parasite","floor":18,"turns":3},{"damage":0,"enemies":"2 Thieves","floor":19,"turns":1},{"damage":0,"enemies":"Centurion and Healer","floor":21,"turns":2},{"damage":0,"enemies":"3 Cultists","floor":22,"turns":1},{"damage":0,"enemies":"Slavers","floor":23,"turns":5},{"damage":0,"enemies":"Gremlin Leader","floor":25,"turns":4},{"damage":0,"enemies":"Snake Plant","floor":29,"turns":1},{"damage":0,"enemies":"Slavers","floor":30,"turns":3},{"damage":0,"enemies":"Collector","floor":33,"turns":17},{"damage":0,"enemies":"3 Darklings","floor":35,"turns":3},{"damage":0,"enemies":"Orb Walker","floor":37,"turns":1},{"damage":0,"enemies":"Sphere and 2 Shapes","floor":39,"turns":1},{"damage":25,"enemies":"Giant Head","floor":41,"turns":6},{"damage":0,"enemies":"Reptomancer","floor":44,"turns":2},{"damage":0,"enemies":"Writhing Mass","floor":47,"turns":8},{"damage":0,"enemies":"Maw","floor":48,"turns":6},{"damage":37,"enemies":"Time Eater","floor":50,"turns":13}],"green_key_taken_log":23,"seed_played":"-2488740037985758118","neow_bonus_log":{"cardsObtained":[],"cardsUpgraded":[],"cardsRemoved":[],"cardsTransformed":[],"relicsObtained":["Dream Catcher"],"maxHpGained":0,"goldGained":0,"damageTaken":0,"goldLost":0,"maxHpLost":0},"potions_obtained":[{"floor":1.0,"key":"Ancient Potion"},{"floor":2.0,"key":"ColorlessPotion"},{"floor":5.0,"key":"ColorlessPotion"},{"floor":10.0,"key":"Regen Potion"},{"floor":13.0,"key":"PowerPotion"},{"floor":22,"key":"Explosive Potion"},{"floor":23,"key":"BlessingOfTheForge"},{"floor":25,"key":"Block Potion"},{"floor":30,"key":"FocusPotion"},{"floor":33,"key":"Ancient Potion"},{"floor":35,"key":"SteroidPotion"},{"floor":39,"key":"Explosive Potion"},{"floor":44,"key":"Strength Potion"},{"floor":47,"key":"Explosive Potion"},{"floor":48,"key":"SpeedPotion"}],"is_trial":false,"path_per_floor":["M","M","?","M","M","R","E","R","T","M","$","?","E","M","R","B",null,"M","M","?","M","M","E","R","E","T","R","?","M","E","?","R","B",null,"M","$","M","?","M","R","E","R","T","E","$","T","M","M","R","B"],"character_chosen":"DEFECT","items_purchased":["Sling","ClockworkSouvenir","Potion Belt","Chemical X"],"campfire_rested":0,"item_purchase_floors":[11,36,36,45],"current_hp_per_floor":[48,48,48,48,43,43,35,35,45,45,45,45,45,32,32,7,63,50,50,40,40,40,40,40,40,40,40,19,19,19,19,19,19,35,35,35,35,35,35,35,10,10,10,10,10,10,10,10,10,0],"gold":120,"neow_bonus":"RANDOM_COMMON_RELIC","is_prod":false,"is_daily":false,"rewards_skipped":[{"floor":16,"relics":[],"potions":["SpeedPotion"]}],"chose_seed":false,"campfire_upgraded":8,"win_rate":0,"floor_exit_playtime":[195,222,257,277,388,394,524,530,534,577,607,630,712,805,815,920,976,1026,1077,1082,1124,1144,1253,1262,1327,1331,1353,1385,1411,1492,1500,1508,1837,1909,1981,2007,2051,2073,2102,2106,2268,2277,2280,2330,2367,2372,2550,2637,2657],"timestamp":1666140572,"blue_key_relic_skipped_log":{"floor":26,"relicID":"Blue Candle"},"path_taken":["M","M","?","?","M","R","E","R","T","M","$","?","E","M","R","BOSS","M","M","?","M","M","E","R","E","T","R","?","M","E","?","R","BOSS","M","$","M","?","M","R","E","R","T","E","$","?","M","?","R","BOSS"],"build_version":"2022-10-04","purchased_purges":0,"victory":false,"max_hp_per_floor":[71,71,71,71,71,71,71,71,81,81,81,81,81,81,81,81,81,81,81,40,40,40,40,40,40,40,40,40,40,40,40,40,40,40,40,40,40,40,40,40,40,40,40,40,40,40,40,40,40,40],"relic_stats":{"Happy Flower":[19],"counters":[26,105],"PreservedInsect":233,"Letter Opener":[47],"Smiling Mask":0,"Dream Catcher":0,"Ornamental Fan":[32],"Tiny Chest":1,"Necronomicon":[15],"Chemical X":[5],"obtain_stats":[{"Potion Belt":36,"Pear":9,"Happy Flower":30,"Vajra":7,"PreservedInsect":25,"Letter Opener":46,"Sling":11,"Smiling Mask":43,"Akabeko":13,"ClockworkSouvenir":36,"Dream Catcher":0,"Ornamental Fan":44,"Philosopher\u0027s Stone":17,"Tiny Chest":23,"Necronomicon":28,"Coffee Dripper":34,"Chemical X":45,"Cracked Core":0,"FossilizedHelix":12,"Toy Ornithopter":41},{"Potion Belt":19,"Pear":5,"Happy Flower":17,"Vajra":5,"PreservedInsect":15,"Letter Opener":23,"Sling":6,"Smiling Mask":22,"Akabeko":7,"ClockworkSouvenir":19,"Dream Catcher":0,"Ornamental Fan":23,"Philosopher\u0027s Stone":9,"Tiny Chest":14,"Necronomicon":15,"Coffee Dripper":18,"Chemical X":23,"Cracked Core":0,"FossilizedHelix":6,"Toy Ornithopter":22},{"Potion Belt":68,"Pear":13,"Happy Flower":48,"Vajra":13,"PreservedInsect":44,"Letter Opener":78,"Sling":14,"Smiling Mask":76,"Akabeko":18,"ClockworkSouvenir":68,"Dream Catcher":0,"Ornamental Fan":78,"Philosopher\u0027s Stone":28,"Tiny Chest":40,"Necronomicon":44,"Coffee Dripper":65,"Chemical X":78,"Cracked Core":0,"FossilizedHelix":14,"Toy Ornithopter":76}],"FossilizedHelix":[120],"Toy Ornithopter":10},"card_choices":[{"not_picked":["Steam Power","Go for the Eyes"],"picked":"Beam Cell","floor":1.0},{"not_picked":["Blizzard","Rip and Tear"],"picked":"Cold Snap","floor":2.0},{"not_picked":["Force Field","Blizzard","Chaos"],"picked":"SKIP","floor":4.0},{"not_picked":["Force Field","Blizzard","Chaos"],"picked":"SKIP","floor":4.0},{"not_picked":["Leap","Hello World"],"picked":"Go for the Eyes","floor":5.0},{"not_picked":["Glacier","Melter"],"picked":"Compile Driver","floor":7.0},{"not_picked":["Recycle","White Noise"],"picked":"Skim","floor":10.0},{"not_picked":["Auto Shields","Hologram"],"picked":"FTL","floor":13.0},{"not_picked":["Coolheaded","Hello World"],"picked":"Hologram","floor":14},{"not_picked":["Electrodynamics","Buffer"],"picked":"Hyperbeam","floor":16},{"not_picked":["Heatsinks","Go for the Eyes","Barrage"],"picked":"SKIP","floor":18},{"not_picked":["Capacitor","Rebound"],"picked":"Coolheaded","floor":19},{"not_picked":["Reboot","Stack"],"picked":"Glacier+1","floor":21},{"not_picked":["Steam","Gash","Stack"],"picked":"SKIP","floor":22},{"not_picked":["Blizzard","Conserve Battery"],"picked":"Coolheaded","floor":23},{"not_picked":["Undo","Hologram"],"picked":"Fission","floor":25},{"not_picked":["Streamline","Glacier"],"picked":"Undo","floor":29},{"not_picked":["Leap","Hologram"],"picked":"Loop+1","floor":30},{"not_picked":["Multi-Cast","Amplify"],"picked":"Meteor Strike","floor":33},{"not_picked":["Hologram","Turbo"],"picked":"Stack+1","floor":35},{"not_picked":["Blizzard+1","Streamline","Tempest"],"picked":"SKIP","floor":37},{"not_picked":["Redo","Ball Lightning+1"],"picked":"Reinforced Body","floor":39},{"not_picked":["Genetic Algorithm","Tempest"],"picked":"Coolheaded","floor":41},{"not_picked":["Conserve Battery","Redo","Amplify"],"picked":"SKIP","floor":44},{"not_picked":["Self Repair","Cold Snap"],"picked":"Go for the Eyes+1","floor":47},{"not_picked":["Barrage","Heatsinks"],"picked":"Undo","floor":48}],"player_experience":4228246,"relics_obtained":[{"floor":7.0,"key":"Vajra"},{"floor":9.0,"key":"Pear"},{"floor":13.0,"key":"Akabeko"},{"floor":23,"key":"Tiny Chest"},{"floor":25,"key":"PreservedInsect"},{"floor":28,"key":"Necronomicon"},{"floor":30,"key":"Happy Flower"},{"floor":41,"key":"Toy Ornithopter"},{"floor":43,"key":"Smiling Mask"},{"floor":44,"key":"Ornamental Fan"},{"floor":46,"key":"Letter Opener"}],"event_choices":[{"damage_healed":0.0,"max_hp_gain":0.0,"max_hp_loss":0.0,"gold_gain":0.0,"cards_transformed":["Defend_B"],"event_name":"Transmorgrifier","player_choice":"Transformed","floor":3.0,"gold_loss":0.0,"damage_taken":0.0,"cards_obtained":["Hyperbeam"]},{"damage_healed":0.0,"max_hp_gain":0.0,"max_hp_loss":0.0,"gold_gain":0.0,"event_name":"WeMeetAgain","player_choice":"Gave Potion","floor":12.0,"gold_loss":0.0,"damage_taken":0.0,"relics_obtained":["FossilizedHelix"]},{"damage_healed":0,"gold_gain":0,"player_choice":"Became a Ghost","damage_taken":0,"max_hp_gain":0,"max_hp_loss":41,"event_name":"Ghosts","floor":20,"gold_loss":0,"cards_obtained":["Ghostly","Ghostly","Ghostly"]},{"damage_healed":0,"gold_gain":0,"player_choice":"Obtained Book","damage_taken":21,"max_hp_gain":0,"max_hp_loss":0,"event_name":"Cursed Tome","floor":28,"gold_loss":0},{"damage_healed":0,"gold_gain":0,"player_choice":"Simplicity","damage_taken":0,"max_hp_gain":0,"max_hp_loss":0,"event_name":"Back to Basics","floor":31,"gold_loss":0,"cards_upgraded":["Strike_B","Strike_B","Strike_B","Strike_B","Defend_B","Defend_B","Defend_B"]},{"cards_removed":["Zap"],"damage_healed":0,"gold_gain":0,"player_choice":"Card Removal","damage_taken":0,"max_hp_gain":0,"max_hp_loss":0,"event_name":"Wheel of Change","floor":38,"gold_loss":0}],"is_beta":false,"boss_relics":[{"not_picked":["Astrolabe","Velvet Choker"],"picked":"Philosopher\u0027s Stone"},{"not_picked":["Pandora\u0027s Box","Tiny House"],"picked":"Coffee Dripper"}],"items_purged_floors":[],"is_endless":false,"potions_floor_spawned":[1,2,5,10,13,16,22,23,25,30,33,35,39,44,47,48],"killed_by":"Time Eater","ascension_level":20,"potion_discard_per_floor":[[],[],[],[],["Ancient Potion"],[],[],[],[],[],[],[],[],[],[],[],[],[],[],[],[],["Regen Potion"],["Explosive Potion"],[],["BlessingOfTheForge"],[],[],[],[],["Block Potion"],[],[],[],[],[],[],[],[],[],[],[],[],[],[],[],[],[],["Explosive Potion"],[],[]]}