{"neow_bonuses_skipped_log":["ONE_RANDOM_RARE_CARD","TEN_PERCENT_HP_BONUS","TWENTY_PERCENT_HP_BONUS"],"potions_obtained_entropic_brew":[[],[],[],[],[],[],[],[],[],[],[],[],[],[],[],[],[],[],[],[],[],[],[],[],[]],"neow_costs_skipped_log":["NONE","NONE","NO_GOLD"],"gold_per_floor":[112,128,47,47,67,67,82,101,177,177,189,215,226,261,261,337,337,356,356,368,383,46,77,77,77],"floor_reached":25,"playtime":5367,"items_purged":["Strike_B"],"score":520,"play_id":"73b697e8-3624-4572-bde0-2d30da2413b7","local_time":"20221017205853","score_breakdown":["Floors Climbed (25): 125","Enemies Slain (10): 20","Exordium Elites Killed (2): 20","City Elites Killed (1): 20","Bosses Slain (1): 50","Champion (1): 25","Ascension (20): 260"],"is_ascension_mode":true,"potions_obtained_alchemize":[[],[],[],[],[],[],[],[],[],[],[],[],[],[],[],[],[],[],[],[],[],[],[],[],[]],"campfire_choices":[{"data":"Zap","floor":6,"key":"SMITH"},{"floor":10,"key":"REST"},{"data":"Defragment","floor":15,"key":"SMITH"},{"data":"Dualcast","floor":24,"key":"SMITH"}],"lesson_learned_per_floor":[[],[],[],[],[],[],[],[],[],[],[],[],[],[],[],[],[],[],[],[],[],[],[],[],[]],"neow_cost":"NONE","improvable_cards":{},"seed_source_timestamp":7360734008653,"shop_contents":[{"floor":3,"relics":["Gremlin Horn","Mango","Cauldron"],"cards":["Ball Lightning","Barrage","Reprogram","Loop","Dark Shackles","Master of Strategy"],"potions":["AttackPotion","Swift Potion","Explosive Potion"]},{"floor":22,"relics":["Whetstone","Frozen Eye"],"cards":["Sweeping Beam","Lockon","Turbo","Auto Shields","Deep Breath","Mayhem"],"potions":["AttackPotion","Block Potion","Block Potion"]}],"circlet_count":0,"master_deck":["AscendersBane","Strike_B","Strike_B","Defend_B","Defend_B","Defend_B","Zap+1","Dualcast+1","Self Repair","Glacier","BootSequence","Rebound","Hologram","Defragment+1","Hologram","Doom and Gloom","Coolheaded","Biased Cognition","Hologram+1","Coolheaded+1","Reinforced Body","Echo Form","Stack+1"],"potion_use_per_floor":[[],[],[],[],[],[],[],["Fruit Juice"],[],[],[],[],[],[],[],["LiquidBronze"],[],[],[],[],[],[],["Explosive Potion"],[],["LiquidMemories"]],"relics":["SlaversCollar","Dead Branch","Symbiotic Virus","Blood Vial","Dream Catcher","Empty Cage","Centennial Puzzle","White Beast Statue"],"potions_floor_usage":[8,16,23,25],"damage_taken":[{"damage":9,"enemies":"Small Slimes","floor":1,"turns":4},{"damage":11,"enemies":"Cultist","floor":2,"turns":5},{"damage":1,"enemies":"Jaw Worm","floor":5,"turns":5},{"damage":9,"enemies":"Large Slime","floor":7,"turns":5},{"damage":10,"enemies":"2 Fungi Beasts","floor":8,"turns":4},{"damage":0,"enemies":"3 Louse","floor":11,"turns":5},{"damage":0,"enemies":"3 Sentries","floor":12,"turns":9},{"damage":1,"enemies":"Looter","floor":13,"turns":2},{"damage":15,"enemies":"Lagavulin","floor":14,"turns":6},{"damage":23,"enemies":"Hexaghost","floor":16,"turns":9},{"damage":0,"enemies":"Spheric Guardian","floor":18,"turns":5},{"damage":6,"enemies":"Shell Parasite","floor":20,"turns":5},{"damage":8,"enemies":"Cultist and Chosen","floor":21,"turns":11},{"damage":19,"enemies":"Gremlin Leader","floor":23,"turns":9},{"damage":88,"enemies":"Slavers","floor":25,"turns":7}],"seed_played":"-7951272845858136978","neow_bonus_log":{"cardsObtained":[],"cardsUpgraded":[],"cardsRemoved":[],"cardsTransformed":[],"relicsObtained":["SlaversCollar"],"maxHpGained":0,"goldGained":0,"damageTaken":0,"goldLost":0,"maxHpLost":0},"potions_obtained":[{"floor":1,"key":"LiquidBronze"},{"floor":5,"key":"Fruit Juice"},{"floor":8,"key":"ColorlessPotion"},{"floor":13,"key":"LiquidMemories"},{"floor":18,"key":"Explosive Potion"},{"floor":23,"key":"Fruit Juice"}],"is_trial":false,"path_per_floor":["M","M","$","?","M","R","M","M","T","R","M","E","M","E","R","B",null,"M","?","M","M","$","E","R","E"],"character_chosen":"DEFECT","items_purchased":["Glacier","Echo Form","Centennial Puzzle"],"campfire_rested":1,"item_purchase_floors":[3,22,22],"current_hp_per_floor":[55,44,44,44,50,50,48,50,50,72,76,76,75,68,68,54,71,76,76,76,75,75,71,71,0],"gold":77,"neow_bonus":"BOSS_RELIC","is_prod":false,"is_daily":false,"rewards_skipped":[{"floor":12,"relics":[],"potions":["ColorlessPotion"]}],"chose_seed":false,"campfire_upgraded":3,"win_rate":0,"floor_exit_playtime":[146,220,308,372,540,605,859,1005,1173,1187,1298,1480,1646,1837,1844,2258,2563,2721,2739,2892,3596,3694,4187,4194],"timestamp":1666054733,"path_taken":["M","M","$","?","M","R","M","M","T","R","M","E","?","E","R","BOSS","M","?","M","M","$","E","R","E"],"build_version":"2022-10-04","purchased_purges":1,"victory":false,"max_hp_per_floor":[71,71,71,71,71,71,71,76,76,76,76,76,76,76,76,76,76,76,76,76,76,76,76,76,76],"relic_stats":{"Blood Vial":8,"Dream Catcher":0,"Centennial Puzzle":[6],"counters":[15,91],"Dead Branch":[82],"obtain_stats":[{"Blood Vial":12,"SlaversCollar":0,"Dream Catcher":14,"Centennial Puzzle":22,"Dead Branch":4,"Cracked Core":0,"Symbiotic Virus":9,"Empty Cage":17,"White Beast Statue":23},{"Blood Vial":7,"SlaversCollar":0,"Dream Catcher":9,"Centennial Puzzle":13,"Dead Branch":2,"Cracked Core":0,"Symbiotic Virus":5,"Empty Cage":10,"White Beast Statue":14},{"Blood Vial":37,"SlaversCollar":0,"Dream Catcher":45,"Centennial Puzzle":75,"Dead Branch":9,"Cracked Core":0,"Symbiotic Virus":23,"Empty Cage":54,"White Beast Statue":84}],"White Beast Statue":[0.0,0.0,0.0,0.0,1.0,0.0,0.0,0.0,0.0,0.0,0.0,0.0]},"card_choices":[{"not_picked":["Steam","BootSequence"],"picked":"Undo","floor":1},{"not_picked":["Darkness","BootSequence"],"picked":"Self Repair","floor":2},{"not_picked":["Barrage","Compile Driver"],"picked":"BootSequence","floor":5},{"not_picked":["Chaos","Go for the Eyes"],"picked":"Rebound","floor":7},{"not_picked":["Aggregate","Conserve Battery"],"picked":"Hologram","floor":8},{"not_picked":["Ball Lightning","Go for the Eyes"],"picked":"Defragment","floor":11},{"not_picked":["Go for the Eyes","White Noise"],"picked":"Hologram","floor":12},{"not_picked":["Darkness","Static Discharge"],"picked":"Doom and Gloom","floor":13},{"not_picked":["Thunder Strike","Beam Cell"],"picked":"Coolheaded","floor":14},{"not_picked":["Electrodynamics","Seek"],"picked":"Biased Cognition","floor":16},{"not_picked":["Go for the Eyes","Rebound"],"picked":"Hologram+1","floor":18},{"not_picked":["Beam Cell","Conserve Battery"],"picked":"Coolheaded+1","floor":20},{"not_picked":["Stack","Ball Lightning+1","Reinforced Body"],"picked":"SKIP","floor":21},{"not_picked":["Stack","Ball Lightning+1"],"picked":"Reinforced Body","floor":21},{"not_picked":["Turbo","Hello World"],"picked":"Stack+1","floor":23}],"player_experience":4217676,"relics_obtained":[{"floor":9,"key":"Symbiotic Virus"},{"floor":12,"key":"Blood Vial"},{"floor":14,"key":"Dream Catcher"},{"floor":23,"key":"White Beast Statue"}],"event_choices":[{"cards_removed":["Undo"],"damage_healed":0,"gold_gain":0,"player_choice":"Gave Card","damage_taken":0,"relics_obtained":["Dead Branch"],"max_hp_gain":0,"max_hp_loss":0,"event_name":"WeMeetAgain","floor":4,"gold_loss":0},{"damage_healed":0,"gold_gain":0,"player_choice":"Ignored","damage_taken":0,"max_hp_gain":0,"max_hp_loss":0,"event_name":"Vampires","floor":19,"gold_loss":0}],"is_beta":false,"boss_relics":[{"not_picked":["Cursed Key","Calling Bell"],"picked":"Empty Cage"}],"items_purged_floors":[22],"is_endless":false,"potions_floor_spawned":[1,5,8,12,13,18,23],"killed_by":"Slavers","ascension_level":20,"potion_discard_per_floor":[[],[],[],[],[],[],[],[],[],[],[],[],["ColorlessPotion"],[],[],[],[],[],[],[],[],[],[],[],[]]}