{"neow_bonuses_skipped_log":["RANDOM_COLORLESS","THREE_SMALL_POTIONS","BOSS_RELIC"],"potions_obtained_entropic_brew":[[],[],[],[],[],[],[],[],[],[],[],[],[],[],[],[],[],[],[],[],[],[],[],[],[],[],[],[],[],[],[],[],[],[],[],[],[],[],[],[],[],[],[],[],[],[],[],[],[],[],[],[],[],[],[],["PotionOfCapacity","LiquidBronze","FairyPotion","PowerPotion"],[]],"neow_costs_skipped_log":["NONE","NONE","NONE"],"gold_per_floor":[366,366,381,66,86,86,86,129,129,129,162,162,162,87,87,180,180,193,193,118,168,183,223,223,261,261,18,54,70,88,106,106,199,199,217,242,242,266,266,305,43,74,128,161,161,161,174,212,212,212,212,212,212,69,104,104],"floor_reached":57,"playtime":3961,"items_purged":["Defend_B","Strike_B"],"score":3058,"play_id":"764e50c9-f4cf-4e85-9a27-a03ee9e42979","local_time":"20221103212657","falling_options_log":["Compile Driver","Storm"],"score_breakdown":["Floors Climbed (57): 285","Enemies Slain (12): 24","Exordium Elites Killed (2): 20","City Elites Killed (3): 60","Beyond Elites Killed (3): 90","Bosses Slain (5): 750","Money Money (1118): 25","Mystery Machine (15): 25","Champion (3): 75","Perfect (1): 50","C-c-c-combo: 25","Ascension (20): 1379","Heartbreaker: 250"],"is_ascension_mode":true,"potions_obtained_alchemize":[[],[],[],[],[],[],[],[],[],[],[],[],[],[],[],[],[],[],[],[],[],[],[],[],[],[],[],[],[],[],[],[],[],[],[],[],[],[],[],[],[],[],[],[],[],[],[],[],[],[],[],[],[],[],[],[],[]],"campfire_choices":[{"data":"Zap","floor":6,"key":"SMITH"},{"data":"Heatsinks","floor":10,"key":"SMITH"},{"data":"Static Discharge","floor":15,"key":"SMITH"},{"data":"RitualDagger","floor":32,"key":"SMITH"},{"floor":46,"key":"RECALL"},{"data":"Storm","floor":49,"key":"SMITH"},{"data":"Biased Cognition","floor":53,"key":"SMITH"}],"lesson_learned_per_floor":[[],[],[],[],[],[],[],[],[],[],[],[],[],[],[],[],[],[],[],[],[],[],[],[],[],[],[],[],[],[],[],[],[],[],[],[],[],[],[],[],[],[],[],[],[],[],[],[],[],[],[],[],[],[],[],[],[]],"neow_cost":"CURSE","improvable_cards":{"RitualDagger+1":[69]},"seed_source_timestamp":8368476756942,"shop_contents":[{"floor":4,"relics":["Juzu Bracelet","Shovel","Medical Kit"],"cards":["Barrage","Genetic Algorithm","Rainbow","Blind","Mayhem"],"potions":["Swift Potion"]},{"floor":27,"relics":["Dream Catcher","Vajra","Strange Spoon"],"cards":["Blizzard","Streamline","Conserve Battery","Multi-Cast","PanicButton","Mayhem"],"potions":["SpeedPotion","Block Potion"]},{"floor":41,"relics":["Regal Pillow","Cauldron"],"cards":["Barrage","Hyperbeam","Rainbow","Conserve Battery","Loop","Madness","Violence"],"potions":["Energy Potion","LiquidMemories","BlessingOfTheForge"]},{"floor":54,"relics":["Ornamental Fan","Ice Cream","Lee\u0027s Waffle"],"cards":["FTL","Rebound","Force Field","Darkness","Forethought","HandOfGreed"],"potions":["SmokeBomb","Explosive Potion"]}],"circlet_count":0,"master_deck":["AscendersBane","Defend_B","Zap+1","Dualcast","Conserve Battery","Self Repair","FTL","Hello World","Cold Snap","Heatsinks+1","Static Discharge+1","Biased Cognition+1","Compile Driver","Heatsinks","Biased Cognition","RitualDagger+1","Cold Snap","Storm+1","Loop+1","Sunder+1","White Noise","All For One","Compile Driver","Compile Driver","Fusion","Coolheaded+1","Electrodynamics","Static Discharge"],"potion_use_per_floor":[[],[],[],[],[],[],[],["FocusPotion"],[],[],["AttackPotion"],[],[],[],[],[],[],["ColorlessPotion"],[],[],[],[],[],[],["Explosive Potion"],[],[],[],[],[],[],[],[],[],[],[],[],[],[],[],[],[],[],[],[],[],[],[],[],[],["FearPotion"],[],[],[],[],["FocusPotion","PotionOfCapacity","LiquidBronze","EntropicBrew","PotionOfCapacity","LiquidBronze","PowerPotion","FairyPotion"],[]],"relics":["Cracked Core","Golden Idol","Mummified Hand","DataDisk","MealTicket","Bag of Preparation","Snecko Eye","Ancient Tea Set","Potion Belt","FossilizedHelix","Dead Branch","Runic Dome","Eternal Feather","Cables","Lizard Tail","Bird Faced Urn","Gremlin Horn","Anchor"],"potions_floor_usage":[8,11,18,25,51,56,56,56,56,56,56,56],"damage_taken":[{"damage":4,"enemies":"2 Louse","floor":1,"turns":2},{"damage":2,"enemies":"Jaw Worm","floor":3,"turns":3},{"damage":5,"enemies":"Small Slimes","floor":5,"turns":3},{"damage":31,"enemies":"3 Sentries","floor":8,"turns":9},{"damage":26,"enemies":"Gremlin Nob","floor":11,"turns":4},{"damage":8,"enemies":"Hexaghost","floor":16,"turns":8},{"damage":0,"enemies":"Chosen","floor":18,"turns":5},{"damage":0,"enemies":"Spheric Guardian","floor":22,"turns":2},{"damage":14,"enemies":"Gremlin Leader","floor":23,"turns":5},{"damage":24,"enemies":"Slavers","floor":25,"turns":2},{"damage":0,"enemies":"Gremlin Leader","floor":28,"turns":6},{"damage":0,"enemies":"Centurion and Healer","floor":29,"turns":2},{"damage":0,"enemies":"Snecko","floor":30,"turns":2},{"damage":0,"enemies":"Snake Plant","floor":31,"turns":3},{"damage":0,"enemies":"Automaton","floor":33,"turns":4},{"damage":0,"enemies":"Orb Walker","floor":35,"turns":2},{"damage":0,"enemies":"3 Darklings","floor":36,"turns":1},{"damage":0,"enemies":"Writhing Mass","floor":38,"turns":2},{"damage":0,"enemies":"Giant Head","floor":40,"turns":4},{"damage":0,"enemies":"Mind Bloom Boss Battle","floor":42,"turns":3},{"damage":0,"enemies":"Reptomancer","floor":44,"turns":2},{"damage":0,"enemies":"Spire Growth","floor":47,"turns":3},{"damage":7,"enemies":"Nemesis","floor":48,"turns":3},{"damage":29,"enemies":"Donu and Deca","floor":50,"turns":4},{"damage":15,"enemies":"Time Eater","floor":51,"turns":3},{"damage":27,"enemies":"Shield and Spear","floor":55,"turns":3},{"damage":123,"enemies":"The Heart","floor":56,"turns":5}],"green_key_taken_log":8,"seed_played":"479603730260823896","neow_bonus_log":{"cardsObtained":["Parasite"],"cardsUpgraded":[],"cardsRemoved":[],"cardsTransformed":[],"relicsObtained":[],"maxHpGained":0,"goldGained":250,"damageTaken":0,"goldLost":0,"maxHpLost":0},"potions_obtained":[{"floor":16,"key":"ColorlessPotion"},{"floor":23,"key":"Explosive Potion"},{"floor":28,"key":"PotionOfCapacity"},{"floor":33,"key":"FearPotion"},{"floor":35,"key":"EssenceOfSteel"},{"floor":40,"key":"LiquidBronze"}],"is_trial":false,"path_per_floor":["M","?","M","$","M","R","?","E","T","R","E","?","?","?","R","B",null,"M","?","?","?","M","E","?","E","T","$","E","M","M","M","R","B",null,"M","M","?","M","?","E","$","?","T","E","?","R","M","E","R","B","B",null,"R","$","E","B",null],"character_chosen":"DEFECT","items_purchased":["FTL","AttackPotion","FocusPotion","Hello World","Storm","FocusPotion","Cables","EntropicBrew","Static Discharge"],"campfire_rested":0,"item_purchase_floors":[4,4,4,4,27,27,41,54,54],"current_hp_per_floor":[60,53,51,51,53,53,53,29,29,29,10,30,25,25,25,24,53,60,60,60,54,61,54,48,24,24,39,46,53,60,62,62,62,62,62,62,62,62,62,62,62,62,62,62,62,62,62,62,62,54,56,61,62,62,50,21],"gold":104,"neow_bonus":"TWO_FIFTY_GOLD","is_prod":false,"is_daily":false,"rewards_skipped":[{"floor":5,"relics":[],"potions":["Energy Potion"]}],"chose_seed":false,"campfire_upgraded":6,"win_rate":0,"floor_exit_playtime":[83,89,162,273,351,360,363,623,635,642,808,811,826,847,853,991,1155,1427,1443,1470,1476,1544,1715,1719,1786,1789,1820,1990,2037,2098,2146,2151,2263,2334,2396,2455,2464,2513,2520,2639,2661,2821,2842,2942,2989,2993,3072,3150,3172,3268,3487,3499,3535,3554,3711,3961],"timestamp":1667525217,"blue_key_relic_skipped_log":{"floor":43,"relicID":"Akabeko"},"path_taken":["M","?","M","$","M","R","?","E","T","R","E","?","?","?","R","BOSS","M","?","?","?","?","E","?","E","T","$","E","M","M","M","R","BOSS","M","M","?","?","?","E","$","?","T","E","?","R","M","E","R","BOSS","BOSS","R","$","E","BOSS"],"build_version":"2022-10-04","purchased_purges":2,"victory":true,"max_hp_per_floor":[71,68,68,68,68,68,62,62,62,62,62,62,62,62,62,62,62,62,62,62,62,62,62,62,62,62,62,62,62,62,62,62,62,62,62,62,62,62,62,62,62,62,62,62,62,62,62,62,62,62,62,62,62,62,62,62],"relic_stats":{"Gremlin Horn":[2,2],"counters":[27,94],"Golden Idol":204,"Dead Branch":[35],"Eternal Feather":1,"Bag of Preparation":[44],"Ancient Tea Set":[8],"Cables":[20,18,1,0,1],"Lizard Tail":0,"Mummified Hand":[353],"Bird Faced Urn":[69],"Snecko Eye":[187,183,181,169,-325],"MealTicket":15,"obtain_stats":[{"Potion Belt":25,"Gremlin Horn":48,"Golden Idol":7,"Dead Branch":28,"Eternal Feather":40,"Bag of Preparation":13,"Ancient Tea Set":23,"Cables":41,"Runic Dome":34,"DataDisk":9,"Lizard Tail":42,"Anchor":55,"Mummified Hand":8,"Bird Faced Urn":44,"Snecko Eye":17,"MealTicket":11,"Cracked Core":0,"FossilizedHelix":26},{"Potion Belt":10,"Gremlin Horn":23,"Golden Idol":3,"Dead Branch":11,"Eternal Feather":19,"Bag of Preparation":5,"Ancient Tea Set":9,"Cables":19,"Runic Dome":15,"DataDisk":4,"Lizard Tail":20,"Anchor":26,"Mummified Hand":4,"Bird Faced Urn":21,"Snecko Eye":6,"MealTicket":5,"Cracked Core":0,"FossilizedHelix":10},{"Potion Belt":43,"Gremlin Horn":79,"Golden Idol":8,"Dead Branch":49,"Eternal Feather":68,"Bag of Preparation":21,"Ancient Tea Set":41,"Cables":68,"Runic Dome":59,"DataDisk":17,"Lizard Tail":71,"Anchor":89,"Mummified Hand":17,"Bird Faced Urn":73,"Snecko Eye":29,"MealTicket":21,"Cracked Core":0,"FossilizedHelix":43}],"FossilizedHelix":[73]},"card_choices":[{"not_picked":["Blizzard","Stack"],"picked":"Conserve Battery","floor":1},{"not_picked":["Beam Cell","Compile Driver"],"picked":"Self Repair","floor":3},{"not_picked":["Skim","Turbo"],"picked":"Cold Snap","floor":5},{"not_picked":["Ball Lightning","Streamline"],"picked":"Heatsinks","floor":8},{"not_picked":["Beam Cell","Recycle"],"picked":"Static Discharge","floor":11},{"not_picked":["Buffer","All For One"],"picked":"Biased Cognition","floor":16},{"not_picked":["Static Discharge","Ball Lightning"],"picked":"Compile Driver","floor":18},{"not_picked":["Steam","Gash"],"picked":"Heatsinks","floor":22},{"not_picked":["Sweeping Beam+1","Go for the Eyes+1"],"picked":"Biased Cognition","floor":23},{"not_picked":["Steam","Go for the Eyes"],"picked":"Cold Snap","floor":25},{"not_picked":["Buffer","Conserve Battery"],"picked":"Loop+1","floor":28},{"not_picked":["Conserve Battery","Go for the Eyes"],"picked":"Sunder+1","floor":29},{"not_picked":["Scrape","Coolheaded"],"picked":"White Noise","floor":30},{"not_picked":["Steam","Conserve Battery","Leap"],"picked":"SKIP","floor":31},{"not_picked":["Seek","Multi-Cast"],"picked":"All For One","floor":33},{"not_picked":["Ball Lightning+1","Go for the Eyes+1","Genetic Algorithm"],"picked":"SKIP","floor":35},{"not_picked":["Steam Power","Conserve Battery","Barrage"],"picked":"SKIP","floor":36},{"not_picked":["Conserve Battery","Leap+1"],"picked":"Compile Driver","floor":38},{"not_picked":["Undo","Auto Shields+1"],"picked":"Compile Driver","floor":40},{"not_picked":["Sweeping Beam","Leap","Cold Snap"],"picked":"SKIP","floor":42},{"not_picked":["Auto Shields+1","Barrage"],"picked":"Fusion","floor":44},{"not_picked":["Leap","Turbo"],"picked":"Coolheaded+1","floor":47},{"not_picked":["Go for the Eyes","Steam+1"],"picked":"Electrodynamics","floor":48},{"not_picked":["Conserve Battery","Leap","Redo"],"picked":"SKIP","floor":55}],"player_experience":4346928,"relics_obtained":[{"floor":8,"key":"Mummified Hand"},{"floor":9,"key":"DataDisk"},{"floor":11,"key":"MealTicket"},{"floor":23,"key":"Ancient Tea Set"},{"floor":25,"key":"Potion Belt"},{"floor":26,"key":"FossilizedHelix"},{"floor":28,"key":"Dead Branch"},{"floor":40,"key":"Eternal Feather"},{"floor":42,"key":"Lizard Tail"},{"floor":44,"key":"Bird Faced Urn"},{"floor":48,"key":"Gremlin Horn"},{"floor":55,"key":"Anchor"}],"event_choices":[{"cards_removed":["Parasite"],"damage_healed":0,"gold_gain":0,"player_choice":"Card Removal","damage_taken":7,"max_hp_gain":0,"max_hp_loss":0,"event_name":"Golden Wing","floor":2,"gold_loss":0},{"damage_healed":0,"gold_gain":0,"player_choice":"Lose Max HP","damage_taken":0,"relics_obtained":["Golden Idol"],"max_hp_gain":0,"max_hp_loss":6,"event_name":"Golden Idol","floor":7,"gold_loss":0},{"damage_healed":20,"gold_gain":0,"player_choice":"Banana","damage_taken":0,"max_hp_gain":0,"max_hp_loss":0,"event_name":"Big Fish","floor":12,"gold_loss":0},{"damage_healed":0,"gold_gain":0,"player_choice":"Success","damage_taken":5,"relics_obtained":["Bag of Preparation"],"max_hp_gain":0,"max_hp_loss":0,"event_name":"Scrap Ooze","floor":13,"gold_loss":0},{"cards_removed":["Strike_B"],"damage_healed":0,"gold_gain":0,"player_choice":"Card Removal","damage_taken":0,"max_hp_gain":0,"max_hp_loss":0,"event_name":"The Cleric","floor":14,"gold_loss":75},{"damage_healed":0,"gold_gain":0,"player_choice":"Ignored","damage_taken":0,"max_hp_gain":0,"max_hp_loss":0,"event_name":"Ghosts","floor":19,"gold_loss":0},{"cards_removed":["Strike_B"],"damage_healed":0,"gold_gain":0,"player_choice":"Gave Gold","damage_taken":0,"max_hp_gain":0,"max_hp_loss":0,"event_name":"Beggar","floor":20,"gold_loss":75},{"damage_healed":0,"gold_gain":50,"player_choice":"Touch","damage_taken":6,"max_hp_gain":0,"max_hp_loss":0,"event_name":"FaceTrader","floor":21,"gold_loss":0},{"damage_healed":0,"gold_gain":0,"player_choice":"Joined the Cult","damage_taken":6,"max_hp_gain":0,"max_hp_loss":0,"event_name":"Nest","floor":24,"gold_loss":0,"cards_obtained":["RitualDagger"]},{"cards_removed":["Strike_B"],"damage_healed":0,"gold_gain":0,"player_choice":"Purged","damage_taken":0,"max_hp_gain":0,"max_hp_loss":0,"event_name":"Purifier","floor":37,"gold_loss":0},{"cards_removed":["Defend_B"],"damage_healed":0,"gold_gain":0,"player_choice":"Removed Skill","damage_taken":0,"max_hp_gain":0,"max_hp_loss":0,"event_name":"Falling","floor":39,"gold_loss":0},{"damage_healed":0,"gold_gain":0,"player_choice":"Fight","damage_taken":0,"max_hp_gain":0,"max_hp_loss":0,"event_name":"MindBloom","floor":42,"gold_loss":0},{"cards_removed":["Defend_B"],"damage_healed":0,"gold_gain":0,"player_choice":"Offered Basic","damage_taken":0,"max_hp_gain":0,"max_hp_loss":0,"event_name":"Bonfire Elementals","floor":45,"gold_loss":0}],"is_beta":false,"boss_relics":[{"not_picked":["FrozenCore","Sozu"],"picked":"Snecko Eye"},{"not_picked":["Tiny House","Nuclear Battery"],"picked":"Runic Dome"}],"items_purged_floors":[4,27],"is_endless":false,"potions_floor_spawned":[5,16,23,28,33,35,40],"ascension_level":20,"potion_discard_per_floor":[[],[],[],[],[],[],[],[],[],[],[],[],[],[],[],[],[],[],[],[],[],[],[],[],[],[],[],[],[],[],[],[],[],[],[],[],[],[],[],["EssenceOfSteel"],[],[],[],[],[],[],[],[],[],[],[],[],[],[],[],[],[]]}