{"neow_bonuses_skipped_log":["RANDOM_COLORLESS","THREE_SMALL_POTIONS","BOSS_RELIC"],"potions_obtained_entropic_brew":[[],[],[],[],[],[]],"neow_costs_skipped_log":["NONE","NONE","NONE"],"gold_per_floor":[112,112,132,146,63,63],"floor_reached":6,"playtime":423,"items_purged":[],"score":72,"play_id":"ac608652-acf4-47a1-a868-b3d4f0c97948","local_time":"20221107183039","score_breakdown":["Floors Climbed (6): 30","Enemies Slain (3): 6","Exordium Elites Killed (0): 0","Bosses Slain (0): 0","Ascension (20): 36"],"is_ascension_mode":true,"potions_obtained_alchemize":[[],[],[],[],[],[]],"campfire_choices":[],"lesson_learned_per_floor":[[],[],[],[],[],[]],"neow_cost":"TEN_PERCENT_HP_LOSS","improvable_cards":{},"seed_source_timestamp":7695297220145,"shop_contents":[{"floor":5,"relics":["Bottled Lightning","Ice Cream","Frozen Eye"],"cards":["Sweeping Beam","BootSequence","Chaos","Storm","Flash of Steel","Secret Weapon"],"potions":["Weak Potion","AttackPotion","Explosive Potion"]}],"circlet_count":0,"master_deck":["AscendersBane","Strike_B","Strike_B","Defend_B","Defend_B","Defend_B","Defend_B","Zap","Dualcast","Streamline","Reboot","Hologram","Self Repair","Streamline","Hyperbeam"],"potion_use_per_floor":[[],[],[],[],[],["ColorlessPotion","PowerPotion"]],"relics":["Cracked Core","Golden Idol"],"potions_floor_usage":[6,6],"damage_taken":[{"damage":0,"enemies":"Small Slimes","floor":1,"turns":2},{"damage":0,"enemies":"2 Louse","floor":3,"turns":3},{"damage":0,"enemies":"Cultist","floor":4,"turns":3},{"damage":86,"enemies":"Gremlin Nob","floor":6,"turns":4}],"seed_played":"5041151435607056448","neow_bonus_log":{"cardsObtained":["Streamline","Reboot"],"cardsUpgraded":[],"cardsRemoved":[],"cardsTransformed":["Strike_B","Strike_B"],"relicsObtained":[],"maxHpGained":0,"goldGained":0,"damageTaken":0,"goldLost":0,"maxHpLost":7},"potions_obtained":[{"floor":1,"key":"PowerPotion"},{"floor":4,"key":"ColorlessPotion"}],"is_trial":false,"path_per_floor":["M","?","M","M","$","E"],"character_chosen":"DEFECT","items_purchased":["Hyperbeam"],"campfire_rested":0,"item_purchase_floors":[5],"current_hp_per_floor":[64,58,58,58,58,0],"gold":63,"neow_bonus":"TRANSFORM_TWO_CARDS","is_prod":false,"is_daily":false,"rewards_skipped":[],"chose_seed":false,"campfire_upgraded":0,"win_rate":0,"floor_exit_playtime":[107,111,152,219,242],"timestamp":1667863839,"path_taken":["M","?","M","M","$","E"],"build_version":"2022-10-04","purchased_purges":0,"victory":false,"max_hp_per_floor":[64,58,58,58,58,58],"relic_stats":{"counters":[4,12],"Golden Idol":7,"obtain_stats":[{"Golden Idol":2,"Cracked Core":0},{"Golden Idol":1,"Cracked Core":0},{"Golden Idol":2,"Cracked Core":0}]},"card_choices":[{"not_picked":["Tempest","Melter"],"picked":"Hologram","floor":1},{"not_picked":["Coolheaded","Ball Lightning"],"picked":"Self Repair","floor":3},{"not_picked":["Turbo","Scrape"],"picked":"Streamline","floor":4}],"player_experience":4376520,"relics_obtained":[],"event_choices":[{"damage_healed":0,"gold_gain":0,"player_choice":"Lose Max HP","damage_taken":0,"relics_obtained":["Golden Idol"],"max_hp_gain":0,"max_hp_loss":6,"event_name":"Golden Idol","floor":2,"gold_loss":0}],"is_beta":false,"boss_relics":[],"items_purged_floors":[],"is_endless":false,"potions_floor_spawned":[1,4],"killed_by":"Gremlin Nob","ascension_level":20,"potion_discard_per_floor":[[],[],[],[],[],[]]}