{"neow_bonuses_skipped_log":["RANDOM_COLORLESS","THREE_ENEMY_KILL","ONE_RARE_RELIC"],"potions_obtained_entropic_brew":[[],[],[],[],[],[],[],[],[],[]],"neow_costs_skipped_log":["NONE","NONE","PERCENT_DAMAGE"],"gold_per_floor":[109,126,126,141,141,141,155,175,175,175],"floor_reached":10,"playtime":525,"items_purged":[],"score":120,"play_id":"db96c2f0-d9b0-4a1d-b2e5-bf2808923447","local_time":"20221029190322","score_breakdown":["Floors Climbed (10): 50","Enemies Slain (5): 10","Exordium Elites Killed (0): 0","Bosses Slain (0): 0","Ascension (20): 60"],"is_ascension_mode":true,"potions_obtained_alchemize":[[],[],[],[],[],[],[],[],[],[]],"campfire_choices":[{"data":"Doom and Gloom","floor":6,"key":"SMITH"}],"lesson_learned_per_floor":[[],[],[],[],[],[],[],[],[],[]],"neow_cost":"NONE","improvable_cards":{},"seed_source_timestamp":34545454163452,"shop_contents":[],"circlet_count":0,"master_deck":["AscendersBane","Strike_B","Strike_B","Strike_B","Strike_B","Defend_B","Defend_B","Defend_B","Zap","Dualcast","Coolheaded","Doom and Gloom+1","Buffer","Hologram","Writhe"],"potion_use_per_floor":[[],[],[],[],[],[],[],[],[],["Weak Potion"]],"relics":["Cursed Key","Mummified Hand"],"potions_floor_usage":[10],"damage_taken":[{"damage":7,"enemies":"Small Slimes","floor":1,"turns":4},{"damage":3,"enemies":"Jaw Worm","floor":2,"turns":5},{"damage":0,"enemies":"2 Louse","floor":4,"turns":3},{"damage":9,"enemies":"Looter","floor":7,"turns":3},{"damage":18,"enemies":"Lots of Slimes","floor":8,"turns":4},{"damage":14,"enemies":"Gremlin Nob","floor":10,"turns":3}],"seed_played":"-8275305055827971071","neow_bonus_log":{"cardsObtained":[],"cardsUpgraded":[],"cardsRemoved":[],"cardsTransformed":[],"relicsObtained":["Cursed Key"],"maxHpGained":0,"goldGained":0,"damageTaken":0,"goldLost":0,"maxHpLost":0},"potions_obtained":[{"floor":2,"key":"Weak Potion"}],"is_trial":false,"path_per_floor":["M","M","?","M","?","R","M","M","T","E"],"character_chosen":"DEFECT","items_purchased":[],"campfire_rested":0,"item_purchase_floors":[],"current_hp_per_floor":[57,54,47,47,36,36,27,9,9,0],"gold":175,"neow_bonus":"BOSS_RELIC","is_prod":false,"is_daily":false,"rewards_skipped":[],"chose_seed":false,"campfire_upgraded":1,"win_rate":0,"floor_exit_playtime":[168,208,221,274,287,293,326,387,410],"timestamp":1667084602,"path_taken":["M","M","?","M","?","R","M","M","T","E"],"build_version":"2022-10-04","purchased_purges":0,"victory":false,"max_hp_per_floor":[71,71,71,71,71,71,71,71,71,71],"relic_stats":{"counters":[6,22],"Mummified Hand":[1],"Cursed Key":1,"obtain_stats":[{"Mummified Hand":9,"Cracked Core":0,"Cursed Key":0},{"Mummified Hand":5,"Cracked Core":0,"Cursed Key":0},{"Mummified Hand":19,"Cracked Core":0,"Cursed Key":0}]},"card_choices":[{"not_picked":["Beam Cell","Go for the Eyes"],"picked":"Coolheaded","floor":1},{"not_picked":["Coolheaded","Redo"],"picked":"Doom and Gloom","floor":2},{"not_picked":["Redo","Turbo","Gash"],"picked":"SKIP","floor":4},{"not_picked":["Doom and Gloom","Go for the Eyes"],"picked":"Buffer","floor":7},{"not_picked":["Double Energy","Stack"],"picked":"Hologram","floor":8}],"player_experience":4282949,"relics_obtained":[{"floor":9,"key":"Mummified Hand"}],"event_choices":[{"cards_removed":["Defend_B"],"damage_healed":0,"gold_gain":0,"player_choice":"Card Removal","damage_taken":7,"max_hp_gain":0,"max_hp_loss":0,"event_name":"Golden Wing","floor":3,"gold_loss":0},{"damage_healed":0,"gold_gain":0,"player_choice":"Fled","damage_taken":11,"max_hp_gain":0,"max_hp_loss":0,"event_name":"Scrap Ooze","floor":5,"gold_loss":0}],"is_beta":false,"boss_relics":[],"items_purged_floors":[],"is_endless":false,"potions_floor_spawned":[2],"killed_by":"Gremlin Nob","ascension_level":20,"potion_discard_per_floor":[[],[],[],[],[],[],[],[],[],[]]}