{"neow_bonuses_skipped_log":["TRANSFORM_CARD","THREE_SMALL_POTIONS","TRANSFORM_TWO_CARDS"],"potions_obtained_entropic_brew":[[],[],[],[],[],[],[],[],[],[],[],[],[],[],[],[],[],[],[],[],[],[],[],[],[],[],[],[],[],[],[],[],[],[],["SteroidPotion"],[],[],[],[],[],[],[],[],[],[],[],[],[],[],[],[],[],[],[],[],[],[]],"neow_costs_skipped_log":["NONE","NONE","CURSE"],"gold_per_floor":[114,39,39,57,68,68,68,68,68,68,100,100,115,115,115,186,186,204,224,242,157,157,157,157,157,212,2,33,45,70,101,113,198,210,240,272,284,60,0,29,29,63,63,82,82,98,126,146,146,146,146,146,146,65,96,96],"floor_reached":57,"playtime":9775,"items_purged":[],"score":3016,"play_id":"3bc5d8b7-9014-4ba2-99a2-24bda985f174","local_time":"20221031201037","score_breakdown":["Floors Climbed (57): 285","Enemies Slain (14): 28","Exordium Elites Killed (1): 10","City Elites Killed (1): 20","Beyond Elites Killed (3): 90","Bosses Slain (5): 750","Champion (2): 50","Perfect (2): 100","Overkill: 25","C-c-c-combo: 25","Ascension (20): 1383","Heartbreaker: 250"],"is_ascension_mode":true,"potions_obtained_alchemize":[[],[],[],[],[],[],[],[],[],[],[],[],[],[],[],[],[],[],[],[],[],[],[],[],[],[],[],[],[],[],[],[],[],[],[],[],[],[],[],[],[],[],[],[],[],[],[],[],[],[],[],[],[],[],[],[],[]],"campfire_choices":[{"data":"Defragment","floor":6,"key":"SMITH"},{"data":"Seek","floor":8,"key":"SMITH"},{"data":"Zap","floor":10,"key":"SMITH"},{"data":"Coolheaded","floor":15,"key":"SMITH"},{"data":"Loop","floor":23,"key":"SMITH"},{"data":"Biased Cognition","floor":25,"key":"SMITH"},{"data":"Fission","floor":29,"key":"SMITH"},{"data":"Darkness","floor":32,"key":"SMITH"},{"data":"Redo","floor":41,"key":"SMITH"},{"floor":49,"key":"RECALL"},{"floor":53,"key":"REST"}],"lesson_learned_per_floor":[[],[],[],[],[],[],[],[],[],[],[],[],[],[],[],[],[],[],[],[],[],[],[],[],[],[],[],[],[],[],[],[],[],[],[],[],[],[],[],[],[],[],[],[],[],[],[],[],[],[],[],[],[],[],[],[],[]],"neow_cost":"NONE","improvable_cards":{},"seed_source_timestamp":2379061372006,"shop_contents":[{"floor":7,"relics":["Question Card","Eternal Feather","Membership Card"],"cards":["Cold Snap","Streamline","White Noise","Steam","Storm","Bandage Up","Secret Weapon"],"potions":["Weak Potion","LiquidMemories","Regen Potion"]},{"floor":27,"relics":["Orichalcum","Dead Branch"],"cards":["Go for the Eyes","Steam Power","Stack","Capacitor","Bandage Up","Mayhem"],"potions":["Swift Potion","EssenceOfSteel","GamblersBrew"]},{"floor":38,"relics":["Matryoshka","Lizard Tail","HandDrill"],"cards":["FTL","Streamline","Tempest","Defragment","Discovery"],"potions":["AttackPotion","Regen Potion","CultistPotion"]},{"floor":54,"relics":["DataDisk","Letter Opener","Lee\u0027s Waffle"],"cards":["Sunder","Ball Lightning","Aggregate","Tempest","Buffer","Jack Of All Trades","Magnetism"],"potions":["PowerPotion","PotionOfCapacity"]}],"circlet_count":0,"master_deck":["AscendersBane","Zap+1","Dualcast","Steam","Compile Driver","Core Surge","Defragment+1","Echo Form+1","Seek+1","Reboot+1","Cold Snap","BootSequence","Conserve Battery","Coolheaded+1","Hologram+1","Biased Cognition+1","Sweeping Beam+1","Loop+1","Barrage+1","Fission+1","Darkness+1","Echo Form","Go for the Eyes+1","Master of Strategy","Redo+1","Recycle","Reinforced Body+1","Aggregate+1","Core Surge"],"potion_use_per_floor":[[],[],[],[],[],[],[],[],[],[],["SneckoOil"],[],[],[],[],["Block Potion"],[],[],[],["GamblersBrew"],[],[],[],[],[],[],[],["SpeedPotion","FocusPotion"],[],[],[],[],[],[],["EntropicBrew"],[],[],[],[],[],[],[],[],[],[],[],[],[],[],[],[],[],[],[],[],["LiquidMemories"],[]],"relics":["Pandora\u0027s Box","Bottled Flame","White Beast Statue","Inserter","Lantern","Ancient Tea Set","Frozen Eye","MawBank","Nuclear Battery","Red Mask","Darkstone Periapt","Ornamental Fan","Mercury Hourglass","Pen Nib"],"potions_floor_usage":[11,16,20,28,28,35,56],"damage_taken":[{"damage":6,"enemies":"Small Slimes","floor":1,"turns":4},{"damage":0,"enemies":"2 Louse","floor":4,"turns":4},{"damage":2,"enemies":"Jaw Worm","floor":5,"turns":4},{"damage":4,"enemies":"Gremlin Nob","floor":11,"turns":6},{"damage":8,"enemies":"Large Slime","floor":13,"turns":4},{"damage":0,"enemies":"The Guardian","floor":16,"turns":10},{"damage":7,"enemies":"Shell Parasite","floor":18,"turns":6},{"damage":0,"enemies":"3 Byrds","floor":19,"turns":4},{"damage":14,"enemies":"3 Cultists","floor":20,"turns":5},{"damage":9,"enemies":"Slavers","floor":28,"turns":4},{"damage":11,"enemies":"Snecko","floor":30,"turns":4},{"damage":0,"enemies":"Snake Plant","floor":31,"turns":6},{"damage":0,"enemies":"Automaton","floor":33,"turns":8},{"damage":0,"enemies":"3 Darklings","floor":35,"turns":6},{"damage":0,"enemies":"3 Shapes","floor":36,"turns":4},{"damage":0,"enemies":"Nemesis","floor":40,"turns":11},{"damage":1,"enemies":"Reptomancer","floor":42,"turns":5},{"damage":26,"enemies":"Jaw Worm Horde","floor":44,"turns":4},{"damage":1,"enemies":"Transient","floor":46,"turns":6},{"damage":0,"enemies":"Giant Head","floor":47,"turns":8},{"damage":1,"enemies":"3 Darklings","floor":48,"turns":4},{"damage":7,"enemies":"Donu and Deca","floor":50,"turns":12},{"damage":24,"enemies":"Awakened One","floor":51,"turns":14},{"damage":5,"enemies":"Shield and Spear","floor":55,"turns":8},{"damage":58,"enemies":"The Heart","floor":56,"turns":10}],"green_key_taken_log":47,"seed_played":"7037797308678094784","neow_bonus_log":{"cardsObtained":[],"cardsUpgraded":[],"cardsRemoved":[],"cardsTransformed":[],"relicsObtained":["Pandora\u0027s Box"],"maxHpGained":0,"goldGained":0,"damageTaken":0,"goldLost":0,"maxHpLost":0},"potions_obtained":[{"floor":1,"key":"SneckoOil"},{"floor":5,"key":"Block Potion"},{"floor":13,"key":"GamblersBrew"},{"floor":16,"key":"FearPotion"},{"floor":18,"key":"Swift Potion"},{"floor":19,"key":"FocusPotion"},{"floor":20,"key":"SpeedPotion"},{"floor":28,"key":"FairyPotion"},{"floor":30,"key":"FairyPotion"},{"floor":33,"key":"EntropicBrew"},{"floor":36,"key":"FocusPotion"}],"is_trial":false,"path_per_floor":["M","?","?","M","M","R","$","R","T","R","E","?","M","?","R","B",null,"M","M","M","?","?","R","?","R","T","$","E","R","M","M","R","B",null,"M","M","?","$","?","E","R","E","T","M","?","M","E","M","R","B","B",null,"R","$","E","B",null],"character_chosen":"DEFECT","items_purchased":["Frozen Eye","Barrage","Master of Strategy","Redo","LiquidMemories"],"campfire_rested":1,"item_purchase_floors":[27,27,38,38,54],"current_hp_per_floor":[58,58,63,63,61,61,61,61,61,61,57,34,26,26,26,26,64,57,57,43,43,43,43,43,43,43,43,34,34,23,23,23,23,63,63,63,63,63,63,63,63,62,62,36,36,35,35,34,34,27,3,58,76,76,71,13],"gold":96,"neow_bonus":"BOSS_RELIC","is_prod":false,"is_daily":false,"rewards_skipped":[{"floor":31,"relics":[],"potions":["Strength Potion"]},{"floor":35,"relics":[],"potions":["ColorlessPotion"]},{"floor":40,"relics":[],"potions":["Weak Potion"]},{"floor":42,"relics":[],"potions":["SkillPotion"]},{"floor":44,"relics":[],"potions":["Dexterity Potion"]},{"floor":46,"relics":[],"potions":["FairyPotion"]},{"floor":47,"relics":[],"potions":["SkillPotion"]},{"floor":48,"relics":[],"potions":["DuplicationPotion"]},{"floor":55,"relics":[],"potions":["FearPotion"]}],"chose_seed":false,"campfire_upgraded":9,"win_rate":0,"floor_exit_playtime":[136,188,191,267,396,402,466,480,510,520,683,687,748,765,772,948,1047,1166,1391,1680,1684,1688,1694,1701,1707,1722,1795,2031,2037,2190,2348,2353,2635,2656,3068,3158,3168,3236,3239,3456,3467,4267,4276,4498,4504,4755,5207,5459,5465,6053,6605,6616,6632,6785,8881,9775],"timestamp":1667261437,"blue_key_relic_skipped_log":{"floor":43,"relicID":"Kunai"},"path_taken":["M","?","?","M","M","R","$","R","T","R","E","?","?","?","R","BOSS","M","M","M","?","?","R","?","R","T","$","E","R","?","M","R","BOSS","M","M","?","?","?","E","R","E","T","M","?","M","E","M","R","BOSS","BOSS","R","$","E","BOSS"],"build_version":"2022-10-04","purchased_purges":0,"victory":true,"max_hp_per_floor":[71,71,76,76,76,76,76,76,76,76,76,76,76,76,76,76,76,76,76,76,76,76,76,76,76,76,76,76,76,76,76,76,76,76,76,76,76,76,76,76,76,76,76,76,76,76,76,76,76,76,76,76,76,76,76,76],"relic_stats":{"Darkstone Periapt":0,"Inserter":[64],"counters":[25,161],"Pen Nib":[2],"Ancient Tea Set":[10],"MawBank":120,"White Beast Statue":[0.0,0.0,0.0,0.4,0.0,0.6000000000000001,0.0,0.0,0.0,0.0,0.0,7.908743680000002],"Mercury Hourglass":[155],"Frozen Eye":2110.122,"Bottled Flame":"Core Surge","Ornamental Fan":[124],"Pandora\u0027s Box":["Steam","Force Field","Compile Driver","Core Surge","Defragment","Echo Form","Seek","Reboot"],"obtain_stats":[{"Darkstone Periapt":40,"Lantern":21,"Inserter":17,"Pen Nib":55,"Ancient Tea Set":26,"MawBank":28,"White Beast Statue":11,"Nuclear Battery":34,"Mercury Hourglass":47,"Frozen Eye":27,"Bottled Flame":9,"Ornamental Fan":42,"Pandora\u0027s Box":0,"Red Mask":39,"Cracked Core":0},{"Darkstone Periapt":16,"Lantern":9,"Inserter":6,"Pen Nib":24,"Ancient Tea Set":9,"MawBank":10,"White Beast Statue":4,"Nuclear Battery":13,"Mercury Hourglass":20,"Frozen Eye":9,"Bottled Flame":3,"Ornamental Fan":17,"Pandora\u0027s Box":0,"Red Mask":15,"Cracked Core":0},{"Darkstone Periapt":90,"Lantern":47,"Inserter":32,"Pen Nib":151,"Ancient Tea Set":47,"MawBank":51,"White Beast Statue":18,"Nuclear Battery":69,"Mercury Hourglass":113,"Frozen Eye":47,"Bottled Flame":12,"Ornamental Fan":95,"Pandora\u0027s Box":0,"Red Mask":79,"Cracked Core":0}]},"card_choices":[{"not_picked":["Undo","Ball Lightning"],"picked":"Cold Snap","floor":1},{"not_picked":["Leap","Sweeping Beam"],"picked":"BootSequence","floor":4},{"not_picked":["Auto Shields","Leap"],"picked":"Conserve Battery","floor":5},{"not_picked":["Leap","BootSequence"],"picked":"Coolheaded","floor":11},{"not_picked":["Beam Cell","Go for the Eyes"],"picked":"Hologram","floor":13},{"not_picked":["Reboot","Meteor Strike"],"picked":"Biased Cognition","floor":16},{"not_picked":["Ball Lightning","Rip and Tear"],"picked":"Sweeping Beam+1","floor":18},{"not_picked":["Stack","Blizzard"],"picked":"Loop","floor":19},{"not_picked":["Steam","Go for the Eyes","Ball Lightning"],"picked":"SKIP","floor":20},{"not_picked":["Recycle","Reinforced Body"],"picked":"Fission","floor":28},{"not_picked":["Hello World","Stack","Capacitor"],"picked":"SKIP","floor":30},{"not_picked":["Loop+1","Ball Lightning"],"picked":"Darkness","floor":31},{"not_picked":["Core Surge","Biased Cognition"],"picked":"Echo Form","floor":33},{"not_picked":["Leap+1","Coolheaded"],"picked":"Go for the Eyes+1","floor":35},{"not_picked":["Gash","Capacitor","Beam Cell+1"],"picked":"SKIP","floor":36},{"not_picked":["Steam Power","Biased Cognition","Redo"],"picked":"SKIP","floor":40},{"not_picked":["Rebound","Streamline"],"picked":"Recycle","floor":42},{"not_picked":["BootSequence","Sunder","FTL"],"picked":"SKIP","floor":44},{"not_picked":["BootSequence","Sunder","FTL"],"picked":"SKIP","floor":44},{"not_picked":["Go for the Eyes","Sweeping Beam+1"],"picked":"Reinforced Body+1","floor":46},{"not_picked":["Rainbow","Hologram"],"picked":"Aggregate+1","floor":47},{"not_picked":["Beam Cell","Rip and Tear","Streamline"],"picked":"SKIP","floor":48},{"not_picked":["Leap","Static Discharge"],"picked":"Core Surge","floor":55}],"player_experience":4317667,"relics_obtained":[{"floor":9,"key":"Bottled Flame"},{"floor":11,"key":"White Beast Statue"},{"floor":26,"key":"Ancient Tea Set"},{"floor":28,"key":"MawBank"},{"floor":40,"key":"Darkstone Periapt"},{"floor":42,"key":"Ornamental Fan"},{"floor":47,"key":"Mercury Hourglass"},{"floor":55,"key":"Pen Nib"}],"event_choices":[{"cards_removed":["Force Field"],"damage_healed":0,"gold_gain":0,"player_choice":"Card Removal","damage_taken":0,"max_hp_gain":0,"max_hp_loss":0,"event_name":"The Cleric","floor":2,"gold_loss":75},{"damage_healed":0,"gold_gain":0,"player_choice":"Donut","damage_taken":0,"max_hp_gain":5,"max_hp_loss":0,"event_name":"Big Fish","floor":3,"gold_loss":0},{"damage_healed":0,"gold_gain":0,"player_choice":"Entered Light","damage_taken":23,"max_hp_gain":0,"max_hp_loss":0,"event_name":"Shining Light","floor":12,"gold_loss":0,"cards_upgraded":["Echo Form","Reboot"]},{"damage_healed":0,"gold_gain":0,"player_choice":"0 cards matched","damage_taken":0,"max_hp_gain":0,"max_hp_loss":0,"event_name":"Match and Keep!","floor":14,"gold_loss":0,"cards_obtained":[]},{"damage_healed":0,"gold_gain":0,"player_choice":"Obtained Relic","damage_taken":0,"relics_obtained":["Lantern"],"max_hp_gain":0,"max_hp_loss":0,"event_name":"Addict","floor":21,"gold_loss":85},{"damage_healed":0,"gold_gain":0,"player_choice":"Ignored","damage_taken":0,"max_hp_gain":0,"max_hp_loss":0,"event_name":"Vampires","floor":22,"gold_loss":0},{"damage_healed":0,"gold_gain":0,"player_choice":"Upgraded","damage_taken":0,"max_hp_gain":0,"max_hp_loss":0,"event_name":"Upgrade Shrine","floor":24,"gold_loss":0,"cards_upgraded":["Hologram"]},{"damage_healed":0,"gold_gain":0,"player_choice":"Upgraded","damage_taken":0,"max_hp_gain":0,"max_hp_loss":0,"event_name":"Upgrade Shrine","floor":37,"gold_loss":0,"cards_upgraded":["Barrage"]},{"damage_healed":0,"gold_gain":0,"player_choice":"Paid","damage_taken":0,"relics_obtained":["Red Mask"],"max_hp_gain":0,"max_hp_loss":0,"event_name":"Tomb of Lord Red Mask","floor":39,"gold_loss":60},{"damage_healed":0,"gold_gain":0,"player_choice":"Ignored","damage_taken":0,"max_hp_gain":0,"max_hp_loss":0,"event_name":"SecretPortal","floor":45,"gold_loss":0}],"is_beta":false,"boss_relics":[{"not_picked":["Fusion Hammer","SlaversCollar"],"picked":"Inserter"},{"not_picked":["Cursed Key","Busted Crown"],"picked":"Nuclear Battery"}],"items_purged_floors":[],"is_endless":false,"potions_floor_spawned":[1,5,13,16,18,19,20,28,30,31,33,35,36,40,42,44,46,47,48,55],"ascension_level":20,"potion_discard_per_floor":[[],[],[],[],[],[],[],[],[],[],[],[],[],[],[],[],[],["FearPotion"],["Swift Potion"],[],[],[],[],[],[],[],[],[],[],[],[],[],["FairyPotion"],[],[],["SteroidPotion"],[],[],[],[],[],[],[],[],[],[],[],[],[],[],[],[],[],["FocusPotion"],[],[],[]]}