{"neow_bonuses_skipped_log":["UPGRADE_CARD","TEN_PERCENT_HP_BONUS","BOSS_RELIC"],"potions_obtained_entropic_brew":[[],[],[],[],[],[],[],[],[],[],[],[],[],[],[],[],[],[],[],[],[],[],[],[],[],[],[],[],[],[],[],[],[],[],[],[],[],[],[],[],[],[],[],[],[]],"neow_costs_skipped_log":["NONE","NONE","NONE"],"gold_per_floor":[114,264,264,264,284,284,316,338,338,372,387,405,4,23,23,96,96,111,90,90,102,27,58,7,24,72,87,87,104,123,154,154,231,281,295,320,333,333,348,382,382,407,407,435,435],"floor_reached":45,"playtime":5535,"items_purged":["Pain"],"score":1510,"play_id":"fe40cb7d-8e09-4502-b6c9-0e185471effa","local_time":"20221115202849","score_breakdown":["Floors Climbed (45): 225","Enemies Slain (15): 30","Exordium Elites Killed (2): 20","City Elites Killed (2): 40","Beyond Elites Killed (3): 90","Bosses Slain (2): 150","Collector (1): 25","Librarian: 25","Champion (4): 100","Perfect (1): 50","Overkill: 25","Ascension (20): 730"],"is_ascension_mode":true,"potions_obtained_alchemize":[[],[],[],[],[],[],[],[],[],[],[],[],[],[],[],[],[],[],[],[],[],[],[],[],[],[],[],[],[],[],[],[],[],[],[],[],[],[],[],[],[],[],[],[],[]],"campfire_choices":[{"data":"Sunder","floor":6,"key":"SMITH"},{"data":"Coolheaded","floor":15,"key":"SMITH"},{"floor":28,"key":"REST"},{"data":"Coolheaded","floor":32,"key":"SMITH"},{"floor":41,"key":"RECALL"}],"lesson_learned_per_floor":[[],[],[],[],[],[],[],[],[],[],[],[],[],[],[],[],[],[],[],[],[],[],[],[],[],[],[],[],[],[],[],[],[],[],[],[],[],[],[],[],[],[],[],[],[]],"neow_cost":"TEN_PERCENT_HP_LOSS","improvable_cards":{},"seed_source_timestamp":9997777295680,"shop_contents":[{"floor":13,"relics":["Toy Ornithopter","Medical Kit"],"cards":["Barrage","FTL","Steam Power","Steam","Forethought","Sadistic Nature"],"potions":["Explosive Potion","PowerPotion"]},{"floor":22,"relics":["Shuriken","Mummified Hand","Lee\u0027s Waffle"],"cards":["Barrage","Melter","Conserve Battery","Chill","Static Discharge","Panacea","Secret Weapon"],"potions":["Swift Potion","SmokeBomb","ColorlessPotion"]},{"floor":24,"relics":["Unceasing Top","Ginger","DollysMirror"],"cards":["Blizzard","Scrape","Steam","Electrodynamics","Swift Strike","Secret Technique"],"potions":["EntropicBrew","DuplicationPotion","BlessingOfTheForge"]}],"circlet_count":0,"master_deck":["AscendersBane","Strike_B","Strike_B","Strike_B","Strike_B+1","Defend_B","Defend_B","Defend_B","Zap","Dualcast","Electrodynamics","Coolheaded","Sunder+1","Echo Form","Conserve Battery","Coolheaded+1","Coolheaded+1","Echo Form","Ball Lightning","Aggregate","Steam","Beam Cell+1","Stack","Coolheaded","Undo","Core Surge","Reinforced Body","Meteor Strike","Redo","Steam+1","Turbo","Skim","Turbo","Compile Driver","Conserve Battery+1"],"potion_use_per_floor":[[],[],[],[],[],[],[],[],[],["Regen Potion"],[],[],[],[],[],["LiquidBronze"],[],[],[],[],["SkillPotion"],[],[],[],["ColorlessPotion","Fire Potion"],[],[],[],[],[],["GamblersBrew","AttackPotion"],[],[],[],[],[],[],[],[],["LiquidMemories"],[],["FearPotion"],[],[],["FocusPotion"]],"relics":["Cracked Core","Potion Belt","Odd Mushroom","Happy Flower","Anchor","Lantern","Black Star","WarpedTongs","Bag of Marbles","Pen Nib","Vajra","Regal Pillow","Centennial Puzzle","Tiny House","Thread and Needle","DataDisk","Bottled Tornado","Ancient Tea Set","Pear","Blood Vial","StrikeDummy"],"potions_floor_usage":[10,16,21,25,25,31,31,40,42,45],"damage_taken":[{"damage":2,"enemies":"Jaw Worm","floor":1,"turns":4},{"damage":0,"enemies":"Small Slimes","floor":5,"turns":2},{"damage":29,"enemies":"Gremlin Nob","floor":7,"turns":4},{"damage":14,"enemies":"The Mushroom Lair","floor":8,"turns":3},{"damage":0,"enemies":"Lagavulin","floor":10,"turns":4},{"damage":0,"enemies":"Cultist","floor":11,"turns":3},{"damage":0,"enemies":"2 Fungi Beasts","floor":12,"turns":4},{"damage":0,"enemies":"Lots of Slimes","floor":14,"turns":1},{"damage":20,"enemies":"Hexaghost","floor":16,"turns":9},{"damage":0,"enemies":"Spheric Guardian","floor":18,"turns":4},{"damage":10,"enemies":"2 Thieves","floor":19,"turns":4},{"damage":6,"enemies":"Centurion and Healer","floor":21,"turns":5},{"damage":0,"enemies":"Gremlin Leader","floor":23,"turns":6},{"damage":2,"enemies":"Chosen and Byrds","floor":25,"turns":5},{"damage":7,"enemies":"Shelled Parasite and Fungi","floor":27,"turns":4},{"damage":7,"enemies":"Centurion and Healer","floor":29,"turns":6},{"damage":0,"enemies":"Snake Plant","floor":30,"turns":1},{"damage":0,"enemies":"Slavers","floor":31,"turns":5},{"damage":0,"enemies":"Champ","floor":33,"turns":9},{"damage":11,"enemies":"3 Darklings","floor":35,"turns":9},{"damage":0,"enemies":"Mind Bloom Boss Battle","floor":36,"turns":6},{"damage":0,"enemies":"3 Shapes","floor":37,"turns":6},{"damage":8,"enemies":"Sphere and 2 Shapes","floor":39,"turns":6},{"damage":2,"enemies":"Nemesis","floor":40,"turns":13},{"damage":0,"enemies":"Giant Head","floor":42,"turns":7},{"damage":50,"enemies":"Reptomancer","floor":44,"turns":8},{"damage":7,"enemies":"Transient","floor":45,"turns":3}],"green_key_taken_log":31,"seed_played":"2494304667040059436","neow_bonus_log":{"cardsObtained":[],"cardsUpgraded":[],"cardsRemoved":[],"cardsTransformed":[],"relicsObtained":[],"maxHpGained":0,"goldGained":0,"damageTaken":0,"goldLost":0,"maxHpLost":7},"potions_obtained":[{"floor":5,"key":"Regen Potion"},{"floor":8,"key":"SkillPotion"},{"floor":11,"key":"LiquidBronze"},{"floor":14,"key":"GamblersBrew"},{"floor":19,"key":"ColorlessPotion"},{"floor":25,"key":"EssenceOfSteel"},{"floor":27,"key":"AttackPotion"},{"floor":29,"key":"FocusPotion"},{"floor":30,"key":"PotionOfCapacity"},{"floor":34,"key":"FearPotion"},{"floor":36,"key":"SteroidPotion"},{"floor":37,"key":"LiquidMemories"},{"floor":44,"key":"Ancient Potion"}],"is_trial":false,"path_per_floor":["M","?","?","?","M","R","E","?","T","E","M","M","$","M","R","B",null,"M","M","?","M","$","E","$","M","T","M","R","M","M","E","R","B",null,"M","?","M","?","M","E","R","E","T","E","M"],"character_chosen":"DEFECT","items_purchased":["Echo Form","Lantern","Fire Potion","Coolheaded"],"campfire_rested":1,"item_purchase_floors":[13,13,13,24],"current_hp_per_floor":[62,62,62,62,62,62,33,19,19,31,31,31,31,31,31,11,51,51,41,41,35,35,35,35,33,33,26,45,38,38,38,38,38,63,52,52,52,52,44,42,42,52,52,2,0],"gold":435,"neow_bonus":"THREE_RARE_CARDS","is_prod":false,"is_daily":false,"rewards_skipped":[{"floor":39,"relics":[],"potions":["SmokeBomb"]}],"chose_seed":false,"campfire_upgraded":3,"win_rate":0,"floor_exit_playtime":[95,179,221,250,307,315,455,555,558,625,687,745,898,980,986,1246,1422,1514,1648,1699,1887,1898,2058,2069,2291,2295,2428,2433,2561,2636,2823,2848,3129,3286,3591,3755,3945,3949,4065,4571,4575,4987,5044,5343],"timestamp":1668562129,"blue_key_relic_skipped_log":{"floor":43,"relicID":"Calipers"},"path_taken":["M","?","?","?","?","R","E","?","T","E","M","M","$","M","R","BOSS","M","M","?","?","$","E","?","?","T","M","R","M","M","E","R","BOSS","M","?","M","?","M","E","R","E","T","E","M"],"build_version":"2022-10-04","purchased_purges":1,"victory":false,"max_hp_per_floor":[64,64,64,64,64,64,64,64,64,64,64,64,64,64,64,64,64,64,64,64,64,64,64,64,64,64,64,64,64,64,64,64,64,69,69,69,69,69,69,69,69,79,79,79,79],"relic_stats":{"Blood Vial":2,"Regal Pillow":0,"Centennial Puzzle":[12],"Happy Flower":[42],"counters":[27,141],"Pen Nib":[11],"Black Star":5,"Bottled Tornado":"Echo Form","Ancient Tea Set":[0],"obtain_stats":[{"Potion Belt":7,"Lantern":13,"Regal Pillow":31,"Tiny House":34,"Pear":42,"Happy Flower":9,"Vajra":26,"Thread and Needle":36,"Pen Nib":23,"Odd Mushroom":8,"Bottled Tornado":40,"Ancient Tea Set":42,"WarpedTongs":20,"Blood Vial":44,"Anchor":10,"Centennial Puzzle":31,"DataDisk":40,"Black Star":17,"Bag of Marbles":23,"Cracked Core":0,"StrikeDummy":44},{"Potion Belt":3,"Lantern":7,"Regal Pillow":18,"Tiny House":19,"Pear":25,"Happy Flower":4,"Vajra":14,"Thread and Needle":21,"Pen Nib":13,"Odd Mushroom":4,"Bottled Tornado":24,"Ancient Tea Set":25,"WarpedTongs":11,"Blood Vial":26,"Anchor":5,"Centennial Puzzle":18,"DataDisk":24,"Black Star":9,"Bag of Marbles":13,"Cracked Core":0,"StrikeDummy":26},{"Potion Belt":10,"Lantern":24,"Regal Pillow":74,"Tiny House":83,"Pear":130,"Happy Flower":13,"Vajra":58,"Thread and Needle":98,"Pen Nib":53,"Odd Mushroom":13,"Bottled Tornado":123,"Ancient Tea Set":130,"WarpedTongs":42,"Blood Vial":138,"Anchor":17,"Centennial Puzzle":74,"DataDisk":123,"Black Star":34,"Bag of Marbles":53,"Cracked Core":0,"StrikeDummy":138}],"WarpedTongs":[99]},"card_choices":[{"not_picked":["Meteor Strike","Fission"],"picked":"Electrodynamics","floor":0},{"not_picked":["Turbo","Leap"],"picked":"Coolheaded","floor":1},{"not_picked":["Recycle","Ball Lightning"],"picked":"Sunder","floor":5},{"not_picked":["Steam","Coolheaded"],"picked":"Echo Form","floor":7},{"not_picked":["Streamline","Leap"],"picked":"Conserve Battery","floor":8},{"not_picked":["Conserve Battery","Barrage"],"picked":"Coolheaded","floor":10},{"not_picked":["Consume","Conserve Battery"],"picked":"Coolheaded","floor":11},{"not_picked":["Gash","Blizzard","Sweeping Beam"],"picked":"SKIP","floor":12},{"not_picked":["Gash","Redo"],"picked":"Ball Lightning","floor":14},{"not_picked":["Rip and Tear","Leap"],"picked":"Aggregate","floor":18},{"not_picked":["Scrape+1","Streamline"],"picked":"Steam","floor":19},{"not_picked":["Reprogram","Leap"],"picked":"Beam Cell+1","floor":21},{"not_picked":["Conserve Battery","Electrodynamics"],"picked":"Stack","floor":23},{"not_picked":["Barrage","Sweeping Beam","Streamline"],"picked":"SKIP","floor":25},{"not_picked":["Storm","Streamline"],"picked":"Undo","floor":27},{"not_picked":["Streamline","Conserve Battery","Ball Lightning"],"picked":"SKIP","floor":29},{"not_picked":["Double Energy+1","Doom and Gloom+1"],"picked":"Core Surge","floor":30},{"not_picked":["Beam Cell","Conserve Battery"],"picked":"Reinforced Body","floor":31},{"not_picked":["Echo Form","Buffer"],"picked":"Meteor Strike","floor":33},{"not_picked":["Streamline","Conserve Battery"],"picked":"Redo","floor":34},{"not_picked":["Barrage","Streamline"],"picked":"Steam+1","floor":35},{"not_picked":["Undo+1","Heatsinks"],"picked":"Turbo","floor":36},{"not_picked":["Gash+1","BootSequence","Turbo"],"picked":"SKIP","floor":37},{"not_picked":["Reinforced Body+1","Double Energy"],"picked":"Skim","floor":39},{"not_picked":["Stack","Amplify"],"picked":"Turbo","floor":40},{"not_picked":["Darkness","Rebound"],"picked":"Compile Driver","floor":42},{"not_picked":["Redo","Auto Shields"],"picked":"Conserve Battery+1","floor":44}],"player_experience":4450312,"relics_obtained":[{"floor":7,"key":"Potion Belt"},{"floor":8,"key":"Odd Mushroom"},{"floor":9,"key":"Happy Flower"},{"floor":10,"key":"Anchor"},{"floor":23,"key":"Bag of Marbles"},{"floor":23,"key":"Pen Nib"},{"floor":26,"key":"Vajra"},{"floor":31,"key":"Regal Pillow"},{"floor":31,"key":"Centennial Puzzle"},{"floor":36,"key":"Thread and Needle"},{"floor":40,"key":"DataDisk"},{"floor":40,"key":"Bottled Tornado"},{"floor":42,"key":"Ancient Tea Set"},{"floor":42,"key":"Pear"},{"floor":44,"key":"Blood Vial"},{"floor":44,"key":"StrikeDummy"}],"event_choices":[{"damage_healed":0,"gold_gain":150,"player_choice":"AGREE","damage_taken":0,"max_hp_gain":0,"max_hp_loss":0,"event_name":"Liars Game","floor":2,"gold_loss":0,"cards_obtained":["Doubt"]},{"cards_removed":["Doubt"],"damage_healed":0,"gold_gain":0,"player_choice":"Forget","damage_taken":0,"max_hp_gain":0,"max_hp_loss":0,"event_name":"Living Wall","floor":3,"gold_loss":0},{"cards_removed":["Defend_B"],"damage_healed":0,"gold_gain":0,"player_choice":"Purged","damage_taken":0,"max_hp_gain":0,"max_hp_loss":0,"event_name":"Purifier","floor":4,"gold_loss":0},{"damage_healed":0,"gold_gain":0,"player_choice":"Fought Mushrooms","damage_taken":0,"max_hp_gain":0,"max_hp_loss":0,"event_name":"Mushrooms","floor":8,"gold_loss":0},{"damage_healed":0,"gold_gain":0,"player_choice":"Rummage","damage_taken":0,"relics_obtained":["WarpedTongs"],"max_hp_gain":0,"max_hp_loss":0,"event_name":"Accursed Blacksmith","floor":20,"gold_loss":0,"cards_obtained":["Pain"]},{"damage_healed":0,"gold_gain":0,"player_choice":"Fight","damage_taken":0,"max_hp_gain":0,"max_hp_loss":0,"event_name":"MindBloom","floor":36,"gold_loss":0},{"damage_healed":0,"gold_gain":0,"player_choice":"Ignored","damage_taken":0,"max_hp_gain":0,"max_hp_loss":0,"event_name":"Tomb of Lord Red Mask","floor":38,"gold_loss":0}],"is_beta":false,"boss_relics":[{"not_picked":["SlaversCollar","Ectoplasm"],"picked":"Black Star"},{"not_picked":["Runic Dome","Sozu"],"picked":"Tiny House"}],"items_purged_floors":[22],"is_endless":false,"potions_floor_spawned":[5,8,11,14,19,25,27,29,30,36,37,39,44],"killed_by":"Transient","ascension_level":20,"potion_discard_per_floor":[[],[],[],[],[],[],[],[],[],[],[],[],[],[],[],[],[],[],[],[],[],[],[],[],[],[],[],[],[],["EssenceOfSteel"],[],[],[],[],[],[],["SteroidPotion"],[],[],[],[],[],[],[],[]]}