{"neow_bonuses_skipped_log":["REMOVE_CARD","TEN_PERCENT_HP_BONUS","ONE_RARE_RELIC"],"neow_costs_skipped_log":["NONE","NONE","CURSE"],"potions_obtained_entropic_brew":[[],[],[],[],[],[],[],[]],"gold_per_floor":[110,121,140,150,169,169,201,201],"floor_reached":8,"playtime":644,"items_purged":[],"score":170,"play_id":"f1a2e4c6-2640-43e5-9d9b-ac29eb23b5b8","local_time":"20221111183454","score_breakdown":["Floors Climbed (8): 40","Enemies Slain (5): 10","Exordium Elites Killed (1): 10","Bosses Slain (0): 0","Champion (1): 25","Ascension (20): 85"],"is_ascension_mode":true,"potions_obtained_alchemize":[[],[],[],[],[],[],[],[]],"campfire_choices":[{"data":"Defragment","floor":6,"key":"SMITH"}],"lesson_learned_per_floor":[[],[],[],[],[],[],[],[]],"neow_cost":"NONE","improvable_cards":{},"seed_source_timestamp":14312665219653,"shop_contents":[],"circlet_count":0,"master_deck":["AscendersBane","Strike_B","Strike_B","Strike_B","Strike_B","Defend_B","Defend_B","Defend_B","Defend_B","Zap","Dualcast","Skim","Defragment+1","Reinforced Body","Compile Driver","Biased Cognition","Undo"],"potion_use_per_floor":[[],[],[],[],["Swift Potion"],[],[],["BlessingOfTheForge"]],"relics":["Nuclear Battery","Blue Candle"],"potions_floor_usage":[5,8],"damage_taken":[{"damage":1,"enemies":"Cultist","floor":1,"turns":4},{"damage":2,"enemies":"Jaw Worm","floor":2,"turns":3},{"damage":4,"enemies":"Small Slimes","floor":3,"turns":3},{"damage":0,"enemies":"Looter","floor":4,"turns":4},{"damage":16,"enemies":"Large Slime","floor":5,"turns":6},{"damage":0,"enemies":"Lagavulin","floor":7,"turns":7},{"damage":50,"enemies":"Gremlin Gang","floor":8,"turns":4}],"seed_played":"9144871631247436038","neow_bonus_log":{"cardsObtained":[],"cardsUpgraded":[],"cardsRemoved":[],"cardsTransformed":[],"relicsObtained":["Nuclear Battery"],"maxHpGained":0,"goldGained":0,"damageTaken":0,"goldLost":0,"maxHpLost":0},"potions_obtained":[{"floor":2,"key":"Swift Potion"},{"floor":5,"key":"BlessingOfTheForge"}],"is_trial":false,"path_per_floor":["M","M","M","M","M","R","E","M"],"character_chosen":"DEFECT","items_purchased":[],"campfire_rested":0,"item_purchase_floors":[],"current_hp_per_floor":[63,61,57,57,41,41,41,0],"gold":201,"neow_bonus":"BOSS_RELIC","is_prod":false,"is_daily":false,"rewards_skipped":[],"chose_seed":false,"campfire_upgraded":1,"win_rate":0,"floor_exit_playtime":[92,154,186,228,332,338,413],"timestamp":1668209694,"path_taken":["M","M","?","M","M","R","E","M"],"build_version":"2022-10-04","purchased_purges":0,"victory":false,"max_hp_per_floor":[71,71,71,71,71,71,71,71],"relic_stats":{"counters":[7,31],"Blue Candle":[0],"obtain_stats":[{"Blue Candle":7,"Cracked Core":0,"Nuclear Battery":0},{"Blue Candle":6,"Cracked Core":0,"Nuclear Battery":0},{"Blue Candle":27,"Cracked Core":0,"Nuclear Battery":0}]},"card_choices":[{"not_picked":["Rebound","Go for the Eyes"],"picked":"Skim","floor":1},{"not_picked":["Ball Lightning","Cold Snap"],"picked":"Defragment","floor":2},{"not_picked":["Storm","Barrage"],"picked":"Reinforced Body","floor":3},{"not_picked":["Barrage","Conserve Battery"],"picked":"Compile Driver","floor":4},{"not_picked":["Turbo","Reprogram"],"picked":"Biased Cognition","floor":5},{"not_picked":["Turbo","Storm"],"picked":"Undo","floor":7}],"player_experience":4418791,"relics_obtained":[{"floor":7,"key":"Blue Candle"}],"event_choices":[],"is_beta":false,"boss_relics":[],"items_purged_floors":[],"is_endless":false,"potions_floor_spawned":[2,5],"killed_by":"Gremlin Gang","ascension_level":20,"potion_discard_per_floor":[[],[],[],[],[],[],[],[]]}