{"neow_bonuses_skipped_log":["ONE_RANDOM_RARE_CARD","THREE_RARE_CARDS","BOSS_RELIC"],"neow_costs_skipped_log":["NONE","PERCENT_DAMAGE","NONE"],"potions_obtained_entropic_brew":[[],[],[],[],[],[],[],[],[],[],[],[],[],[],[],[],[],[],[],[],[],[],[],[],[]],"gold_per_floor":[113,123,135,152,163,163,192,192,219,252,268,299,299,20,20,95,95,109,34,34,51,61,61,61,61],"floor_reached":25,"playtime":2345,"items_purged":[],"score":471,"play_id":"a924cd6e-3e41-4649-b3f1-0735f7d68165","local_time":"20221120160856","score_breakdown":["Floors Climbed (25): 125","Enemies Slain (9): 18","Exordium Elites Killed (3): 30","City Elites Killed (0): 0","Bosses Slain (1): 50","Collector (1): 25","Ascension (20): 223"],"is_ascension_mode":true,"potions_obtained_alchemize":[[],[],[],[],[],[],[],[],[],[],[],[],[],[],[],[],[],[],[],[],[],[],[],[],[]],"campfire_choices":[{"data":"Streamline","floor":6,"key":"SMITH"},{"data":"Sunder","floor":15,"key":"SMITH"},{"data":"Fusion","floor":23,"key":"SMITH"}],"lesson_learned_per_floor":[[],[],[],[],[],[],[],[],[],[],[],[],[],[],[],[],[],[],[],[],[],[],[],[],[]],"neow_cost":"NONE","improvable_cards":{},"seed_source_timestamp":8197348879308,"shop_contents":[{"floor":14,"relics":["Cables","Runic Capacitor"],"cards":["Sunder","Cold Snap","Stack","Consume","Heatsinks","Good Instincts","Master of Strategy"],"potions":["Fruit Juice","Block Potion","LiquidBronze"]}],"circlet_count":0,"master_deck":["AscendersBane","Defend_B","Defend_B","Defend_B","Defend_B","Dualcast","Conserve Battery","Coolheaded","Streamline+1","Ball Lightning","Compile Driver","Compile Driver","Buffer","Coolheaded","Sunder+1","All For One","CurseOfTheBell","Auto Shields","Beam Cell","Writhe","Fusion+1","Coolheaded","Electrodynamics","Chaos+1","Bite","Bite","Bite","Bite","Bite"],"potion_use_per_floor":[[],[],[],[],[],[],["Swift Potion"],[],[],[],[],[],[],[],[],["FocusPotion"],[],[],[],[],[],[],[],[],["Regen Potion","Ancient Potion"]],"relics":["Cracked Core","Ancient Tea Set","Torii","Anchor","Juzu Bracelet","Pear","Meat on the Bone","Calling Bell","Toy Ornithopter","Darkstone Periapt","Prayer Wheel","Shuriken"],"potions_floor_usage":[7,16,25,25],"damage_taken":[{"damage":1,"enemies":"Small Slimes","floor":1,"turns":3},{"damage":7,"enemies":"Jaw Worm","floor":2,"turns":3},{"damage":0,"enemies":"2 Louse","floor":3,"turns":4},{"damage":11,"enemies":"Large Slime","floor":4,"turns":6},{"damage":9,"enemies":"3 Louse","floor":5,"turns":3},{"damage":8,"enemies":"Gremlin Nob","floor":7,"turns":3},{"damage":12,"enemies":"3 Sentries","floor":10,"turns":5},{"damage":0,"enemies":"2 Fungi Beasts","floor":11,"turns":3},{"damage":10,"enemies":"Lagavulin","floor":12,"turns":10},{"damage":13,"enemies":"Hexaghost","floor":16,"turns":8},{"damage":42,"enemies":"Shell Parasite","floor":18,"turns":8},{"damage":19,"enemies":"Spheric Guardian","floor":21,"turns":7},{"damage":7,"enemies":"Snake Plant","floor":22,"turns":4},{"damage":83,"enemies":"Book of Stabbing","floor":25,"turns":5}],"seed_played":"3258940813724159383","neow_bonus_log":{"cardsObtained":[],"cardsUpgraded":[],"cardsRemoved":[],"cardsTransformed":[],"relicsObtained":["Ancient Tea Set"],"maxHpGained":0,"goldGained":0,"damageTaken":0,"goldLost":0,"maxHpLost":0},"potions_obtained":[{"floor":1,"key":"FocusPotion"},{"floor":5,"key":"Swift Potion"},{"floor":11,"key":"Ancient Potion"},{"floor":16,"key":"Regen Potion"}],"is_trial":false,"path_per_floor":["M","M","M","M","M","R","E","?","T","E","M","E","?","$","R","B",null,"M","?","?","M","M","R","?","E"],"character_chosen":"DEFECT","items_purchased":["Meat on the Bone"],"campfire_rested":0,"item_purchase_floors":[14],"current_hp_per_floor":[63,56,56,45,36,36,28,28,28,18,20,22,49,49,49,50,73,45,45,51,46,53,53,53,0],"gold":61,"neow_bonus":"RANDOM_COMMON_RELIC","is_prod":false,"is_daily":false,"rewards_skipped":[{"floor":21,"relics":[],"potions":["Regen Potion"]}],"chose_seed":false,"campfire_upgraded":3,"win_rate":0,"floor_exit_playtime":[163,199,251,342,409,415,479,526,559,640,680,936,973,1039,1051,1247,1425,1614,1648,1670,1823,1934,1953,1973],"timestamp":1668978536,"path_taken":["M","M","M","M","M","R","E","?","T","E","M","E","?","?","R","BOSS","M","?","?","M","M","R","?","E"],"build_version":"2022-10-04","purchased_purges":0,"victory":false,"max_hp_per_floor":[71,71,71,71,71,71,71,71,71,71,71,81,81,81,81,81,81,81,81,87,87,87,87,87,87],"relic_stats":{"Darkstone Periapt":6,"Torii":50,"counters":[14,72],"Shuriken":[4],"Prayer Wheel":3,"Juzu Bracelet":0,"Ancient Tea Set":[6],"obtain_stats":[{"Darkstone Periapt":17,"Pear":12,"Torii":7,"Juzu Bracelet":10,"Ancient Tea Set":0,"Blood Vial":9,"Calling Bell":17,"Anchor":8,"Shuriken":20,"Prayer Wheel":17,"Cracked Core":0,"Toy Ornithopter":17,"Meat on the Bone":14},{"Darkstone Periapt":10,"Pear":9,"Torii":6,"Juzu Bracelet":7,"Ancient Tea Set":0,"Blood Vial":6,"Calling Bell":10,"Anchor":6,"Shuriken":11,"Prayer Wheel":10,"Cracked Core":0,"Toy Ornithopter":10,"Meat on the Bone":9},{"Darkstone Periapt":48,"Pear":40,"Torii":22,"Juzu Bracelet":27,"Ancient Tea Set":0,"Blood Vial":22,"Calling Bell":48,"Anchor":22,"Shuriken":56,"Prayer Wheel":48,"Cracked Core":0,"Toy Ornithopter":48,"Meat on the Bone":40}],"Toy Ornithopter":10,"Meat on the Bone":48},"card_choices":[{"not_picked":["Beam Cell","Steam Power"],"picked":"Conserve Battery","floor":1},{"not_picked":["Stack","Hologram"],"picked":"Coolheaded","floor":2},{"not_picked":["Beam Cell","Gash"],"picked":"Streamline","floor":3},{"not_picked":["Barrage","Turbo"],"picked":"Ball Lightning","floor":4},{"not_picked":["Reinforced Body","Sweeping Beam"],"picked":"Compile Driver","floor":5},{"not_picked":["Scrape","Reinforced Body"],"picked":"Compile Driver","floor":7},{"not_picked":["Blizzard","Chill"],"picked":"Buffer","floor":10},{"not_picked":["Redo","Turbo"],"picked":"Coolheaded","floor":11},{"not_picked":["Heatsinks","Recycle"],"picked":"Sunder","floor":12},{"not_picked":["Buffer","Rainbow"],"picked":"All For One","floor":16},{"not_picked":["Lockon","Rebound"],"picked":"Auto Shields","floor":18},{"not_picked":["Rebound","Sweeping Beam"],"picked":"Beam Cell","floor":18},{"not_picked":["Sweeping Beam","Tempest"],"picked":"Fusion","floor":21},{"not_picked":["Conserve Battery","Ball Lightning"],"picked":"Coolheaded","floor":21},{"not_picked":["Undo+1","Genetic Algorithm"],"picked":"Electrodynamics","floor":22},{"not_picked":["Gash","Melter"],"picked":"Chaos+1","floor":22}],"player_experience":4493463,"relics_obtained":[{"floor":7,"key":"Torii"},{"floor":9,"key":"Blood Vial"},{"floor":10,"key":"Juzu Bracelet"},{"floor":12,"key":"Pear"},{"floor":17,"key":"Toy Ornithopter"},{"floor":17,"key":"Darkstone Periapt"},{"floor":17,"key":"Prayer Wheel"}],"event_choices":[{"damage_healed":0,"gold_gain":0,"player_choice":"Searched \u00272\u0027 times","damage_taken":0,"relics_obtained":["Anchor"],"max_hp_gain":0,"max_hp_loss":0,"event_name":"Dead Adventurer","floor":8,"gold_loss":0},{"damage_healed":0,"gold_gain":0,"player_choice":"Searched \u00272\u0027 times","damage_taken":0,"relics_obtained":["Anchor"],"max_hp_gain":0,"max_hp_loss":0,"event_name":"Dead Adventurer","floor":8,"gold_loss":0},{"damage_healed":27,"gold_gain":0,"player_choice":"Banana","damage_taken":0,"max_hp_gain":0,"max_hp_loss":0,"event_name":"Big Fish","floor":13,"gold_loss":0},{"cards_removed":["Zap"],"damage_healed":0,"gold_gain":0,"player_choice":"Gave Gold","damage_taken":0,"max_hp_gain":0,"max_hp_loss":0,"event_name":"Beggar","floor":19,"gold_loss":75},{"damage_healed":0,"gold_gain":0,"player_choice":"Opened","damage_taken":0,"relics_obtained":["Shuriken"],"max_hp_gain":0,"max_hp_loss":0,"event_name":"The Mausoleum","floor":20,"gold_loss":0,"cards_obtained":["Writhe"]},{"damage_healed":0,"gold_gain":0,"player_choice":"Became a vampire (Vial)","damage_taken":0,"max_hp_gain":0,"max_hp_loss":0,"event_name":"Vampires","floor":24,"relics_lost":["Blood Vial"],"gold_loss":0,"cards_obtained":["Bite","Bite","Bite","Bite","Bite"]}],"is_beta":false,"boss_relics":[{"not_picked":["Busted Crown","Velvet Choker"],"picked":"Calling Bell"}],"items_purged_floors":[],"is_endless":false,"potions_floor_spawned":[1,5,11,16,21],"killed_by":"Book of Stabbing","ascension_level":20,"potion_discard_per_floor":[[],[],[],[],[],[],[],[],[],[],[],[],[],[],[],[],[],[],[],[],[],[],[],[],[]]}