{"neow_bonuses_skipped_log":["TEN_PERCENT_HP_BONUS"],"potions_obtained_entropic_brew":[[],[],[],[],[],[],[],[],[],[],[],[],[],[],[],[],[],[],[],[],[],[],[],[],[],[],[]],"neow_costs_skipped_log":["NONE"],"gold_per_floor":[112,126,126,144,156,156,190,190,190,190,21,32,51,80,80,157,157,168,168,186,26,26,51,51,78,78,78],"floor_reached":27,"playtime":2696,"items_purged":[],"score":522,"play_id":"e588867b-ad75-4bbd-82b3-754e1b04bf90","local_time":"20221110184905","score_breakdown":["Floors Climbed (27): 135","Enemies Slain (8): 16","Exordium Elites Killed (2): 20","City Elites Killed (2): 40","Bosses Slain (1): 50","Ascension (20): 261"],"is_ascension_mode":true,"potions_obtained_alchemize":[[],[],[],[],[],[],[],[],[],[],[],[],[],[],[],[],[],[],[],[],[],[],[],[],[],[],[]],"campfire_choices":[{"data":"Dualcast","floor":6,"key":"SMITH"},{"data":"Zap","floor":8,"key":"SMITH"},{"data":"Aggregate","floor":15,"key":"SMITH"},{"data":"Defragment","floor":24,"key":"SMITH"}],"lesson_learned_per_floor":[[],[],[],[],[],[],[],[],[],[],[],[],[],[],[],[],[],[],[],[],[],[],[],[],[],[],[]],"neow_cost":"NONE","improvable_cards":{"Genetic Algorithm":[15]},"seed_source_timestamp":19972101981720,"shop_contents":[{"floor":11,"relics":["Happy Flower","TheAbacus"],"cards":["Thunder Strike","Lockon","Reboot","Conserve Battery","Hello World","Jack Of All Trades","Panache"],"potions":["Dexterity Potion","PowerPotion","ColorlessPotion"]},{"floor":21,"relics":["Ice Cream","Mummified Hand"],"cards":["Gash","Blizzard","Coolheaded","Genetic Algorithm","Hello World","Deep Breath","Thinking Ahead"],"potions":["Fire Potion","AttackPotion","SkillPotion"]}],"circlet_count":0,"master_deck":["AscendersBane","Strike_B","Strike_B","Strike_B","Defend_B","Defend_B","Defend_B","Zap+1","Dualcast+1","Coolheaded","Undo","Amplify","Scrape","Ball Lightning","Electrodynamics","Aggregate+1","Genetic Algorithm","Hologram","Echo Form","Redo+1","Defragment+1","Self Repair","Loop","Hologram+1","Go for the Eyes"],"potion_use_per_floor":[[],[],[],[],[],[],["Strength Potion"],[],[],[],[],[],[],[],[],["LiquidBronze","FearPotion"],[],[],[],[],[],[],[],[],["Fire Potion"],[],["DuplicationPotion"]],"relics":["Cracked Core","NeowsBlessing","Anchor","Pantograph","Sundial","Centennial Puzzle","Bronze Scales","Cursed Key","OrangePellets","Dream Catcher","Cables"],"potions_floor_usage":[7,16,16,25,27],"damage_taken":[{"damage":0,"enemies":"Small Slimes","floor":1,"turns":1},{"damage":0,"enemies":"Cultist","floor":2,"turns":1},{"damage":0,"enemies":"2 Louse","floor":4,"turns":1},{"damage":3,"enemies":"Blue Slaver","floor":5,"turns":4},{"damage":34,"enemies":"Gremlin Nob","floor":7,"turns":4},{"damage":0,"enemies":"Exordium Thugs","floor":12,"turns":2},{"damage":0,"enemies":"2 Fungi Beasts","floor":13,"turns":2},{"damage":12,"enemies":"Lagavulin","floor":14,"turns":6},{"damage":25,"enemies":"Hexaghost","floor":16,"turns":8},{"damage":13,"enemies":"Spheric Guardian","floor":18,"turns":6},{"damage":1,"enemies":"2 Thieves","floor":20,"turns":3},{"damage":35,"enemies":"Book of Stabbing","floor":23,"turns":5},{"damage":17,"enemies":"Slavers","floor":25,"turns":4},{"damage":8,"enemies":"Cultist and Chosen","floor":27,"turns":2}],"seed_played":"6649441253708949203","neow_bonus_log":{"cardsObtained":[],"cardsUpgraded":[],"cardsRemoved":[],"cardsTransformed":[],"relicsObtained":["NeowsBlessing"],"maxHpGained":0,"goldGained":0,"damageTaken":0,"goldLost":0,"maxHpLost":0},"potions_obtained":[{"floor":1,"key":"Strength Potion"},{"floor":5,"key":"PotionOfCapacity"},{"floor":7,"key":"FearPotion"},{"floor":13,"key":"LiquidBronze"},{"floor":20,"key":"DuplicationPotion"},{"floor":23,"key":"Fire Potion"}],"is_trial":false,"path_per_floor":["M","M","?","M","M","R","E","R","T","?","$","M","M","E","R","B",null,"M","?","M","$","?","E","R","E","T","M"],"character_chosen":"DEFECT","items_purchased":["Centennial Puzzle","OrangePellets"],"campfire_rested":0,"item_purchase_floors":[11,21],"current_hp_per_floor":[64,64,64,64,61,61,27,27,27,22,22,22,22,10,10,10,56,43,43,42,42,42,21,21,4,4,0],"gold":78,"neow_bonus":"THREE_ENEMY_KILL","is_prod":false,"is_daily":false,"rewards_skipped":[],"chose_seed":false,"campfire_upgraded":4,"win_rate":0,"floor_exit_playtime":[156,167,183,235,305,313,433,439,442,454,556,625,679,810,817,1122,1206,1398,1414,1462,1492,1564,1910,1937,2177,2184],"timestamp":1668124145,"path_taken":["M","M","?","?","M","R","E","R","T","?","$","M","M","E","R","BOSS","M","?","M","$","?","E","R","E","T","?"],"build_version":"2022-10-04","purchased_purges":0,"victory":false,"max_hp_per_floor":[71,71,71,71,71,71,71,71,71,71,71,71,71,71,71,71,71,71,71,71,71,71,71,71,71,71,71],"relic_stats":{"OrangePellets":[1],"Centennial Puzzle":[18],"Dream Catcher":0,"counters":[14,49],"Sundial":[6],"Pantograph":25,"Bronze Scales":[125],"Cursed Key":0,"obtain_stats":[{"OrangePellets":21,"Anchor":7,"Centennial Puzzle":11,"Dream Catcher":23,"NeowsBlessing":0,"Sundial":10,"Pantograph":9,"Bronze Scales":14,"Cracked Core":0,"Cursed Key":17,"Cables":25},{"OrangePellets":11,"Anchor":5,"Centennial Puzzle":5,"Dream Catcher":12,"NeowsBlessing":0,"Sundial":5,"Pantograph":5,"Bronze Scales":8,"Cracked Core":0,"Cursed Key":9,"Cables":13},{"OrangePellets":38,"Anchor":11,"Centennial Puzzle":11,"Dream Catcher":43,"NeowsBlessing":0,"Sundial":11,"Pantograph":11,"Bronze Scales":21,"Cracked Core":0,"Cursed Key":29,"Cables":47}],"Cables":[2,2,0,0,0]},"card_choices":[{"not_picked":["Static Discharge","Leap"],"picked":"Coolheaded","floor":1},{"not_picked":["Turbo","Steam"],"picked":"Undo","floor":2},{"not_picked":["Stack","Steam"],"picked":"Scrape","floor":4},{"not_picked":["Force Field","Conserve Battery"],"picked":"Ball Lightning","floor":5},{"not_picked":["Conserve Battery","Static Discharge"],"picked":"Electrodynamics","floor":7},{"not_picked":["Leap","Streamline"],"picked":"Aggregate","floor":12},{"not_picked":["Steam","Compile Driver"],"picked":"Genetic Algorithm","floor":13},{"not_picked":["Barrage","Sweeping Beam"],"picked":"Hologram","floor":14},{"not_picked":["Amplify","Seek"],"picked":"Echo Form","floor":16},{"not_picked":["Coolheaded","BootSequence+1"],"picked":"Redo+1","floor":18},{"not_picked":["Steam Power","Chaos","Force Field","Reinforced Body","Hello World","Barrage","Go for the Eyes","Sweeping Beam","Double Energy","FTL","Melter","Ball Lightning","Beam Cell","Hologram","Coolheaded","Compile Driver","Leap","Doom and Gloom","Cold Snap"],"picked":"Defragment","floor":19},{"not_picked":["Genetic Algorithm","Turbo"],"picked":"Self Repair","floor":20},{"not_picked":["Genetic Algorithm","Sweeping Beam"],"picked":"Hologram+1","floor":23},{"not_picked":["Streamline+1","Hello World"],"picked":"Go for the Eyes","floor":25}],"player_experience":4403010,"relics_obtained":[{"floor":7,"key":"Anchor"},{"floor":9,"key":"Pantograph"},{"floor":14,"key":"Bronze Scales"},{"floor":23,"key":"Dream Catcher"},{"floor":25,"key":"Cables"}],"event_choices":[{"damage_healed":0,"gold_gain":0,"cards_transformed":["Defend_B"],"player_choice":"Transformed","damage_taken":0,"max_hp_gain":0,"max_hp_loss":0,"event_name":"Transmorgrifier","floor":3,"gold_loss":0,"cards_obtained":["Amplify"]},{"damage_healed":0,"gold_gain":0,"player_choice":"Success","damage_taken":5,"relics_obtained":["Sundial"],"max_hp_gain":0,"max_hp_loss":0,"event_name":"Scrap Ooze","floor":10,"gold_loss":0},{"damage_healed":0,"gold_gain":0,"player_choice":"Read","damage_taken":0,"max_hp_gain":0,"max_hp_loss":0,"event_name":"The Library","floor":19,"gold_loss":0,"cards_obtained":["Defragment"]},{"damage_healed":0,"gold_gain":0,"cards_transformed":["Strike_B"],"player_choice":"Transformed","damage_taken":0,"max_hp_gain":0,"max_hp_loss":0,"event_name":"Transmorgrifier","floor":22,"gold_loss":0,"cards_obtained":["Loop"]}],"is_beta":false,"boss_relics":[{"not_picked":["FrozenCore","Inserter"],"picked":"Cursed Key"}],"items_purged_floors":[],"is_endless":false,"potions_floor_spawned":[1,5,7,13,20,23],"killed_by":"Cultist and Chosen","ascension_level":20,"potion_discard_per_floor":[[],[],[],[],[],[],[],[],[],[],[],[],["PotionOfCapacity"],[],[],[],[],[],[],[],[],[],[],[],[],[],[]]}