{"neow_bonuses_skipped_log":["TEN_PERCENT_HP_BONUS"],"neow_costs_skipped_log":["NONE"],"potions_obtained_entropic_brew":[[],[],[],[],[],[],[],[],[],[],[],[],[],[],[],[],[],[],[],[],[],[],[],[],[],[],[],[],[],[],[],[],[],[],[],[],[],[],[],[],[],[],[],[],[],[],[],[],[],[],[],[],[],[],[],[],[]],"gold_per_floor":[117,117,37,37,57,91,91,105,185,185,214,1,36,52,52,128,128,144,158,28,28,46,72,83,83,383,408,65,81,81,115,115,188,188,204,215,53,78,92,92,125,125,125,125,125,145,159,185,185,185,185,185,185,71,98,98],"floor_reached":57,"playtime":5944,"items_purged":["Zap"],"score":3426,"play_id":"fd55e882-3048-4a00-8cc4-e031e6fb0ee5","local_time":"20221113155123","score_breakdown":["Floors Climbed (57): 285","Enemies Slain (14): 28","Exordium Elites Killed (3): 30","City Elites Killed (3): 60","Beyond Elites Killed (2): 60","Bosses Slain (5): 750","Money Money (1121): 25","Librarian: 25","Champion (6): 150","Beyond Perfect: 200","Ascension (20): 1563","Heartbreaker: 250"],"is_ascension_mode":true,"potions_obtained_alchemize":[[],[],[],[],[],[],[],[],[],[],[],[],[],[],[],[],[],[],[],[],[],[],[],[],[],[],[],[],[],[],[],[],[],[],[],[],[],[],[],[],[],[],[],[],[],[],[],[],[],[],[],[],[],[],[],[],[]],"campfire_choices":[{"data":"Seek","floor":7,"key":"SMITH"},{"data":"Sweeping Beam","floor":10,"key":"SMITH"},{"data":"Defragment","floor":15,"key":"SMITH"},{"data":"1","floor":30,"key":"LIFT"},{"data":"2","floor":32,"key":"LIFT"},{"data":"3","floor":40,"key":"LIFT"},{"floor":45,"key":"RECALL"},{"floor":49,"key":"REST"},{"floor":53,"key":"REST"}],"lesson_learned_per_floor":[[],[],[],[],[],[],[],[],[],[],[],[],[],[],[],[],[],[],[],[],[],[],[],[],[],[],[],[],[],[],[],[],[],[],[],[],[],[],[],[],[],[],[],[],[],[],[],[],[],[],[],[],[],[],[],[],[]],"neow_cost":"NONE","improvable_cards":{},"seed_source_timestamp":3929916489253,"shop_contents":[{"floor":3,"relics":["TungstenRod","MealTicket","Chemical X"],"cards":["Sweeping Beam","Ball Lightning","Force Field","Redo","PanicButton","Apotheosis"],"potions":["Dexterity Potion","Fruit Juice","Dexterity Potion"]},{"floor":12,"relics":["CaptainsWheel","Dream Catcher"],"cards":["Melter","Blizzard","Skim+1","Darkness+1","Biased Cognition","Bandage Up+1","Master of Strategy+1"],"potions":["LiquidMemories","Strength Potion"]},{"floor":20,"relics":["Strawberry","StoneCalendar","PrismaticShard"],"cards":["Gash","Redo+1","Conserve Battery+1","Static Discharge","Discovery+1","Chrysalis+1"],"potions":["AttackPotion","LiquidBronze","LiquidMemories"]},{"floor":28,"relics":["Omamori","Lee\u0027s Waffle"],"cards":["Rebound","Blizzard","Defragment","Dark Shackles+1","Violence+1"],"potions":["SteroidPotion","AttackPotion","FocusPotion"]},{"floor":37,"relics":["Bag of Marbles","Pen Nib"],"cards":["Beam Cell","Gash","Fission+1","Leap+1","Capacitor","Good Instincts+1","Apotheosis+1"],"potions":["Fire Potion","ColorlessPotion","LiquidMemories"]},{"floor":54,"relics":["Oddly Smooth Stone","Happy Flower","TheAbacus"],"cards":["Rip and Tear","Hyperbeam","Turbo+1","Stack+1","Hello World","Madness+1","Metamorphosis+1"],"potions":["AttackPotion"]}],"circlet_count":0,"master_deck":["AscendersBane","Strike_B+1","Strike_B+1","Strike_B+1","Strike_B+1","Defend_B+1","Defend_B+1","Defend_B+1","Defend_B+1","Dualcast","Lockon+1","Self Repair","Seek+1","Skim","Sweeping Beam+1","Hyperbeam","Coolheaded+1","Conserve Battery+1","Ball Lightning","Doom and Gloom","Defragment+1","Reinforced Body+1","Redo+1","Meteor Strike","Auto Shields+1","Barrage+1","Compile Driver","Double Energy+1","Fusion+1","Redo+1","Compile Driver","Core Surge","Hologram+1","Fission+1","Undo+1","Turbo+1","Reboot+1","Skim+1","Cold Snap","Cold Snap+1","Glacier+1","Stack+1","Darkness+1","Barrage","Rebound+1"],"potion_use_per_floor":[[],[],[],[],[],[],[],[],[],[],["SteroidPotion"],[],[],[],[],[],[],[],[],[],[],[],["Explosive Potion"],[],[],[],["Swift Potion"],[],[],[],[],[],["Strength Potion"],[],[],[],[],[],[],[],[],[],[],[],[],[],[],[],[],[],[],[],[],[],[],["SpeedPotion","SpeedPotion","SkillPotion"],[]],"relics":["Cracked Core","NeowsBlessing","Bag of Preparation","Ginger","Toxic Egg 2","Letter Opener","Orrery","Calipers","Fusion Hammer","Girya","Old Coin","Orichalcum","PreservedInsect","Ornamental Fan","Inserter","Frozen Eye","Gambling Chip","DataDisk","Potion Belt","Cables"],"potions_floor_usage":[11,23,27,33,56,56,56],"damage_taken":[{"damage":0,"enemies":"2 Louse","floor":1,"turns":1},{"damage":0,"enemies":"Jaw Worm","floor":5,"turns":1},{"damage":0,"enemies":"3 Sentries","floor":6,"turns":1},{"damage":0,"enemies":"Small Slimes","floor":8,"turns":4},{"damage":8,"enemies":"Gremlin Nob","floor":11,"turns":3},{"damage":0,"enemies":"3 Sentries","floor":13,"turns":2},{"damage":0,"enemies":"3 Louse","floor":14,"turns":1},{"damage":12,"enemies":"Slime Boss","floor":16,"turns":7},{"damage":8,"enemies":"Shell Parasite","floor":18,"turns":6},{"damage":6,"enemies":"2 Thieves","floor":19,"turns":4},{"damage":5,"enemies":"Cultist and Chosen","floor":22,"turns":5},{"damage":12,"enemies":"Book of Stabbing","floor":23,"turns":5},{"damage":17,"enemies":"Snecko","floor":24,"turns":4},{"damage":0,"enemies":"Slavers","floor":27,"turns":1},{"damage":0,"enemies":"Centurion and Healer","floor":29,"turns":2},{"damage":8,"enemies":"Book of Stabbing","floor":31,"turns":4},{"damage":0,"enemies":"Automaton","floor":33,"turns":8},{"damage":0,"enemies":"3 Darklings","floor":35,"turns":4},{"damage":0,"enemies":"Orb Walker","floor":36,"turns":2},{"damage":0,"enemies":"Mind Bloom Boss Battle","floor":38,"turns":5},{"damage":0,"enemies":"Maw","floor":39,"turns":5},{"damage":0,"enemies":"Nemesis","floor":41,"turns":3},{"damage":0,"enemies":"3 Darklings","floor":46,"turns":3},{"damage":3,"enemies":"Writhing Mass","floor":47,"turns":8},{"damage":0,"enemies":"Giant Head","floor":48,"turns":4},{"damage":0,"enemies":"Awakened One","floor":50,"turns":15},{"damage":0,"enemies":"Donu and Deca","floor":51,"turns":8},{"damage":0,"enemies":"Shield and Spear","floor":55,"turns":5},{"damage":70,"enemies":"The Heart","floor":56,"turns":16}],"green_key_taken_log":6,"seed_played":"2676441318830671442","neow_bonus_log":{"cardsObtained":[],"cardsUpgraded":[],"cardsRemoved":[],"cardsTransformed":[],"relicsObtained":["NeowsBlessing"],"maxHpGained":0,"goldGained":0,"damageTaken":0,"goldLost":0,"maxHpLost":0},"potions_obtained":[{"floor":5,"key":"SteroidPotion"},{"floor":13,"key":"FairyPotion"},{"floor":24,"key":"Swift Potion"},{"floor":27,"key":"Strength Potion"},{"floor":33,"key":"Regen Potion"},{"floor":47,"key":"SpeedPotion"}],"is_trial":false,"path_per_floor":["M","?","$","?","M","E","R","M","T","R","E","$","E","M","R","B",null,"M","M","$","?","M","E","M","?","T","E","$","M","R","E","R","B",null,"M","M","$","?","M","R","E","?","T","?","R","M","M","E","R","B","B",null,"R","$","E","B",null],"character_chosen":"DEFECT","items_purchased":["Self Repair","Orrery","Explosive Potion","Compile Driver","Hologram+1","Fission+1","PreservedInsect","Frozen Eye","SpeedPotion","SkillPotion"],"campfire_rested":2,"item_purchase_floors":[3,12,12,20,28,28,28,37,54,54],"current_hp_per_floor":[64,43,43,25,25,32,32,39,39,39,38,38,38,45,45,40,63,62,63,63,63,65,60,43,43,43,50,50,57,57,56,56,63,69,71,71,71,71,71,71,71,71,71,71,71,71,71,71,71,71,71,71,71,71,71,1],"gold":98,"neow_bonus":"THREE_ENEMY_KILL","is_prod":false,"is_daily":false,"rewards_skipped":[{"floor":16,"relics":[],"potions":["Dexterity Potion"]},{"floor":18,"relics":[],"potions":["Block Potion"]},{"floor":22,"relics":[],"potions":["Dexterity Potion"]},{"floor":35,"relics":[],"potions":["Fire Potion"]},{"floor":36,"relics":[],"potions":["Block Potion"]},{"floor":41,"relics":[],"potions":["Explosive Potion"]},{"floor":55,"relics":[],"potions":["Fire Potion"]}],"chose_seed":false,"campfire_upgraded":3,"win_rate":0,"floor_exit_playtime":[42,48,63,76,89,116,126,296,352,367,529,773,892,948,974,1259,1364,1512,1621,1729,1766,1919,2081,2213,2227,2231,2403,2437,2548,2553,2691,2696,2929,3023,3112,3202,3239,3450,3592,3597,3730,3742,3745,3750,3755,3892,4172,4301,4308,4655,4916,4927,4932,5018,5290,5944],"timestamp":1668372683,"blue_key_relic_skipped_log":{"floor":43,"relicID":"Pear"},"path_taken":["M","?","?","?","M","E","R","M","T","R","E","$","E","M","R","BOSS","M","M","$","?","M","E","M","?","T","E","?","M","R","E","R","BOSS","M","M","$","?","M","R","E","?","T","?","R","?","M","E","R","BOSS","BOSS","R","$","E","BOSS"],"build_version":"2022-10-04","purchased_purges":1,"victory":true,"max_hp_per_floor":[71,71,71,71,71,71,71,71,71,71,71,71,71,71,71,71,71,71,71,71,71,71,71,71,71,71,71,71,71,71,71,71,71,71,71,71,71,71,71,71,71,71,71,71,71,71,71,71,71,71,71,71,71,71,71,71],"relic_stats":{"Girya":3,"Calipers":[2750],"Inserter":[38],"counters":[29,137],"PreservedInsect":300,"Bag of Preparation":[56],"Ginger":[17],"Letter Opener":[527],"Orichalcum":[12],"Cables":[15,1,6,0,8],"Frozen Eye":306.32892,"Ornamental Fan":[172],"Gambling Chip":[41],"obtain_stats":[{"Potion Belt":48,"Girya":23,"Calipers":13,"Inserter":34,"NeowsBlessing":0,"PreservedInsect":28,"Bag of Preparation":4,"Ginger":6,"Letter Opener":11,"Orichalcum":27,"Old Coin":26,"Cables":55,"Frozen Eye":37,"DataDisk":41,"Ornamental Fan":31,"Gambling Chip":38,"Orrery":12,"Fusion Hammer":17,"Toxic Egg 2":9,"Cracked Core":0},{"Potion Belt":25,"Girya":12,"Calipers":6,"Inserter":17,"NeowsBlessing":0,"PreservedInsect":14,"Bag of Preparation":1,"Ginger":3,"Letter Opener":5,"Orichalcum":14,"Old Coin":13,"Cables":28,"Frozen Eye":19,"DataDisk":22,"Ornamental Fan":16,"Gambling Chip":20,"Orrery":5,"Fusion Hammer":8,"Toxic Egg 2":4,"Cracked Core":0},{"Potion Belt":93,"Girya":40,"Calipers":12,"Inserter":59,"NeowsBlessing":0,"PreservedInsect":45,"Bag of Preparation":1,"Ginger":3,"Letter Opener":10,"Orichalcum":45,"Old Coin":44,"Cables":121,"Frozen Eye":65,"DataDisk":78,"Ornamental Fan":51,"Gambling Chip":70,"Orrery":10,"Fusion Hammer":20,"Toxic Egg 2":7,"Cracked Core":0}]},"card_choices":[{"not_picked":["Go for the Eyes","Turbo"],"picked":"Lockon","floor":1},{"not_picked":["Streamline","Leap"],"picked":"Seek","floor":5},{"not_picked":["Loop","Steam Power"],"picked":"Skim","floor":6},{"not_picked":["Reprogram","FTL"],"picked":"Sweeping Beam","floor":8},{"not_picked":["Hello World","Self Repair"],"picked":"Hyperbeam","floor":11},{"not_picked":["Doom and Gloom","Streamline"],"picked":"Coolheaded+1","floor":12},{"not_picked":["Defragment","Rebound"],"picked":"Conserve Battery+1","floor":12},{"not_picked":["Go for the Eyes","Scrape"],"picked":"Ball Lightning","floor":12},{"not_picked":["Melter","Sunder"],"picked":"Doom and Gloom","floor":12},{"not_picked":["Redo+1","Compile Driver"],"picked":"Defragment","floor":12},{"not_picked":["Reprogram+1","Hello World"],"picked":"Reinforced Body+1","floor":13},{"not_picked":["Glacier+1","Barrage"],"picked":"Redo+1","floor":14},{"not_picked":["Electrodynamics","Multi-Cast+1"],"picked":"Meteor Strike","floor":16},{"not_picked":["Barrage","Self Repair"],"picked":"Auto Shields+1","floor":18},{"not_picked":["Force Field+1","Go for the Eyes"],"picked":"Barrage+1","floor":19},{"not_picked":["Rip and Tear","Rebound","Auto Shields+1","Steam Power+1","Reinforced Body+1","Gash","Chaos+1","Cold Snap","Static Discharge","Glacier+1","Storm","Turbo+1","Coolheaded+1","Ball Lightning","Conserve Battery+1","Beam Cell","Barrage","Reprogram+1","Streamline"],"picked":"Double Energy+1","floor":21},{"not_picked":["Cold Snap","Redo+1"],"picked":"Fusion+1","floor":22},{"not_picked":["Blizzard","Tempest+1"],"picked":"Redo+1","floor":23},{"not_picked":["Consume+1","Steam+1"],"picked":"Compile Driver","floor":24},{"not_picked":["Barrage","Turbo+1"],"picked":"Core Surge","floor":27},{"not_picked":["Auto Shields+1","Rebound+1"],"picked":"Undo+1","floor":29},{"not_picked":["Rebound+1","Undo+1"],"picked":"Turbo+1","floor":31},{"not_picked":["Meteor Strike","Buffer"],"picked":"Reboot+1","floor":33},{"not_picked":["Rebound","Cold Snap"],"picked":"Skim+1","floor":35},{"not_picked":["Self Repair+1","Ball Lightning+1"],"picked":"Cold Snap","floor":36},{"not_picked":["Turbo+1","Conserve Battery+1"],"picked":"Cold Snap+1","floor":38},{"not_picked":["Leap+1","Capacitor","Cold Snap"],"picked":"SKIP","floor":39},{"not_picked":["Gash+1","Streamline"],"picked":"Glacier+1","floor":41},{"not_picked":["Barrage","Electrodynamics"],"picked":"Stack+1","floor":46},{"not_picked":["Defragment","Heatsinks"],"picked":"Darkness+1","floor":47},{"not_picked":["Scrape+1","Streamline"],"picked":"Barrage","floor":48},{"not_picked":["Ball Lightning","Barrage"],"picked":"Rebound+1","floor":55}],"player_experience":4430573,"relics_obtained":[{"floor":6,"key":"Ginger"},{"floor":9,"key":"Toxic Egg 2"},{"floor":11,"key":"Letter Opener"},{"floor":13,"key":"Calipers"},{"floor":23,"key":"Girya"},{"floor":26,"key":"Old Coin"},{"floor":27,"key":"Orichalcum"},{"floor":31,"key":"Ornamental Fan"},{"floor":38,"key":"Gambling Chip"},{"floor":41,"key":"DataDisk"},{"floor":48,"key":"Potion Belt"},{"floor":55,"key":"Cables"}],"event_choices":[{"damage_healed":0,"gold_gain":0,"player_choice":"Entered Light","damage_taken":21,"max_hp_gain":0,"max_hp_loss":0,"event_name":"Shining Light","floor":2,"gold_loss":0,"cards_upgraded":["Defend_B","Lockon"]},{"damage_healed":0,"gold_gain":0,"player_choice":"Success","damage_taken":18,"relics_obtained":["Bag of Preparation"],"max_hp_gain":0,"max_hp_loss":0,"event_name":"Scrap Ooze","floor":4,"gold_loss":0},{"damage_healed":0,"gold_gain":0,"player_choice":"Read","damage_taken":0,"max_hp_gain":0,"max_hp_loss":0,"event_name":"The Library","floor":21,"gold_loss":0,"cards_obtained":["Double Energy"]},{"damage_healed":0,"gold_gain":0,"player_choice":"Simplicity","damage_taken":0,"max_hp_gain":0,"max_hp_loss":0,"event_name":"Back to Basics","floor":25,"gold_loss":0,"cards_upgraded":["Strike_B","Strike_B","Strike_B","Strike_B","Defend_B","Defend_B","Defend_B"]},{"damage_healed":0,"gold_gain":0,"player_choice":"Fight","damage_taken":0,"max_hp_gain":0,"max_hp_loss":0,"event_name":"MindBloom","floor":38,"gold_loss":0},{"damage_healed":0,"gold_gain":0,"player_choice":"Ignored","damage_taken":0,"max_hp_gain":0,"max_hp_loss":0,"event_name":"Tomb of Lord Red Mask","floor":42,"gold_loss":0},{"damage_healed":0,"gold_gain":0,"player_choice":"Ignored","damage_taken":0,"max_hp_gain":0,"max_hp_loss":0,"event_name":"SecretPortal","floor":44,"gold_loss":0}],"is_beta":false,"boss_relics":[{"not_picked":["Velvet Choker","Calling Bell"],"picked":"Fusion Hammer"},{"not_picked":["Busted Crown","Runic Dome"],"picked":"Inserter"}],"items_purged_floors":[20],"is_endless":false,"potions_floor_spawned":[5,13,16,18,22,24,27,33,35,36,41,47,55],"ascension_level":20,"potion_discard_per_floor":[[],[],[],[],[],[],[],[],[],[],[],[],[],[],[],[],[],[],[],[],[],[],[],[],[],[],[],[],[],[],[],[],[],[],[],[],[],[],[],[],[],[],[],[],[],[],["Regen Potion"],[],[],[],[],[],[],[],[],["FairyPotion"],[]]}