{"neow_bonuses_skipped_log":["RANDOM_COLORLESS","TEN_PERCENT_HP_BONUS","REMOVE_TWO"],"neow_costs_skipped_log":["NONE","NONE","PERCENT_DAMAGE"],"potions_obtained_entropic_brew":[[],[],[],[],[],[],[],[],[],[],[],[],[],[],[],[],[],[],[],[],[],[],[],[],[],[],[],[],[],[],[],[],[]],"gold_per_floor":[117,117,117,117,20,50,70,98,98,98,127,145,145,158,158,232,232,249,18,18,18,32,60,4,4,53,86,99,115,115,115,115,115],"floor_reached":33,"playtime":2981,"items_purged":["Defend_B"],"score":602,"play_id":"b1404318-ffd5-4912-aaed-0582c15f8558","local_time":"20221129182709","score_breakdown":["Floors Climbed (33): 165","Enemies Slain (8): 16","Exordium Elites Killed (3): 30","City Elites Killed (2): 40","Bosses Slain (1): 50","Ascension (20): 301"],"is_ascension_mode":true,"potions_obtained_alchemize":[[],[],[],[],[],[],[],[],[],[],[],[],[],[],[],[],[],[],[],[],[],[],[],[],[],[],[],[],[],[],[],[],[]],"campfire_choices":[{"floor":10.0,"key":"REST"},{"data":"Creative AI","floor":15.0,"key":"SMITH"},{"data":"Defragment","floor":25,"key":"SMITH"},{"data":"Coolheaded","floor":30,"key":"SMITH"},{"data":"Redo","floor":32,"key":"SMITH"}],"lesson_learned_per_floor":[[],[],[],[],[],[],[],[],[],[],[],[],[],[],[],[],[],[],[],[],[],[],[],[],[],[],[],[],[],[],[],[],[]],"neow_cost":"NONE","improvable_cards":{},"seed_source_timestamp":10315850588085,"shop_contents":[{"floor":5,"relics":["Bag of Marbles","Orichalcum","HandDrill"],"cards":["Scrape","Chaos","Leap","Defragment","Enlightenment","Magnetism"],"potions":["LiquidBronze","LiquidMemories"]},{"floor":19,"relics":["Matryoshka","Ginger","DollysMirror"],"cards":["Rebound","Gash","White Noise","Static Discharge","Transmutation"],"potions":["LiquidBronze","Explosive Potion","SneckoOil"]},{"floor":24,"relics":["Sundial","Bag of Preparation","TheAbacus"],"cards":["Lockon","Ball Lightning","White Noise","Defragment","Swift Strike","Secret Technique"],"potions":["SteroidPotion","LiquidBronze","SkillPotion"]}],"circlet_count":0,"master_deck":["AscendersBane","Strike_B","Strike_B","Strike_B","Strike_B","Defend_B","Defend_B+1","Zap+1","Dualcast","Auto Shields","Tempest","FTL","Self Repair","Ball Lightning","Undo","Hello World","Creative AI+1","Fission+1","Doom and Gloom","Redo+1","Blind","Defragment+1","Compile Driver","Compile Driver","Redo","Amplify","Coolheaded+1"],"special_seed":0,"potion_use_per_floor":[[],[],[],[],[],[],[],[],[],[],["LiquidMemories"],[],[],[],[],["Strength Potion"],[],["BlessingOfTheForge"],[],[],[],[],[],[],[],[],["SpeedPotion"],["Fire Potion"],["Regen Potion"],[],[],[],["Dexterity Potion","Fruit Juice"]],"relics":["SlaversCollar","Dream Catcher","Mummified Hand","White Beast Statue","StrikeDummy","Anchor","Nuclear Battery","Art of War","Blood Vial","Juzu Bracelet"],"potions_floor_usage":[27,28,29,33,33],"damage_taken":[{"damage":4.0,"enemies":"Small Slimes","floor":1.0,"turns":4.0},{"damage":24.0,"enemies":"3 Sentries","floor":6.0,"turns":8.0},{"damage":0.0,"enemies":"2 Louse","floor":7.0,"turns":3.0},{"damage":23.0,"enemies":"Lagavulin","floor":8.0,"turns":7.0},{"damage":10.0,"enemies":"3 Sentries","floor":11.0,"turns":6.0},{"damage":0.0,"enemies":"Jaw Worm","floor":12.0,"turns":3.0},{"damage":0.0,"enemies":"2 Fungi Beasts","floor":14.0,"turns":3.0},{"damage":11.0,"enemies":"Hexaghost","floor":16.0,"turns":8.0},{"damage":0.0,"enemies":"Chosen","floor":18.0,"turns":3.0},{"damage":0,"enemies":"2 Thieves","floor":22,"turns":3},{"damage":40,"enemies":"Slavers","floor":23,"turns":4},{"damage":5,"enemies":"Book of Stabbing","floor":27,"turns":4},{"damage":12,"enemies":"Chosen and Byrds","floor":28,"turns":4},{"damage":31,"enemies":"Snake Plant","floor":29,"turns":5},{"damage":50,"enemies":"Automaton","floor":33,"turns":8}],"seed_played":"-9147750498140834859","neow_bonus_log":{"cardsObtained":[],"cardsUpgraded":[],"cardsRemoved":[],"cardsTransformed":[],"relicsObtained":["SlaversCollar"],"maxHpGained":0,"goldGained":0,"damageTaken":0,"goldLost":0,"maxHpLost":0},"potions_obtained":[{"floor":6.0,"key":"Ancient Potion"},{"floor":8.0,"key":"LiquidMemories"},{"floor":11.0,"key":"Fire Potion"},{"floor":16.0,"key":"BlessingOfTheForge"},{"floor":18.0,"key":"SpeedPotion"},{"floor":23,"key":"SpeedPotion"},{"floor":27,"key":"Fruit Juice"},{"floor":28,"key":"Regen Potion"},{"floor":29,"key":"Dexterity Potion"}],"is_trial":false,"path_per_floor":["M","?","?","?","$","E","M","E","T","R","E","M","?","M","R","B",null,"M","$","?","?","M","E","$","R","T","E","M","M","R","?","R","B"],"character_chosen":"DEFECT","items_purchased":["FTL","Strength Potion","Redo","Blind","Redo"],"campfire_rested":1,"item_purchase_floors":[5,5,19,19,24],"current_hp_per_floor":[60,60,53,53,53,29,36,20,20,41,38,45,24,24,24,20,58,65,65,65,65,71,38,38,38,38,42,46,38,38,38,38,0],"gold":115,"neow_bonus":"BOSS_RELIC","is_prod":false,"is_daily":false,"rewards_skipped":[{"floor":12,"relics":[],"potions":["Fire Potion"]},{"floor":14,"relics":[],"potions":["Energy Potion"]},{"floor":22,"relics":[],"potions":["LiquidBronze"]}],"chose_seed":false,"campfire_upgraded":4,"win_rate":0,"floor_exit_playtime":[175,288,384,391,413,489,517,594,621,639,755,799,802,844,868,1117,1341,1413,1504,1530,1542,1631,1764,1806,1813,1818,1962,2120,2371,2414,2454,2488],"timestamp":1669764429,"path_taken":["M","?","?","?","$","E","?","E","T","R","E","M","?","M","R","BOSS","M","$","?","?","M","E","$","R","T","E","M","M","R","?","R","BOSS"],"build_version":"2022-10-04","purchased_purges":1,"victory":false,"max_hp_per_floor":[71,71,71,71,71,71,71,71,71,71,71,71,71,71,71,71,71,71,71,71,71,71,71,71,71,71,71,71,71,71,71,71,76],"relic_stats":{"Blood Vial":8,"Dream Catcher":1,"counters":[15,73],"Mummified Hand":[67],"Art of War":[3],"Juzu Bracelet":1,"obtain_stats":[{"Blood Vial":26,"SlaversCollar":0,"Dream Catcher":2,"Anchor":11,"Mummified Hand":6,"Art of War":23,"Juzu Bracelet":27,"Cracked Core":0,"StrikeDummy":9,"White Beast Statue":8,"Nuclear Battery":17},{"Blood Vial":11,"SlaversCollar":0,"Dream Catcher":1,"Anchor":5,"Mummified Hand":2,"Art of War":11,"Juzu Bracelet":12,"Cracked Core":0,"StrikeDummy":4,"White Beast Statue":4,"Nuclear Battery":8},{"Blood Vial":52,"SlaversCollar":0,"Dream Catcher":4,"Anchor":28,"Mummified Hand":12,"Art of War":52,"Juzu Bracelet":56,"Cracked Core":0,"StrikeDummy":22,"White Beast Statue":22,"Nuclear Battery":42}],"White Beast Statue":[0.002640000000000001,0.0,0.11179200000000004,0.0,0.45788800000000024,0.0,0.3700800000000002,0.0,0.05688000000000003,0.0,7.200000000000003E-4,4.335872000000001]},"card_choices":[{"not_picked":["Rebound","Turbo"],"picked":"Auto Shields","floor":1.0},{"not_picked":["Thunder Strike","Storm"],"picked":"Self Repair","floor":6.0},{"not_picked":["Blizzard","Aggregate","Turbo"],"picked":"SKIP","floor":7.0},{"not_picked":["Stack","Steam Power"],"picked":"Ball Lightning","floor":8.0},{"not_picked":["Stack","Double Energy"],"picked":"Undo","floor":10.0},{"not_picked":["Barrage","Streamline","Stack"],"picked":"SKIP","floor":11.0},{"not_picked":["Leap","Stack"],"picked":"Hello World","floor":12.0},{"not_picked":["Conserve Battery","Redo"],"picked":"Creative AI","floor":14.0},{"not_picked":["Hyperbeam","Meteor Strike"],"picked":"Fission","floor":16.0},{"not_picked":["Rebound+1","Aggregate"],"picked":"Doom and Gloom","floor":18.0},{"not_picked":["Scrape","Leap","Hello World","Loop","Consume","Aggregate","Rebound","Doom and Gloom","Coolheaded","Reinforced Body","Hologram","Sweeping Beam","Compile Driver","Stack","Barrage","Conserve Battery","Undo","Gash","Ball Lightning"],"picked":"Defragment","floor":20},{"not_picked":["Gash","Stack"],"picked":"Compile Driver","floor":22},{"not_picked":["Tempest","Chill"],"picked":"Compile Driver","floor":23},{"not_picked":["Ball Lightning","Sweeping Beam"],"picked":"Amplify","floor":27},{"not_picked":["Doom and Gloom","Hologram"],"picked":"Coolheaded","floor":28}],"player_experience":4572521,"relics_obtained":[{"floor":6.0,"key":"Mummified Hand"},{"floor":8.0,"key":"White Beast Statue"},{"floor":9.0,"key":"StrikeDummy"},{"floor":11.0,"key":"Anchor"},{"floor":23,"key":"Art of War"},{"floor":26,"key":"Blood Vial"},{"floor":27,"key":"Juzu Bracelet"}],"event_choices":[{"damage_healed":0.0,"max_hp_gain":0.0,"max_hp_loss":0.0,"gold_gain":0.0,"event_name":"Big Fish","player_choice":"Box","floor":2.0,"gold_loss":0.0,"damage_taken":0.0,"relics_obtained":["Dream Catcher"],"cards_obtained":["Regret"]},{"cards_removed":["Regret"],"damage_healed":0.0,"max_hp_gain":0.0,"max_hp_loss":0.0,"gold_gain":0.0,"event_name":"Golden Wing","player_choice":"Card Removal","floor":3.0,"gold_loss":0.0,"damage_taken":7.0},{"damage_healed":0.0,"max_hp_gain":0.0,"max_hp_loss":0.0,"gold_gain":0.0,"cards_transformed":["Defend_B"],"event_name":"Living Wall","player_choice":"Change","floor":4.0,"gold_loss":0.0,"damage_taken":0.0,"cards_obtained":["Tempest"]},{"damage_healed":0.0,"max_hp_gain":0.0,"max_hp_loss":0.0,"gold_gain":0.0,"event_name":"Shining Light","player_choice":"Entered Light","floor":13.0,"gold_loss":0.0,"damage_taken":21.0,"cards_upgraded":["Defend_B","Zap"]},{"damage_healed":0,"gold_gain":0,"player_choice":"Read","damage_taken":0,"max_hp_gain":0,"max_hp_loss":0,"event_name":"The Library","floor":20,"gold_loss":0,"cards_obtained":["Defragment"]},{"damage_healed":0,"gold_gain":0,"player_choice":"Upgraded","damage_taken":0,"max_hp_gain":0,"max_hp_loss":0,"event_name":"Upgrade Shrine","floor":21,"gold_loss":0,"cards_upgraded":["Fission"]},{"damage_healed":0,"gold_gain":0,"player_choice":"0 cards matched","damage_taken":0,"max_hp_gain":0,"max_hp_loss":0,"event_name":"Match and Keep!","floor":31,"gold_loss":0,"cards_obtained":[]}],"is_beta":false,"boss_relics":[{"not_picked":["Snecko Eye","Astrolabe"],"picked":"Nuclear Battery"}],"items_purged_floors":[19],"is_endless":false,"potions_floor_spawned":[6,8,11,12,14,16,18,22,23,27,28,29],"killed_by":"Automaton","ascension_level":20,"potion_discard_per_floor":[[],[],[],[],[],[],[],["Ancient Potion"],[],[],[],[],[],[],[],[],[],[],[],[],[],[],["SpeedPotion"],[],[],[],[],[],[],[],[],[],[]]}