{"neow_bonuses_skipped_log":["REMOVE_CARD","HUNDRED_GOLD","BOSS_RELIC"],"potions_obtained_entropic_brew":[[],[],[],[],[],[],[],[],[],[],[],[],[],[],[],[],[],[],[],[],[],[],[],[],[],[],[],[],[],[],[],[],[],[],[],[],[],[],[],[],[],[],[],[],[],[],[],[],[],[],["Energy Potion","Dexterity Potion"],[],[],[],[],[]],"neow_costs_skipped_log":["NONE","NONE","NONE"],"gold_per_floor":[111,128,128,128,147,147,181,181,208,226,246,281,299,332,332,406,406,421,440,440,6,20,20,20,46,46,61,88,108,138,138,138,214,214,229,504,520,532,549,587,587,623,647,691,691,691,180,189,189,189,189,189,189,10,46,46],"floor_reached":56,"playtime":6673,"items_purged":["Strike_B","Defend_B"],"score":2405,"play_id":"9bc7a65d-b0bf-4f66-9d84-886cb9e452e0","local_time":"20221201195558","score_breakdown":["Floors Climbed (56): 280","Enemies Slain (15): 30","Exordium Elites Killed (3): 30","City Elites Killed (3): 60","Beyond Elites Killed (3): 90","Bosses Slain (4): 500","I Like Shiny: 50","Money Money (1138): 25","Champion (7): 175","Ascension (20): 1165"],"is_ascension_mode":true,"potions_obtained_alchemize":[[],[],[],[],[],[],[],[],[],[],[],[],[],[],[],[],[],[],[],[],[],[],[],[],[],[],[],[],[],[],[],[],[],[],[],[],[],[],[],[],[],[],[],[],[],[],[],[],[],[],[],[],[],[],[],[]],"campfire_choices":[{"data":"Streamline","floor":6,"key":"SMITH"},{"data":"Buffer","floor":8,"key":"SMITH"},{"data":"Doom and Gloom","floor":15,"key":"SMITH"},{"data":"Coolheaded","floor":23,"key":"SMITH"},{"data":"Double Energy","floor":32,"key":"SMITH"},{"data":"Chaos","floor":41,"key":"SMITH"},{"floor":45,"key":"RECALL"},{"data":"Recycle","floor":49,"key":"SMITH"},{"data":"Turbo","floor":53,"key":"SMITH"}],"lesson_learned_per_floor":[[],[],[],[],[],[],[],[],[],[],[],[],[],[],[],[],[],[],[],[],[],[],[],[],[],[],[],[],[],[],[],[],[],[],[],[],[],[],[],[],[],[],[],[],[],[],[],[],[],[],[],[],[],[],[],[]],"neow_cost":"TEN_PERCENT_HP_LOSS","improvable_cards":{"Genetic Algorithm":[87]},"seed_source_timestamp":14264402133205,"shop_contents":[{"floor":21,"relics":["FossilizedHelix"],"cards":["FTL+1","Aggregate","Steam","Static Discharge","Jack Of All Trades","Violence"],"potions":["ColorlessPotion","BlessingOfTheForge","Fire Potion"]},{"floor":47,"relics":["Anchor"],"cards":["Beam Cell+1","Blizzard+1","Hello World","Blind","Thinking Ahead"],"potions":["Block Potion","FocusPotion","Energy Potion"]},{"floor":54,"relics":["Boot","Letter Opener","Membership Card"],"cards":["Scrape+1","Streamline+1","Chaos","Heatsinks","Finesse","Secret Technique"],"potions":["FearPotion"]}],"circlet_count":0,"master_deck":["AscendersBane","Defend_B","Defend_B","Zap+1","Dualcast","Streamline+1","Buffer+1","Doom and Gloom+1","Self Repair+1","Lockon","Cold Snap","Genetic Algorithm","Glacier","Double Energy+1","Sunder+1","BootSequence","Core Surge+1","Coolheaded+1","Beam Cell+1","Sweeping Beam+1","Machine Learning","Reinforced Body","Compile Driver+1","Echo Form","Compile Driver+1","Chaos+1","Turbo+1","Skim","Glacier+1","Recycle+1","Hologram","Reboot","Redo","Static Discharge"],"potion_use_per_floor":[[],[],[],[],[],[],["FearPotion","Swift Potion"],[],[],[],[],[],[],[],[],[],[],[],[],[],[],[],[],[],[],[],[],[],[],[],[],[],[],[],[],[],[],[],[],[],[],[],[],[],[],[],[],[],[],[],["DuplicationPotion","EntropicBrew","Dexterity Potion","Energy Potion"],[],[],[],[],["GamblersBrew","Energy Potion"]],"relics":["Cracked Core","PreservedInsect","Happy Flower","Molten Egg 2","Omamori","Black Star","Lizard Tail","Lantern","Medical Kit","Blood Vial","Bag of Preparation","Art of War","Nunchaku","Pear","Toy Ornithopter","Coffee Dripper","Pen Nib","CeramicFish","Darkstone Periapt","Centennial Puzzle","Orichalcum","Kunai","DataDisk","Strange Spoon","Akabeko","Strawberry"],"potions_floor_usage":[7,7,51,51,51,51,56,56],"damage_taken":[{"damage":0,"enemies":"2 Louse","floor":1,"turns":2},{"damage":7,"enemies":"Small Slimes","floor":2,"turns":4},{"damage":1,"enemies":"Cultist","floor":5,"turns":3},{"damage":0,"enemies":"Gremlin Nob","floor":7,"turns":2},{"damage":0,"enemies":"Looter","floor":10,"turns":4},{"damage":4,"enemies":"2 Fungi Beasts","floor":11,"turns":4},{"damage":0,"enemies":"Lagavulin","floor":12,"turns":6},{"damage":1,"enemies":"Lots of Slimes","floor":13,"turns":6},{"damage":4,"enemies":"Gremlin Nob","floor":14,"turns":3},{"damage":33,"enemies":"The Guardian","floor":16,"turns":11},{"damage":4,"enemies":"Spheric Guardian","floor":18,"turns":5},{"damage":1,"enemies":"Shell Parasite","floor":19,"turns":8},{"damage":14,"enemies":"3 Cultists","floor":22,"turns":6},{"damage":0,"enemies":"Gremlin Leader","floor":25,"turns":5},{"damage":5,"enemies":"Cultist and Chosen","floor":27,"turns":6},{"damage":14,"enemies":"Book of Stabbing","floor":28,"turns":5},{"damage":13,"enemies":"Chosen and Byrds","floor":29,"turns":7},{"damage":0,"enemies":"Gremlin Leader","floor":30,"turns":5},{"damage":43,"enemies":"Champ","floor":33,"turns":15},{"damage":3,"enemies":"3 Shapes","floor":35,"turns":10},{"damage":0,"enemies":"Orb Walker","floor":37,"turns":6},{"damage":0,"enemies":"4 Shapes","floor":38,"turns":6},{"damage":9,"enemies":"3 Darklings","floor":39,"turns":6},{"damage":2,"enemies":"Nemesis","floor":40,"turns":7},{"damage":0,"enemies":"Reptomancer","floor":42,"turns":5},{"damage":0,"enemies":"Giant Head","floor":44,"turns":7},{"damage":20,"enemies":"Awakened One","floor":50,"turns":32},{"damage":109,"enemies":"Time Eater","floor":51,"turns":21},{"damage":0,"enemies":"Shield and Spear","floor":55,"turns":9},{"damage":82,"enemies":"The Heart","floor":56,"turns":14}],"green_key_taken_log":40,"seed_played":"3596848659709082156","neow_bonus_log":{"cardsObtained":["Streamline","Buffer"],"cardsUpgraded":[],"cardsRemoved":[],"cardsTransformed":["Strike_B","Strike_B"],"relicsObtained":[],"maxHpGained":0,"goldGained":0,"damageTaken":0,"goldLost":0,"maxHpLost":7},"potions_obtained":[{"floor":1,"key":"Swift Potion"},{"floor":5,"key":"FearPotion"},{"floor":7,"key":"LiquidBronze"},{"floor":11,"key":"AttackPotion"},{"floor":12,"key":"DuplicationPotion"},{"floor":24,"key":"Swift Potion"},{"floor":42,"key":"EntropicBrew"}],"is_trial":false,"path_per_floor":["M","M","?","?","M","R","E","R","T","M","M","E","M","E","R","B",null,"M","M","?","$","M","R","?","E","T","M","E","M","E","?","R","B",null,"M","?","M","M","M","E","R","E","T","E","R","?","$","?","R","B","B",null,"R","$","E","B"],"character_chosen":"DEFECT","items_purchased":["Lantern","Medical Kit","Sweeping Beam+1","DataDisk","Recycle","Hologram","Strange Spoon","Energy Potion","GamblersBrew","Redo"],"campfire_rested":0,"item_purchase_floors":[21,21,21,47,47,47,47,54,54,54],"current_hp_per_floor":[64,57,50,31,40,40,40,40,40,50,56,64,64,60,60,37,57,63,64,64,64,60,60,60,60,60,64,60,59,74,74,74,41,66,74,74,74,74,74,74,74,74,74,74,74,74,74,74,74,74,47,67,67,67,81,0],"gold":46,"neow_bonus":"TRANSFORM_TWO_CARDS","is_prod":false,"is_daily":false,"rewards_skipped":[{"floor":14,"relics":[],"potions":["Regen Potion"]},{"floor":19,"relics":[],"potions":["PotionOfCapacity"]},{"floor":24,"relics":[],"potions":["ColorlessPotion"]},{"floor":25,"relics":[],"potions":["SteroidPotion"]},{"floor":28,"relics":["Tiny Chest"],"potions":[]},{"floor":30,"relics":[],"potions":["SpeedPotion"]},{"floor":35,"relics":[],"potions":["SmokeBomb"]},{"floor":39,"relics":[],"potions":["SkillPotion"]},{"floor":44,"relics":[],"potions":["AttackPotion"]}],"chose_seed":false,"campfire_upgraded":8,"win_rate":0,"floor_exit_playtime":[44,107,112,122,171,178,214,220,229,263,316,414,498,605,617,813,874,957,1071,1082,1153,1269,1280,1288,1399,1404,1506,1681,1850,1951,1979,1992,2292,2330,2481,2485,2580,2731,2919,3082,3088,3205,3209,3376,3380,3389,3542,3559,3567,4350,5541,5553,5562,5613,5932],"timestamp":1669942558,"blue_key_relic_skipped_log":{"floor":43,"relicID":"Bag of Marbles"},"path_taken":["M","M","?","?","M","R","E","R","T","M","M","E","M","E","R","BOSS","M","M","?","$","M","R","?","E","T","?","E","M","E","?","R","BOSS","M","?","M","?","M","E","R","E","T","E","R","?","$","?","R","BOSS","BOSS","R","$","E","BOSS"],"build_version":"2022-10-04","purchased_purges":2,"victory":false,"max_hp_per_floor":[64,64,64,64,64,64,64,64,64,64,64,64,64,64,64,64,64,64,64,64,64,64,64,64,64,64,64,64,64,74,74,74,74,74,74,74,74,74,74,74,74,74,74,74,74,74,74,74,74,74,74,74,74,74,81,81],"relic_stats":{"Darkstone Periapt":0,"Happy Flower":[73],"counters":[30,230],"CeramicFish":72,"PreservedInsect":509,"Pen Nib":[14],"Omamori":2,"Bag of Preparation":[32],"Orichalcum":[54],"Medical Kit":[19],"Blood Vial":10,"Strange Spoon":[37],"Lizard Tail":37,"Nunchaku":[25],"Centennial Puzzle":[9],"Black Star":7,"Art of War":[42],"Kunai":[23],"obtain_stats":[{"Darkstone Periapt":42,"Lantern":21,"CeramicFish":40,"Bag of Preparation":25,"Blood Vial":25,"Lizard Tail":20,"Nunchaku":28,"Centennial Puzzle":42,"Strawberry":55,"Kunai":44,"Cracked Core":0,"Pear":30,"Happy Flower":9,"PreservedInsect":7,"Pen Nib":40,"Omamori":14,"Orichalcum":44,"Medical Kit":21,"Akabeko":55,"Strange Spoon":47,"DataDisk":47,"Molten Egg 2":12,"Black Star":17,"Art of War":26,"Coffee Dripper":34,"Toy Ornithopter":30},{"Darkstone Periapt":25,"Lantern":12,"CeramicFish":24,"Bag of Preparation":14,"Blood Vial":14,"Lizard Tail":12,"Nunchaku":16,"Centennial Puzzle":25,"Strawberry":29,"Kunai":26,"Cracked Core":0,"Pear":18,"Happy Flower":4,"PreservedInsect":4,"Pen Nib":24,"Omamori":9,"Orichalcum":26,"Medical Kit":12,"Akabeko":29,"Strange Spoon":26,"DataDisk":26,"Molten Egg 2":7,"Black Star":10,"Art of War":14,"Coffee Dripper":19,"Toy Ornithopter":18},{"Darkstone Periapt":147,"Lantern":58,"CeramicFish":142,"Bag of Preparation":69,"Blood Vial":69,"Lizard Tail":58,"Nunchaku":80,"Centennial Puzzle":147,"Strawberry":216,"Kunai":154,"Cracked Core":0,"Pear":92,"Happy Flower":11,"PreservedInsect":11,"Pen Nib":142,"Omamori":34,"Orichalcum":154,"Medical Kit":58,"Akabeko":216,"Strange Spoon":154,"DataDisk":154,"Molten Egg 2":25,"Black Star":45,"Art of War":69,"Coffee Dripper":107,"Toy Ornithopter":92}],"Toy Ornithopter":20},"card_choices":[{"not_picked":["Reinforced Body","Darkness"],"picked":"Doom and Gloom","floor":1},{"not_picked":["Static Discharge","Streamline"],"picked":"Self Repair","floor":2},{"not_picked":["Conserve Battery","Barrage"],"picked":"Lockon","floor":5},{"not_picked":["Beam Cell","Blizzard"],"picked":"Cold Snap","floor":7},{"not_picked":["Glacier","Redo"],"picked":"Genetic Algorithm","floor":10},{"not_picked":["Turbo","Conserve Battery"],"picked":"Glacier","floor":11},{"not_picked":["Stack","Conserve Battery"],"picked":"Double Energy","floor":12},{"not_picked":["Ball Lightning+1","Steam Power"],"picked":"Sunder+1","floor":13},{"not_picked":["Machine Learning","Amplify"],"picked":"BootSequence","floor":14},{"not_picked":["Creative AI","Multi-Cast"],"picked":"Core Surge+1","floor":16},{"not_picked":["Force Field","Stack"],"picked":"Coolheaded","floor":18},{"not_picked":["Stack+1","Self Repair"],"picked":"Beam Cell+1","floor":19},{"not_picked":["Cold Snap+1","Rip and Tear+1","Heatsinks"],"picked":"SKIP","floor":22},{"not_picked":["Rebound+1","Cold Snap+1"],"picked":"Machine Learning","floor":25},{"not_picked":["Storm","Conserve Battery"],"picked":"Reinforced Body","floor":27},{"not_picked":["Cold Snap+1","Self Repair","Reinforced Body"],"picked":"SKIP","floor":28},{"not_picked":["Leap","Stack"],"picked":"Compile Driver+1","floor":29},{"not_picked":["Beam Cell+1","Ball Lightning+1","Sweeping Beam+1"],"picked":"SKIP","floor":30},{"not_picked":["Reboot","All For One+1"],"picked":"Echo Form","floor":33},{"not_picked":["Stack","Conserve Battery","Storm+1"],"picked":"SKIP","floor":35},{"not_picked":["Consume+1","Reprogram"],"picked":"Compile Driver+1","floor":37},{"not_picked":["Turbo","Hello World","Consume"],"picked":"SKIP","floor":38},{"not_picked":["Beam Cell+1","Chill"],"picked":"Chaos","floor":39},{"not_picked":["Rip and Tear+1","Auto Shields"],"picked":"Turbo","floor":40},{"not_picked":["Self Repair+1","Barrage+1"],"picked":"Skim","floor":42},{"not_picked":["Rainbow","Barrage+1"],"picked":"Glacier+1","floor":44},{"not_picked":["Lockon+1","Cold Snap+1"],"picked":"Static Discharge","floor":55}],"player_experience":4588384,"relics_obtained":[{"floor":7,"key":"PreservedInsect"},{"floor":9,"key":"Happy Flower"},{"floor":12,"key":"Molten Egg 2"},{"floor":14,"key":"Omamori"},{"floor":25,"key":"Blood Vial"},{"floor":25,"key":"Bag of Preparation"},{"floor":26,"key":"Art of War"},{"floor":28,"key":"Nunchaku"},{"floor":30,"key":"Pear"},{"floor":30,"key":"Toy Ornithopter"},{"floor":40,"key":"Pen Nib"},{"floor":40,"key":"CeramicFish"},{"floor":42,"key":"Darkstone Periapt"},{"floor":42,"key":"Centennial Puzzle"},{"floor":44,"key":"Orichalcum"},{"floor":44,"key":"Kunai"},{"floor":55,"key":"Akabeko"},{"floor":55,"key":"Strawberry"}],"event_choices":[{"cards_removed":["Strike_B"],"damage_healed":0,"gold_gain":0,"player_choice":"Card Removal","damage_taken":7,"max_hp_gain":0,"max_hp_loss":0,"event_name":"Golden Wing","floor":3,"gold_loss":0},{"damage_healed":0,"gold_gain":0,"player_choice":"Entered Light","damage_taken":19,"max_hp_gain":0,"max_hp_loss":0,"event_name":"Shining Light","floor":4,"gold_loss":0,"cards_upgraded":["Self Repair","Zap"]},{"damage_healed":0,"gold_gain":0,"player_choice":"Stole Relic","damage_taken":0,"relics_obtained":["Lizard Tail"],"max_hp_gain":0,"max_hp_loss":0,"event_name":"Addict","floor":20,"gold_loss":0,"cards_obtained":["Shame"]},{"damage_healed":0,"gold_gain":0,"player_choice":"Got Potions","damage_taken":0,"max_hp_gain":0,"max_hp_loss":0,"event_name":"Lab","floor":24,"gold_loss":0},{"cards_removed":["Defend_B"],"damage_healed":0,"gold_gain":0,"player_choice":"Elegance","damage_taken":0,"max_hp_gain":0,"max_hp_loss":0,"event_name":"Back to Basics","floor":31,"gold_loss":0},{"damage_healed":0,"gold_gain":275,"player_choice":"Desecrate","damage_taken":0,"max_hp_gain":0,"max_hp_loss":0,"event_name":"Golden Shrine","floor":36,"gold_loss":0,"cards_obtained":["Regret"]},{"damage_healed":0,"gold_gain":0,"player_choice":"Ignored","damage_taken":0,"max_hp_gain":0,"max_hp_loss":0,"event_name":"Tomb of Lord Red Mask","floor":46,"gold_loss":0},{"damage_healed":0,"gold_gain":0,"player_choice":"1 cards matched","damage_taken":0,"max_hp_gain":0,"max_hp_loss":0,"event_name":"Match and Keep!","floor":48,"gold_loss":0,"cards_obtained":["Reboot"]}],"is_beta":false,"boss_relics":[{"not_picked":["SlaversCollar","FrozenCore"],"picked":"Black Star"},{"not_picked":["Runic Dome","Velvet Choker"],"picked":"Coffee Dripper"}],"items_purged_floors":[21,47],"is_endless":false,"potions_floor_spawned":[1,5,7,11,12,14,19,25,30,35,39,42,44],"killed_by":"The Heart","ascension_level":20,"potion_discard_per_floor":[[],[],[],[],[],[],[],[],[],[],[],["LiquidBronze"],[],[],[],[],[],[],[],[],[],[],[],["AttackPotion"],[],[],[],[],[],[],[],[],[],[],[],[],[],[],[],[],[],["Swift Potion"],[],[],[],[],[],[],[],[],[],[],[],[],[],[]]}