{"neow_bonuses_skipped_log":["TRANSFORM_CARD","THREE_ENEMY_KILL","REMOVE_TWO"],"potions_obtained_entropic_brew":[[],[],[],[],[],[],[],[],[],[],[],[],[],[],[],[],[],[],[],[],[],[],[],[],[],[],[],[],[],[],[],[],[],[],[],[],[],[],[],[],[],[],[],[],[],[],[],[],[],[],[],[],[],[],[],[],[]],"neow_costs_skipped_log":["NONE","NONE","PERCENT_DAMAGE"],"gold_per_floor":[116,116,35,35,35,35,52,68,150,181,194,194,18,52,52,131,131,150,169,31,31,43,77,77,97,97,97,131,131,156,166,166,245,245,257,257,311,330,355,381,228,228,305,337,337,351,351,384,384,384,384,384,384,13,43,43],"floor_reached":57,"playtime":7760,"items_purged":["Reprogram","Steam"],"score":3158,"play_id":"5e67a056-1d07-46dd-a271-8d2b7b447142","local_time":"20221122184123","falling_options_log":["White Noise","Heatsinks+1"],"score_breakdown":["Floors Climbed (57): 285","Enemies Slain (12): 24","Exordium Elites Killed (2): 20","City Elites Killed (3): 60","Beyond Elites Killed (3): 90","Bosses Slain (5): 750","Champion (6): 150","Perfect (1): 50","C-c-c-combo: 25","Ascension (20): 1454","Heartbreaker: 250"],"is_ascension_mode":true,"potions_obtained_alchemize":[[],[],[],[],[],[],[],[],[],[],[],[],[],[],[],[],[],[],[],[],[],[],[],[],[],[],[],[],[],[],[],[],[],[],[],[],[],[],[],[],[],[],[],[],[],[],[],[],[],[],[],[],[],[],[],[],[]],"campfire_choices":[{"data":"Zap","floor":6,"key":"SMITH"},{"data":"Biased Cognition","floor":15,"key":"SMITH"},{"data":"Heatsinks","floor":24,"key":"SMITH"},{"data":"Coolheaded","floor":29,"key":"SMITH"},{"data":"Fusion","floor":32,"key":"SMITH"},{"floor":42,"key":"RECALL"},{"data":"Coolheaded","floor":47,"key":"SMITH"},{"data":"Turbo","floor":49,"key":"SMITH"},{"data":"Reinforced Body","floor":53,"key":"SMITH"}],"lesson_learned_per_floor":[[],[],[],[],[],[],[],[],[],[],[],[],[],[],[],[],[],[],[],[],[],[],[],[],[],[],[],[],[],[],[],[],[],[],[],[],[],[],[],[],[],[],[],[],[],[],[],[],[],[],[],[],[],[],[],[],[]],"neow_cost":"NONE","improvable_cards":{},"seed_source_timestamp":8146944132713,"shop_contents":[{"floor":3,"relics":["Shuriken","Ginger","Strange Spoon"],"cards":["Compile Driver","Go for the Eyes","Darkness","Amplify","Good Instincts","Thinking Ahead"],"potions":["PotionOfCapacity","Explosive Potion","Swift Potion"]},{"floor":13,"relics":["Singing Bowl","Emotion Chip","Medical Kit"],"cards":["Sunder","Ball Lightning","Darkness","Turbo","Discovery","Panache"],"potions":["Swift Potion","BlessingOfTheForge","SpeedPotion"]},{"floor":20,"relics":["Pen Nib","Centennial Puzzle","PrismaticShard"],"cards":["Rip and Tear","Blizzard","Force Field","Finesse","Mayhem"],"potions":["SteroidPotion","Dexterity Potion","GamblersBrew"]},{"floor":41,"relics":["Kunai","Juzu Bracelet","HandDrill"],"cards":["Gash","Thunder Strike","BootSequence","Stack","Finesse","Panache"],"potions":["LiquidBronze","Dexterity Potion","Regen Potion"]},{"floor":54,"relics":["Vajra"],"cards":["Blizzard","Sunder","Steam","Storm+1","Violence"],"potions":["Energy Potion","Weak Potion","Regen Potion"]}],"circlet_count":0,"master_deck":["AscendersBane","Zap+1","Dualcast","Ball Lightning","Hello World","Fusion+1","Sweeping Beam","Rainbow","Biased Cognition+1","Electrodynamics","Consume","All For One","White Noise","Coolheaded+1","Reinforced Body+1","Tempest","BootSequence+1","Coolheaded","Heatsinks+1","Ghostly+1","Ghostly","Ghostly","Turbo+1","Coolheaded+1","Core Surge","Compile Driver","Machine Learning","Capacitor","Compile Driver","Hologram","Deep Breath","Seek"],"potion_use_per_floor":[[],[],[],[],[],[],[],[],[],["LiquidBronze"],[],[],[],["FearPotion"],[],[],[],[],[],[],[],[],[],[],[],[],[],["Fire Potion"],[],[],[],[],[],[],[],[],["GamblersBrew"],[],[],[],[],[],[],[],[],[],[],[],[],[],[],[],[],[],[],["Dexterity Potion","FearPotion"],[]],"relics":["Busted Crown","Mercury Hourglass","Pear","Calipers","Dream Catcher","Pandora\u0027s Box","Bag of Marbles","Bag of Preparation","Pantograph","Sundial","Strawberry","Coffee Dripper","Gambling Chip","Ice Cream","Unceasing Top","Ancient Tea Set","Frozen Egg 2","Membership Card","War Paint","InkBottle"],"potions_floor_usage":[10,14,28,37,56,56],"damage_taken":[{"damage":4,"enemies":"Jaw Worm","floor":1,"turns":4},{"damage":1,"enemies":"Cultist","floor":7,"turns":3},{"damage":5,"enemies":"Small Slimes","floor":8,"turns":3},{"damage":15,"enemies":"3 Sentries","floor":10,"turns":4},{"damage":7,"enemies":"2 Fungi Beasts","floor":11,"turns":2},{"damage":0,"enemies":"Gremlin Nob","floor":14,"turns":2},{"damage":16,"enemies":"Slime Boss","floor":16,"turns":4},{"damage":21,"enemies":"Shell Parasite","floor":18,"turns":3},{"damage":0,"enemies":"Chosen","floor":19,"turns":3},{"damage":3,"enemies":"Snecko","floor":22,"turns":7},{"damage":11,"enemies":"Book of Stabbing","floor":23,"turns":7},{"damage":0,"enemies":"Centurion and Healer","floor":25,"turns":3},{"damage":0,"enemies":"Slavers","floor":28,"turns":4},{"damage":0,"enemies":"Book of Stabbing","floor":30,"turns":4},{"damage":0,"enemies":"Snake Plant","floor":31,"turns":4},{"damage":3,"enemies":"Automaton","floor":33,"turns":12},{"damage":0,"enemies":"Orb Walker","floor":35,"turns":4},{"damage":0,"enemies":"2 Orb Walkers","floor":37,"turns":4},{"damage":0,"enemies":"3 Shapes","floor":38,"turns":4},{"damage":0,"enemies":"Mind Bloom Boss Battle","floor":39,"turns":4},{"damage":0,"enemies":"Reptomancer","floor":40,"turns":4},{"damage":0,"enemies":"Giant Head","floor":44,"turns":9},{"damage":0,"enemies":"Sphere and 2 Shapes","floor":46,"turns":5},{"damage":0,"enemies":"Nemesis","floor":48,"turns":3},{"damage":0,"enemies":"Awakened One","floor":50,"turns":19},{"damage":2,"enemies":"Donu and Deca","floor":51,"turns":10},{"damage":37,"enemies":"Shield and Spear","floor":55,"turns":4},{"damage":31,"enemies":"The Heart","floor":56,"turns":11}],"green_key_taken_log":14,"seed_played":"1342446569465918213","neow_bonus_log":{"cardsObtained":[],"cardsUpgraded":[],"cardsRemoved":[],"cardsTransformed":[],"relicsObtained":["Busted Crown"],"maxHpGained":0,"goldGained":0,"damageTaken":0,"goldLost":0,"maxHpLost":0},"potions_obtained":[{"floor":7,"key":"LiquidBronze"},{"floor":8,"key":"FearPotion"},{"floor":18,"key":"GamblersBrew"},{"floor":19,"key":"Fire Potion"},{"floor":30,"key":"SteroidPotion"},{"floor":38,"key":"FearPotion"},{"floor":55,"key":"Dexterity Potion"}],"is_trial":false,"path_per_floor":["M","?","$","T","?","R","M","M","T","E","M","?","$","E","R","B",null,"M","M","$","?","M","E","R","M","T","T","E","R","E","M","R","B",null,"M","?","?","M","?","E","$","R","T","E","?","M","R","E","R","B","B",null,"R","$","E","B",null],"character_chosen":"DEFECT","items_purchased":["Hello World","Biased Cognition","Coolheaded","Heatsinks","Capacitor","Membership Card","Hologram","Deep Breath","War Paint"],"campfire_rested":0,"item_purchase_floors":[3,13,20,20,41,54,54,54,54],"current_hp_per_floor":[60,56,56,56,56,56,55,50,60,45,38,38,38,38,38,22,66,45,45,45,40,37,26,26,26,26,26,26,26,33,33,33,44,46,46,46,46,46,47,47,47,47,47,47,47,47,47,47,47,47,45,47,47,47,10,4],"gold":43,"neow_bonus":"BOSS_RELIC","is_prod":false,"is_daily":false,"rewards_skipped":[{"floor":25,"relics":[],"potions":["FearPotion"]},{"floor":35,"relics":[],"potions":["Dexterity Potion"]},{"floor":46,"relics":[],"potions":["Explosive Potion"]}],"chose_seed":false,"campfire_upgraded":8,"win_rate":0,"floor_exit_playtime":[252,309,393,396,451,506,552,602,604,678,746,781,831,896,901,982,1184,1246,1427,1559,1588,1888,2070,2077,2137,2145,2237,2415,2441,2551,2629,2682,3191,3354,3489,3494,3756,3810,3985,4131,4216,4220,4227,4524,4528,4622,4645,4738,4764,5292,5730,5741,5975,6186,6681,7760],"timestamp":1669160483,"blue_key_relic_skipped_log":{"floor":43,"relicID":"Eternal Feather"},"path_taken":["M","?","$","?","?","R","M","M","T","E","M","?","$","E","R","BOSS","M","M","$","?","M","E","R","M","T","?","E","R","E","M","R","BOSS","M","?","?","M","?","E","$","R","T","E","?","M","R","E","R","BOSS","BOSS","R","$","E","BOSS"],"build_version":"2022-10-04","purchased_purges":2,"victory":true,"max_hp_per_floor":[71,71,71,71,71,71,71,71,81,81,81,81,81,81,81,81,81,81,81,81,40,40,40,40,40,40,40,40,40,47,47,47,47,47,47,47,47,47,47,47,47,47,47,47,47,47,47,47,47,47,47,47,47,47,47,47],"relic_stats":{"Ice Cream":[42],"Calipers":[3348],"counters":[28,149],"Bag of Preparation":[32],"War Paint":["Ghostly","BootSequence"],"Ancient Tea Set":[6],"Mercury Hourglass":[560],"Dream Catcher":0,"Busted Crown":50,"Sundial":[34],"Pantograph":40,"Gambling Chip":[35],"Pandora\u0027s Box":["Consume","Reprogram","All For One","White Noise","Coolheaded","Reinforced Body","Tempest"],"Membership Card":203,"obtain_stats":[{"Ice Cream":39,"Pear":9,"Calipers":10,"Bag of Preparation":26,"Frozen Egg 2":48,"War Paint":54,"Ancient Tea Set":44,"Mercury Hourglass":4,"Dream Catcher":14,"Busted Crown":0,"Sundial":28,"Pantograph":27,"Strawberry":30,"Gambling Chip":37,"Pandora\u0027s Box":17,"Bag of Marbles":23,"Coffee Dripper":34,"Membership Card":54,"Cracked Core":0,"Unceasing Top":40,"InkBottle":55},{"Ice Cream":20,"Pear":3,"Calipers":4,"Bag of Preparation":12,"Frozen Egg 2":24,"War Paint":26,"Ancient Tea Set":22,"Mercury Hourglass":1,"Dream Catcher":6,"Busted Crown":0,"Sundial":13,"Pantograph":12,"Strawberry":14,"Gambling Chip":18,"Pandora\u0027s Box":7,"Bag of Marbles":11,"Coffee Dripper":16,"Membership Card":26,"Cracked Core":0,"Unceasing Top":21,"InkBottle":27},{"Ice Cream":84,"Pear":10,"Calipers":14,"Bag of Preparation":45,"Frozen Egg 2":105,"War Paint":134,"Ancient Tea Set":97,"Mercury Hourglass":4,"Dream Catcher":18,"Busted Crown":0,"Sundial":49,"Pantograph":45,"Strawberry":53,"Gambling Chip":77,"Pandora\u0027s Box":22,"Bag of Marbles":42,"Coffee Dripper":69,"Membership Card":134,"Cracked Core":0,"Unceasing Top":88,"InkBottle":138}],"Unceasing Top":[1],"InkBottle":[12]},"card_choices":[{"not_picked":[],"picked":"Ball Lightning","floor":1},{"not_picked":[],"picked":"Fusion","floor":7},{"not_picked":[],"picked":"Streamline","floor":8},{"not_picked":[],"picked":"Sweeping Beam","floor":10},{"not_picked":["Barrage"],"picked":"SKIP","floor":11},{"not_picked":[],"picked":"Steam","floor":14},{"not_picked":[],"picked":"Electrodynamics","floor":16},{"not_picked":[],"picked":"BootSequence","floor":18},{"not_picked":[],"picked":"Turbo","floor":22},{"not_picked":["Streamline+1"],"picked":"SKIP","floor":23},{"not_picked":[],"picked":"Coolheaded","floor":25},{"not_picked":[],"picked":"Core Surge","floor":28},{"not_picked":["Melter"],"picked":"SKIP","floor":30},{"not_picked":[],"picked":"Compile Driver","floor":31},{"not_picked":[],"picked":"Machine Learning","floor":33},{"not_picked":["Sweeping Beam+1"],"picked":"SKIP","floor":35},{"not_picked":["Heatsinks"],"picked":"SKIP","floor":37},{"not_picked":["Ball Lightning"],"picked":"SKIP","floor":38},{"not_picked":["Steam"],"picked":"SKIP","floor":39},{"not_picked":["Fusion"],"picked":"SKIP","floor":40},{"not_picked":["Gash"],"picked":"SKIP","floor":44},{"not_picked":[],"picked":"Compile Driver","floor":46},{"not_picked":["Scrape"],"picked":"SKIP","floor":48},{"not_picked":[],"picked":"Seek","floor":55}],"player_experience":4508292,"relics_obtained":[{"floor":4,"key":"Mercury Hourglass"},{"floor":9,"key":"Pear"},{"floor":10,"key":"Calipers"},{"floor":14,"key":"Dream Catcher"},{"floor":23,"key":"Bag of Marbles"},{"floor":26,"key":"Bag of Preparation"},{"floor":27,"key":"Pantograph"},{"floor":28,"key":"Sundial"},{"floor":30,"key":"Strawberry"},{"floor":37,"key":"Gambling Chip"},{"floor":39,"key":"Ice Cream"},{"floor":40,"key":"Unceasing Top"},{"floor":44,"key":"Ancient Tea Set"},{"floor":48,"key":"Frozen Egg 2"},{"floor":55,"key":"InkBottle"}],"event_choices":[{"damage_healed":0,"gold_gain":0,"player_choice":"Bought 0 Potions","damage_taken":0,"max_hp_gain":0,"max_hp_loss":0,"event_name":"The Woman in Blue","floor":2,"gold_loss":0},{"damage_healed":0,"gold_gain":0,"player_choice":"Ignored","damage_taken":0,"max_hp_gain":0,"max_hp_loss":0,"event_name":"Liars Game","floor":5,"gold_loss":0},{"damage_healed":0,"gold_gain":0,"cards_transformed":["Defend_B"],"player_choice":"Change","damage_taken":0,"max_hp_gain":0,"max_hp_loss":0,"event_name":"Living Wall","floor":12,"gold_loss":0,"cards_obtained":["Rainbow"]},{"damage_healed":0,"gold_gain":0,"player_choice":"Became a Ghost","damage_taken":0,"max_hp_gain":0,"max_hp_loss":41,"event_name":"Ghosts","floor":21,"gold_loss":0,"cards_obtained":["Ghostly","Ghostly","Ghostly"]},{"cards_removed":["Streamline"],"damage_healed":0,"gold_gain":0,"player_choice":"Removed Attack","damage_taken":0,"max_hp_gain":0,"max_hp_loss":0,"event_name":"Falling","floor":36,"gold_loss":0},{"damage_healed":0,"gold_gain":0,"player_choice":"Fight","damage_taken":0,"max_hp_gain":0,"max_hp_loss":0,"event_name":"Mysterious Sphere","floor":37,"gold_loss":0},{"damage_healed":0,"gold_gain":0,"player_choice":"Fight","damage_taken":0,"max_hp_gain":0,"max_hp_loss":0,"event_name":"MindBloom","floor":39,"gold_loss":0},{"damage_healed":0,"gold_gain":0,"player_choice":"Ignored","damage_taken":0,"max_hp_gain":0,"max_hp_loss":0,"event_name":"Tomb of Lord Red Mask","floor":45,"gold_loss":0}],"is_beta":false,"boss_relics":[{"not_picked":["Fusion Hammer","SacredBark"],"picked":"Pandora\u0027s Box"},{"not_picked":["Velvet Choker","Astrolabe"],"picked":"Coffee Dripper"}],"items_purged_floors":[41,54],"is_endless":false,"potions_floor_spawned":[7,8,18,19,25,30,35,38,46,55],"ascension_level":20,"potion_discard_per_floor":[[],[],[],[],[],[],[],[],[],[],[],[],[],[],[],[],[],[],[],[],[],[],[],[],[],[],[],[],[],[],[],[],[],[],[],[],[],[],[],[],[],[],[],[],[],[],[],[],[],[],[],[],[],[],["SteroidPotion"],[],[]]}