{"neow_bonuses_skipped_log":["ONE_RANDOM_RARE_CARD","THREE_ENEMY_KILL","BOSS_RELIC"],"potions_obtained_entropic_brew":[[],[],[],[],[],[],[],[],[],[],[],[],[],[],[],[],[],[],[],[],[],[],[],[],[],[],[],[],[],[],[],[],[],[],[],[],[],[],[],[],[],[],[],[],[],[],[],[],[],[],[],[],[],[],[],[],[]],"neow_costs_skipped_log":["NONE","NONE","NONE"],"gold_per_floor":[361,372,372,447,9,79,79,79,147,176,6,6,39,57,57,153,153,168,186,186,201,3,3,37,37,37,37,37,62,82,126,126,219,219,233,92,106,106,130,130,163,8,8,31,31,110,443,475,475,475,475,475,475,36,66,66],"floor_reached":57,"playtime":5810,"items_purged":["Defend_B","Zap","Strike_B","Strike_B","Strike_B+1"],"score":2978,"play_id":"7cc13803-cde8-4871-845d-19ced3aef025","local_time":"20221209203920","score_breakdown":["Floors Climbed (57): 285","Enemies Slain (12): 24","Exordium Elites Killed (3): 30","City Elites Killed (2): 40","Beyond Elites Killed (2): 60","Bosses Slain (5): 750","Money Money (1588): 25","Librarian: 25","Champion (4): 100","Overkill: 25","C-c-c-combo: 25","Ascension (20): 1339","Heartbreaker: 250"],"is_ascension_mode":true,"potions_obtained_alchemize":[[],[],[],[],[],[],[],[],[],[],[],[],[],[],[],[],[],[],[],[],[],[],[],[],[],[],[],[],[],[],[],[],[],[],[],[],[],[],[],[],[],[],[],[],[],[],[],[],[],[],[],[],[],[],[],[],[]],"campfire_choices":[{"floor":7,"key":"REST"},{"data":"Dualcast","floor":15,"key":"SMITH"},{"data":"Sunder","floor":23,"key":"SMITH"},{"data":"RitualDagger","floor":28,"key":"SMITH"},{"data":"Go for the Eyes","floor":32,"key":"SMITH"},{"data":"Seek","floor":40,"key":"SMITH"},{"floor":45,"key":"RECALL"},{"data":"Coolheaded","floor":49,"key":"SMITH"},{"data":"Madness","floor":53,"key":"SMITH"}],"lesson_learned_per_floor":[[],[],[],[],[],[],[],[],[],[],[],[],[],[],[],[],[],[],[],[],[],[],[],[],[],[],[],[],[],[],[],[],[],[],[],[],[],[],[],[],[],[],[],[],[],[],[],[],[],[],[],[],[],[],[],[],[]],"neow_cost":"PERCENT_DAMAGE","improvable_cards":{"RitualDagger+1":[70]},"seed_source_timestamp":28142475546943,"shop_contents":[{"floor":5,"relics":[],"cards":["Barrage","Compile Driver","Steam","Conserve Battery","Enlightenment","Metamorphosis"],"potions":["Energy Potion","Dexterity Potion"]},{"floor":11,"relics":["CaptainsWheel","Cauldron"],"cards":["Gash","Ball Lightning","Reinforced Body","Glacier","Static Discharge","Flash of Steel","The Bomb"],"potions":["AttackPotion","Ancient Potion"]},{"floor":22,"relics":["Blue Candle","Cables"],"cards":["Sunder","Rebound","Aggregate","Panacea","Chrysalis"],"potions":["DuplicationPotion","Swift Potion","LiquidBronze"]},{"floor":25,"relics":["Vajra","Orichalcum","Orrery"],"cards":["Cold Snap","Rebound","Conserve Battery","Leap","Heatsinks","Dark Shackles","Secret Weapon"],"potions":["Fire Potion","PowerPotion","Fruit Juice"]},{"floor":36,"relics":["CeramicFish","Ancient Tea Set","Sling"],"cards":["Rip and Tear","Tempest","Finesse","Chrysalis"],"potions":["Dexterity Potion","Dexterity Potion","LiquidBronze"]},{"floor":42,"relics":["Girya","Chemical X"],"cards":["Scrape","Lockon","Stack","Leap","Hello World+1","Madness","Magnetism+1"],"potions":["Regen Potion","Strength Potion","Explosive Potion"]},{"floor":54,"relics":["Shuriken","Boot"],"cards":["Core Surge","Doom and Gloom","Steam","Capacitor+1"],"potions":["Block Potion","SkillPotion"]}],"circlet_count":0,"master_deck":["AscendersBane","Defend_B","Defend_B","Defend_B","Dualcast+1","Melter","Ball Lightning+1","Hello World","Glacier","Conserve Battery","Compile Driver","Seek","Leap","Coolheaded","Sunder+1","Seek+1","Coolheaded+1","Self Repair","RitualDagger+1","Hologram+1","Go for the Eyes+1","Buffer+1","Meteor Strike","Recycle","Defragment+1","Turbo","Compile Driver","Seek","Madness","Madness+1","Beam Cell+1","Hologram","Hologram","Turbo","Dark Shackles","Master of Strategy","Fission","Recycle+1"],"potion_use_per_floor":[[],[],[],[],[],["ColorlessPotion"],[],[],[],["ColorlessPotion"],[],[],[],[],[],["Fruit Juice"],[],[],[],[],[],[],[],[],[],[],[],[],["Explosive Potion"],[],["Explosive Potion"],[],["Energy Potion"],[],[],[],[],[],[],[],[],[],[],[],[],[],[],[],[],[],[],[],[],[],[],["PowerPotion","BlessingOfTheForge"],[]],"relics":["Cracked Core","Membership Card","Strawberry","Bronze Scales","Pen Nib","Gremlin Horn","Bag of Preparation","Meat on the Bone","Whetstone","Philosopher\u0027s Stone","DollysMirror","Oddly Smooth Stone","Frozen Egg 2","Pantograph","Runic Pyramid","Regal Pillow","Potion Belt","Symbiotic Virus","Centennial Puzzle","Frozen Eye","Lantern"],"potions_floor_usage":[6,10,16,29,31,33,56,56],"damage_taken":[{"damage":0,"enemies":"Small Slimes","floor":1,"turns":3},{"damage":0,"enemies":"Cultist","floor":2,"turns":4},{"damage":15,"enemies":"3 Sentries","floor":6,"turns":5},{"damage":11,"enemies":"Gremlin Nob","floor":10,"turns":3},{"damage":9,"enemies":"Lagavulin","floor":13,"turns":7},{"damage":1,"enemies":"2 Louse","floor":14,"turns":4},{"damage":3,"enemies":"The Guardian","floor":16,"turns":12},{"damage":9,"enemies":"2 Thieves","floor":18,"turns":3},{"damage":1,"enemies":"Chosen","floor":19,"turns":4},{"damage":6,"enemies":"3 Cultists","floor":21,"turns":6},{"damage":0,"enemies":"Gremlin Leader","floor":24,"turns":6},{"damage":0,"enemies":"Snecko","floor":29,"turns":3},{"damage":12,"enemies":"Centurion and Healer","floor":30,"turns":6},{"damage":15,"enemies":"Slavers","floor":31,"turns":4},{"damage":48,"enemies":"Champ","floor":33,"turns":14},{"damage":0,"enemies":"3 Shapes","floor":35,"turns":4},{"damage":0,"enemies":"3 Darklings","floor":37,"turns":4},{"damage":25,"enemies":"Maw","floor":39,"turns":7},{"damage":0,"enemies":"Nemesis","floor":41,"turns":5},{"damage":0,"enemies":"Transient","floor":44,"turns":6},{"damage":0,"enemies":"Reptomancer","floor":48,"turns":5},{"damage":42,"enemies":"Donu and Deca","floor":50,"turns":16},{"damage":18,"enemies":"Awakened One","floor":51,"turns":14},{"damage":0,"enemies":"Shield and Spear","floor":55,"turns":4},{"damage":24,"enemies":"The Heart","floor":56,"turns":8}],"green_key_taken_log":13,"seed_played":"4759322252180910316","neow_bonus_log":{"cardsObtained":[],"cardsUpgraded":[],"cardsRemoved":[],"cardsTransformed":[],"relicsObtained":[],"maxHpGained":0,"goldGained":250,"damageTaken":18,"goldLost":0,"maxHpLost":0},"potions_obtained":[{"floor":6,"key":"ColorlessPotion"},{"floor":14,"key":"Fruit Juice"},{"floor":16,"key":"BlessingOfTheForge"},{"floor":29,"key":"Explosive Potion"},{"floor":30,"key":"FairyPotion"},{"floor":31,"key":"Energy Potion"},{"floor":33,"key":"Weak Potion"},{"floor":35,"key":"PowerPotion"},{"floor":44,"key":"BlessingOfTheForge"}],"is_trial":false,"path_per_floor":["M","M","?","?","$","E","R","?","T","E","$","?","E","M","R","B",null,"M","M","?","M","$","R","E","$","T","?","R","M","M","E","R","B",null,"M","$","M","?","M","R","E","$","T","M","R","T","?","E","R","B","B",null,"R","$","E","B",null],"character_chosen":"DEFECT","items_purchased":["Membership Card","Strawberry","Bronze Scales","ColorlessPotion","Hello World","Meat on the Bone","Explosive Potion","DollysMirror","Coolheaded","Self Repair","Defragment+1","Turbo","Compile Driver","Potion Belt","Frozen Eye","Dark Shackles","Master of Strategy","Fission","Weak Potion"],"campfire_rested":1,"item_purchase_floors":[5,5,5,5,5,11,11,22,22,22,36,36,36,42,54,54,54,54,54],"current_hp_per_floor":[46,46,39,28,35,20,43,43,43,32,32,32,35,46,46,48,69,60,59,55,49,49,49,56,56,56,50,50,50,57,49,49,45,68,75,75,76,62,56,56,63,63,63,70,70,70,70,76,76,53,65,73,73,73,73,59],"gold":66,"neow_bonus":"TWO_FIFTY_GOLD","is_prod":false,"is_daily":false,"rewards_skipped":[],"chose_seed":false,"campfire_upgraded":7,"win_rate":0,"floor_exit_playtime":[142,173,187,194,253,364,370,376,379,504,543,547,674,741,781,974,1003,1124,1202,1216,1338,1402,1408,1535,1547,1553,1562,1570,1619,1788,1863,1891,2293,2434,2523,2578,2698,2722,2877,2883,3027,3052,3058,3302,3318,3320,3326,3489,3520,3949,4389,4403,4414,4536,4731,5810],"timestamp":1670636360,"blue_key_relic_skipped_log":{"floor":43,"relicID":"Letter Opener"},"path_taken":["M","M","?","?","$","E","R","?","T","E","$","?","E","M","R","BOSS","M","M","?","?","$","R","E","?","T","?","R","M","M","E","R","BOSS","M","$","M","?","M","R","E","$","T","M","R","?","?","E","R","BOSS","BOSS","R","$","E","BOSS"],"build_version":"2022-12-01","purchased_purges":5,"victory":true,"max_hp_per_floor":[71,71,71,71,78,78,78,78,78,78,78,71,71,71,71,76,76,76,76,76,76,76,76,76,76,76,76,76,76,76,76,76,76,76,76,76,76,76,76,76,76,76,76,76,76,76,76,76,76,76,76,76,76,76,76,76],"relic_stats":{"Regal Pillow":0,"Gremlin Horn":[29,29],"counters":[25,157],"Pen Nib":[33],"Bag of Preparation":[42],"Whetstone":["Ball Lightning","Strike_B"],"Frozen Eye":146.11519,"Centennial Puzzle":[9],"Bronze Scales":[498],"Pantograph":51,"Membership Card":1367,"obtain_stats":[{"Potion Belt":42,"Regal Pillow":41,"Lantern":55,"Gremlin Horn":9,"Golden Idol":12,"Oddly Smooth Stone":24,"Pen Nib":6,"Bag of Preparation":10,"Whetstone":13,"Frozen Egg 2":26,"Frozen Eye":54,"Centennial Puzzle":48,"DollysMirror":22,"Strawberry":5,"Bronze Scales":5,"Pantograph":31,"Philosopher\u0027s Stone":17,"Membership Card":5,"Cracked Core":0,"Symbiotic Virus":46,"Meat on the Bone":11,"Runic Pyramid":34},{"Potion Belt":19,"Regal Pillow":19,"Lantern":24,"Gremlin Horn":3,"Golden Idol":4,"Oddly Smooth Stone":11,"Pen Nib":3,"Bag of Preparation":4,"Whetstone":5,"Frozen Egg 2":11,"Frozen Eye":23,"Centennial Puzzle":21,"DollysMirror":10,"Strawberry":2,"Bronze Scales":2,"Pantograph":14,"Philosopher\u0027s Stone":7,"Membership Card":2,"Cracked Core":0,"Symbiotic Virus":20,"Meat on the Bone":4,"Runic Pyramid":15},{"Potion Belt":104,"Regal Pillow":104,"Lantern":149,"Gremlin Horn":12,"Golden Idol":15,"Oddly Smooth Stone":57,"Pen Nib":12,"Bag of Preparation":15,"Whetstone":22,"Frozen Egg 2":57,"Frozen Eye":145,"Centennial Puzzle":115,"DollysMirror":51,"Strawberry":7,"Bronze Scales":7,"Pantograph":70,"Philosopher\u0027s Stone":38,"Membership Card":7,"Cracked Core":0,"Symbiotic Virus":110,"Meat on the Bone":15,"Runic Pyramid":84}],"Meat on the Bone":72},"card_choices":[{"not_picked":["Barrage","Darkness"],"picked":"Melter","floor":1},{"not_picked":["Streamline","Coolheaded"],"picked":"Ball Lightning","floor":2},{"not_picked":["Cold Snap","Fission"],"picked":"Glacier","floor":6},{"not_picked":["Redo","Turbo"],"picked":"Conserve Battery","floor":10},{"not_picked":["FTL","Steam"],"picked":"Compile Driver","floor":13},{"not_picked":["Scrape","Barrage","Heatsinks"],"picked":"SKIP","floor":14},{"not_picked":["Thunder Strike","Electrodynamics"],"picked":"Seek","floor":16},{"not_picked":["Sweeping Beam","Streamline"],"picked":"Leap","floor":18},{"not_picked":["Rebound","Storm+1"],"picked":"Coolheaded","floor":19},{"not_picked":["Cold Snap","Coolheaded"],"picked":"Sunder","floor":21},{"not_picked":["Leap","Heatsinks","Sunder"],"picked":"SKIP","floor":24},{"not_picked":["Self Repair+1","Storm+1"],"picked":"Hologram+1","floor":29},{"not_picked":["Coolheaded","Barrage"],"picked":"Go for the Eyes","floor":30},{"not_picked":["Sunder","Streamline"],"picked":"Buffer+1","floor":31},{"not_picked":["Reboot","Machine Learning+1"],"picked":"Meteor Strike","floor":33},{"not_picked":["Hologram+1","Coolheaded+1"],"picked":"Recycle","floor":35},{"not_picked":["Gash","Beam Cell"],"picked":"Seek","floor":37},{"not_picked":["Rebound","FTL"],"picked":"Beam Cell+1","floor":39},{"not_picked":["Auto Shields","Rebound"],"picked":"Hologram","floor":41},{"not_picked":["Gash","Force Field"],"picked":"Hologram","floor":44},{"not_picked":["Cold Snap","Steam"],"picked":"Turbo","floor":48},{"not_picked":["Fission","FTL"],"picked":"Recycle+1","floor":55}],"player_experience":4677689,"relics_obtained":[{"floor":6,"key":"Pen Nib"},{"floor":9,"key":"Gremlin Horn"},{"floor":10,"key":"Bag of Preparation"},{"floor":13,"key":"Whetstone"},{"floor":24,"key":"Oddly Smooth Stone"},{"floor":26,"key":"Frozen Egg 2"},{"floor":31,"key":"Pantograph"},{"floor":41,"key":"Regal Pillow"},{"floor":46,"key":"Symbiotic Virus"},{"floor":48,"key":"Centennial Puzzle"},{"floor":55,"key":"Lantern"}],"event_choices":[{"cards_removed":["Strike_B"],"damage_healed":0,"gold_gain":0,"player_choice":"Card Removal","damage_taken":7,"max_hp_gain":0,"max_hp_loss":0,"event_name":"Golden Wing","floor":3,"gold_loss":0},{"damage_healed":0,"gold_gain":75,"player_choice":"Gather Gold","damage_taken":11,"max_hp_gain":0,"max_hp_loss":0,"event_name":"World of Goop","floor":4,"gold_loss":0},{"damage_healed":0,"gold_gain":0,"player_choice":"Searched \u00270\u0027 times","damage_taken":0,"max_hp_gain":0,"max_hp_loss":0,"event_name":"Dead Adventurer","floor":8,"gold_loss":0},{"damage_healed":0,"gold_gain":0,"player_choice":"Lose Max HP","damage_taken":0,"relics_obtained":["Golden Idol"],"max_hp_gain":0,"max_hp_loss":7,"event_name":"Golden Idol","floor":12,"gold_loss":0},{"damage_healed":0,"gold_gain":0,"player_choice":"Bought 0 Potions","damage_taken":0,"max_hp_gain":0,"max_hp_loss":0,"event_name":"The Woman in Blue","floor":20,"gold_loss":0},{"damage_healed":0,"gold_gain":0,"player_choice":"Joined the Cult","damage_taken":6,"max_hp_gain":0,"max_hp_loss":0,"event_name":"Nest","floor":27,"gold_loss":0,"cards_obtained":["RitualDagger"]},{"damage_healed":0,"gold_gain":0,"player_choice":"Embrace Madness","damage_taken":14,"max_hp_gain":0,"max_hp_loss":0,"event_name":"Winding Halls","floor":38,"gold_loss":0,"cards_obtained":["Madness","Madness"]},{"damage_healed":0,"gold_gain":333,"player_choice":"Gave Idol","damage_taken":0,"max_hp_gain":0,"max_hp_loss":0,"event_name":"The Moai Head","floor":47,"relics_lost":["Golden Idol"],"gold_loss":0}],"is_beta":false,"boss_relics":[{"not_picked":["FrozenCore","Fusion Hammer"],"picked":"Philosopher\u0027s Stone"},{"not_picked":["Pandora\u0027s Box","Snecko Eye"],"picked":"Runic Pyramid"}],"items_purged_floors":[5,22,36,42,54],"is_endless":false,"potions_floor_spawned":[6,14,16,29,30,31,33,35,44],"ascension_level":20,"potion_discard_per_floor":[[],[],[],[],[],[],[],[],[],[],[],[],[],[],[],[],[],[],[],[],[],[],[],[],[],[],[],[],[],["BlessingOfTheForge"],[],[],[],[],["Weak Potion"],[],[],[],[],[],[],[],[],[],[],[],[],[],[],[],[],[],[],[],[],["FairyPotion"],[]]}