{"neow_bonuses_skipped_log":["THREE_CARDS","THREE_SMALL_POTIONS","BOSS_RELIC"],"potions_obtained_entropic_brew":[[],[],[],[],[],[],[],[],[],["FocusPotion","Explosive Potion"],[],[],[],[],[],[],[],[],[],[],[],[],[],[],[],[],[],[],[],[],[],[],[],[],[],[],[],[],[],[],[],[],[],[],[],[],[],[],[],[],[],[],[],[],[],[],[]],"neow_costs_skipped_log":["NONE","NONE","NONE"],"gold_per_floor":[368,368,38,38,38,38,56,90,390,390,415,435,479,493,493,589,589,605,619,655,673,161,195,12,12,81,121,141,141,155,173,173,272,272,290,46,64,78,103,144,144,175,175,175,198,198,237,255,255,255,255,255,255,18,53,53],"floor_reached":57,"playtime":5481,"items_purged":["Decay","Zap","FTL","Cold Snap"],"score":3388,"play_id":"690a33da-c998-4f92-b680-1664819eb7b6","local_time":"20221212190452","score_breakdown":["Floors Climbed (57): 285","Enemies Slain (17): 34","Exordium Elites Killed (2): 20","City Elites Killed (2): 40","Beyond Elites Killed (3): 90","Bosses Slain (5): 750","Money Money (1520): 25","Librarian: 25","Champion (4): 100","Beyond Perfect: 200","C-c-c-combo: 25","Ascension (20): 1544","Heartbreaker: 250"],"is_ascension_mode":true,"potions_obtained_alchemize":[[],[],[],[],[],[],[],[],[],[],[],[],[],[],[],[],[],[],[],[],[],[],[],[],[],[],[],[],[],[],[],[],[],[],[],[],[],[],[],[],[],[],[],[],[],[],[],[],[],[],[],[],[],[],[],[],[]],"campfire_choices":[{"data":"Streamline","floor":6,"key":"SMITH"},{"floor":10,"key":"REST"},{"floor":15,"key":"REST"},{"data":"Coolheaded","floor":29,"key":"SMITH"},{"data":"TalkToTheHand","floor":32,"key":"SMITH"},{"floor":41,"key":"RECALL"},{"data":"Acrobatics","floor":44,"key":"SMITH"},{"data":"Ghostly","floor":49,"key":"SMITH"},{"data":"Ghostly","floor":53,"key":"SMITH"}],"lesson_learned_per_floor":[[],[],[],[],[],[],[],[],[],[],[],[],[],[],[],[],[],[],[],[],[],[],[],[],[],[],[],[],[],[],[],[],[],[],[],[],[],[],[],[],[],[],[],[],[],[],[],[],[],[],[],[],[],[],[],[],[]],"neow_cost":"CURSE","improvable_cards":{"Genetic Algorithm":[69]},"seed_source_timestamp":33500416223800,"shop_contents":[{"floor":3,"relics":["Centennial Puzzle","Ornamental Fan"],"cards":["Streamline","Steam Power","Leap","Hello World","PanicButton","Metamorphosis"],"potions":["Weak Potion","Block Potion","LiquidMemories"]},{"floor":22,"relics":["DataDisk","Frozen Egg 2"],"cards":["FTL","Gash","Redo","Hello World","Trip"],"potions":["SpeedPotion","LiquidBronze","Weak Potion"]},{"floor":24,"relics":["Singing Bowl","Unceasing Top"],"cards":["Lockon","Blizzard","Tempest","Loop","Panacea","Magnetism"],"potions":["SneckoOil","ColorlessPotion","SteroidPotion"]},{"floor":36,"relics":["Dream Catcher","Frozen Eye"],"cards":["Cold Snap","Lockon","Redo","Capacitor","Jack Of All Trades","Master of Strategy"],"potions":["Swift Potion","SpeedPotion","GamblersBrew"]},{"floor":54,"relics":["Thread and Needle"],"cards":["Beam Cell","Thunder Strike","Leap","Darkness","Self Repair","Bandage Up","Metamorphosis"],"potions":["SkillPotion","SpeedPotion","Swift Potion"]}],"circlet_count":0,"master_deck":["AscendersBane","Dualcast","Streamline+1","Meteor Strike","Force Field","Coolheaded+1","Well Laid Plans+1","JustLucky","Outmaneuver","Spot Weakness","Iron Wave","Echo Form","Dual Wield","Clothesline","Meteor Strike","Hologram","Mayhem","PiercingWail","Coolheaded","Ghostly","Ghostly+1","Ghostly+1","Tools of the Trade","TalkToTheHand+1","Apotheosis","Genetic Algorithm","Go for the Eyes","Core Surge","Buffer","Electrodynamics","Shrug It Off","Glacier","Fasting2+1","Acrobatics+1","Compile Driver+1"],"potion_use_per_floor":[[],[],[],[],[],[],[],["SneckoOil"],[],["EntropicBrew"],[],["Explosive Potion"],["EssenceOfDarkness"],[],[],["PowerPotion"],[],["LiquidMemories"],["FearPotion"],["AttackPotion"],[],[],["Swift Potion"],[],[],[],["Regen Potion"],[],[],[],[],[],[],[],[],[],[],[],[],[],[],[],[],[],[],[],[],[],[],[],[],[],[],[],["DuplicationPotion"],["Block Potion","DuplicationPotion"],[]],"relics":["Cracked Core","Golden Idol","PrismaticShard","White Beast Statue","Vajra","Old Coin","Happy Flower","Snecko Eye","Red Mask","DollysMirror","Whetstone","Membership Card","Mummified Hand","Gambling Chip","Pandora\u0027s Box","Kunai","Mercury Hourglass","Darkstone Periapt","Ancient Tea Set","Lee\u0027s Waffle","Lantern","Calipers"],"potions_floor_usage":[8,10,12,13,16,18,19,20,23,27,55,56,56],"damage_taken":[{"damage":11,"enemies":"2 Louse","floor":1,"turns":4},{"damage":0,"enemies":"Small Slimes","floor":7,"turns":2},{"damage":25,"enemies":"Lagavulin","floor":8,"turns":4},{"damage":0,"enemies":"Cultist","floor":11,"turns":3},{"damage":10,"enemies":"Gremlin Gang","floor":12,"turns":3},{"damage":21,"enemies":"3 Sentries","floor":13,"turns":5},{"damage":7,"enemies":"Looter","floor":14,"turns":2},{"damage":20,"enemies":"Slime Boss","floor":16,"turns":9},{"damage":1,"enemies":"3 Byrds","floor":18,"turns":6},{"damage":4,"enemies":"2 Thieves","floor":19,"turns":3},{"damage":0,"enemies":"Masked Bandits","floor":20,"turns":2},{"damage":4,"enemies":"Snecko","floor":21,"turns":4},{"damage":26,"enemies":"Slavers","floor":23,"turns":5},{"damage":0,"enemies":"Book of Stabbing","floor":27,"turns":4},{"damage":0,"enemies":"Snake Plant","floor":28,"turns":3},{"damage":0,"enemies":"Cultist and Chosen","floor":30,"turns":5},{"damage":0,"enemies":"Snecko","floor":31,"turns":4},{"damage":0,"enemies":"Collector","floor":33,"turns":8},{"damage":0,"enemies":"Orb Walker","floor":35,"turns":4},{"damage":0,"enemies":"3 Darklings","floor":37,"turns":3},{"damage":1,"enemies":"Transient","floor":38,"turns":6},{"damage":0,"enemies":"Spire Growth","floor":39,"turns":6},{"damage":1,"enemies":"Nemesis","floor":40,"turns":9},{"damage":0,"enemies":"Reptomancer","floor":42,"turns":6},{"damage":0,"enemies":"Maw","floor":45,"turns":6},{"damage":0,"enemies":"Giant Head","floor":47,"turns":9},{"damage":0,"enemies":"4 Shapes","floor":48,"turns":6},{"damage":0,"enemies":"Awakened One","floor":50,"turns":9},{"damage":0,"enemies":"Donu and Deca","floor":51,"turns":6},{"damage":0,"enemies":"Shield and Spear","floor":55,"turns":6},{"damage":0,"enemies":"The Heart","floor":56,"turns":8}],"green_key_taken_log":40,"seed_played":"-1849973159587194530","neow_bonus_log":{"cardsObtained":["Decay"],"cardsUpgraded":[],"cardsRemoved":[],"cardsTransformed":[],"relicsObtained":[],"maxHpGained":0,"goldGained":250,"damageTaken":0,"goldLost":0,"maxHpLost":0},"potions_obtained":[{"floor":1,"key":"Weak Potion"},{"floor":7,"key":"SneckoOil"},{"floor":8,"key":"EntropicBrew"},{"floor":11,"key":"LiquidMemories"},{"floor":12,"key":"EssenceOfDarkness"},{"floor":13,"key":"PowerPotion"},{"floor":16,"key":"FearPotion"},{"floor":18,"key":"AttackPotion"},{"floor":19,"key":"DuplicationPotion"},{"floor":20,"key":"Swift Potion"},{"floor":23,"key":"Regen Potion"},{"floor":27,"key":"SkillPotion"},{"floor":33,"key":"Fire Potion"},{"floor":37,"key":"DistilledChaos"},{"floor":40,"key":"DuplicationPotion"},{"floor":55,"key":"Block Potion"}],"is_trial":false,"path_per_floor":["M","?","$","?","?","R","M","E","T","R","M","M","E","M","R","B",null,"M","M","?","M","$","E","$","?","T","E","M","R","M","M","R","B",null,"M","$","M","M","M","E","R","E","T","R","M","?","E","M","R","B","B",null,"R","$","E","B",null],"character_chosen":"DEFECT","items_purchased":["PrismaticShard","Meteor Strike","DollysMirror","Hologram","Mayhem","Membership Card","Coolheaded","Kunai","Glacier","Lee\u0027s Waffle","Lantern"],"campfire_rested":2,"item_purchase_floors":[3,3,22,22,22,24,24,36,36,54,54],"current_hp_per_floor":[53,53,53,53,53,53,53,28,28,47,47,37,16,9,28,8,50,49,45,45,41,41,15,15,15,15,27,27,27,27,27,27,27,31,31,31,31,30,30,29,29,29,29,29,29,29,29,29,29,29,29,31,31,39,39,39],"gold":53,"neow_bonus":"TWO_FIFTY_GOLD","is_prod":false,"is_daily":false,"rewards_skipped":[{"floor":14,"relics":[],"potions":["SmokeBomb"]},{"floor":21,"relics":[],"potions":["PowerPotion"]},{"floor":28,"relics":[],"potions":["SteroidPotion"]},{"floor":30,"relics":[],"potions":["FearPotion"]},{"floor":31,"relics":[],"potions":["SteroidPotion"]},{"floor":35,"relics":[],"potions":["SmokeBomb"]},{"floor":38,"relics":[],"potions":["EssenceOfSteel"]},{"floor":39,"relics":[],"potions":["Regen Potion"]},{"floor":42,"relics":[],"potions":["Block Potion"]},{"floor":45,"relics":[],"potions":["Energy Potion"]},{"floor":47,"relics":[],"potions":["Block Potion"]},{"floor":48,"relics":[],"potions":["AttackPotion"]}],"chose_seed":false,"campfire_upgraded":6,"win_rate":0,"floor_exit_playtime":[108,112,259,271,277,284,322,424,430,449,498,548,687,729,750,952,979,1150,1231,1294,1369,1478,1631,1665,1692,1697,1827,1915,1921,2050,2115,2121,2401,2448,2518,2579,2703,2904,3038,3246,3251,3433,3435,3478,3638,3647,3925,4100,4123,4470,4629,4640,4656,4727,5185,5481],"timestamp":1670889892,"blue_key_relic_skipped_log":{"floor":43,"relicID":"Pear"},"path_taken":["M","?","$","?","?","R","?","E","T","R","M","?","E","M","R","BOSS","M","M","?","M","$","E","$","?","T","E","M","R","M","M","R","BOSS","M","$","M","M","M","E","R","E","T","R","M","?","E","?","R","BOSS","BOSS","R","$","E","BOSS"],"build_version":"2022-12-01","purchased_purges":4,"victory":true,"max_hp_per_floor":[71,64,64,64,64,64,64,64,64,64,64,64,64,64,64,64,64,64,64,64,64,64,64,64,32,32,32,32,32,32,32,32,32,32,32,32,32,32,32,32,32,32,32,32,32,32,32,32,32,32,32,32,32,39,39,39],"relic_stats":{"Darkstone Periapt":0,"Lee\u0027s Waffle":8,"Calipers":[757],"Happy Flower":[46],"counters":[31,159],"Golden Idol":226,"Whetstone":["Strike_B","Strike_B"],"Ancient Tea Set":[4],"White Beast Statue":[0.0,0.0,0.0,0.4,0.0,0.6000000000000001,0.0,0.0,0.0,0.0,0.0,11.730511155200006],"Mercury Hourglass":[232],"Mummified Hand":[214],"Gambling Chip":[59],"Snecko Eye":[260,295,287,287,-31],"Pandora\u0027s Box":["Genetic Algorithm","Go for the Eyes","Core Surge","Buffer","FTL","Cold Snap","Electrodynamics"],"Membership Card":490,"Kunai":[43],"obtain_stats":[{"Darkstone Periapt":42,"Lee\u0027s Waffle":54,"Lantern":54,"Calipers":55,"Happy Flower":13,"Golden Idol":2,"Vajra":8,"Whetstone":23,"PrismaticShard":3,"Ancient Tea Set":47,"White Beast Statue":5,"Old Coin":9,"Mercury Hourglass":40,"DollysMirror":22,"Mummified Hand":26,"Gambling Chip":27,"Snecko Eye":17,"Pandora\u0027s Box":34,"Red Mask":20,"Membership Card":24,"Kunai":36,"Cracked Core":0},{"Darkstone Periapt":24,"Lee\u0027s Waffle":29,"Lantern":29,"Calipers":30,"Happy Flower":6,"Golden Idol":1,"Vajra":3,"Whetstone":13,"PrismaticShard":1,"Ancient Tea Set":26,"White Beast Statue":1,"Old Coin":3,"Mercury Hourglass":23,"DollysMirror":12,"Mummified Hand":13,"Gambling Chip":14,"Snecko Eye":8,"Pandora\u0027s Box":18,"Red Mask":11,"Membership Card":13,"Kunai":19,"Cracked Core":0},{"Darkstone Periapt":110,"Lee\u0027s Waffle":145,"Lantern":145,"Calipers":151,"Happy Flower":21,"Golden Idol":4,"Vajra":10,"Whetstone":52,"PrismaticShard":4,"Ancient Tea Set":125,"White Beast Statue":4,"Old Coin":10,"Mercury Hourglass":104,"DollysMirror":47,"Mummified Hand":52,"Gambling Chip":56,"Snecko Eye":32,"Pandora\u0027s Box":76,"Red Mask":43,"Membership Card":52,"Kunai":80,"Cracked Core":0}]},"card_choices":[{"not_picked":["Stack","Conserve Battery"],"picked":"Streamline","floor":1},{"not_picked":["Gash","Iron Wave"],"picked":"Coolheaded","floor":7},{"not_picked":["Secret Technique","Go for the Eyes"],"picked":"Well Laid Plans","floor":8},{"not_picked":["ClearTheMind","Sword Boomerang"],"picked":"JustLucky","floor":11},{"not_picked":["Study","EmptyMind"],"picked":"Outmaneuver","floor":12},{"not_picked":["Perfected Strike","Entrench"],"picked":"Spot Weakness","floor":13},{"not_picked":["Deep Breath","Dual Wield"],"picked":"Iron Wave","floor":14},{"not_picked":["Devotion","Doppelganger"],"picked":"Echo Form","floor":16},{"not_picked":["ThirdEye","Skewer"],"picked":"Dual Wield","floor":18},{"not_picked":["Discovery","Clash","Cloak And Dagger"],"picked":"SKIP","floor":19},{"not_picked":["Iron Wave","Underhanded Strike"],"picked":"Clothesline","floor":20},{"not_picked":["Swift Strike","Flex","Cold Snap"],"picked":"SKIP","floor":21},{"not_picked":["Vengeance+1","Weave"],"picked":"PiercingWail","floor":23},{"not_picked":["Undo","All Out Attack"],"picked":"Tools of the Trade","floor":27},{"not_picked":["Streamline","Iron Wave","Perfected Strike"],"picked":"SKIP","floor":28},{"not_picked":["Accuracy","Evaluate","Underhanded Strike"],"picked":"SKIP","floor":30},{"not_picked":["Vengeance","Study"],"picked":"TalkToTheHand","floor":31},{"not_picked":["Blasphemy","Multi-Cast"],"picked":"Apotheosis","floor":33},{"not_picked":["Eviscerate","Coolheaded"],"picked":"Shrug It Off","floor":35},{"not_picked":["ForeignInfluence","Anger+1","Heavy Blade"],"picked":"SKIP","floor":37},{"not_picked":["True Grit","Establishment"],"picked":"Fasting2+1","floor":38},{"not_picked":["FollowUp","Underhanded Strike"],"picked":"Acrobatics","floor":39},{"not_picked":["ForeignInfluence","Rip and Tear","Bane+1"],"picked":"SKIP","floor":40},{"not_picked":["Cleave+1","CrushJoints+1"],"picked":"Compile Driver+1","floor":42},{"not_picked":["Sweeping Beam","Stack","Leap"],"picked":"SKIP","floor":45},{"not_picked":["Sweeping Beam","Stack","Leap"],"picked":"SKIP","floor":45},{"not_picked":["Machine Learning","ClearTheMind+1","Spot Weakness"],"picked":"SKIP","floor":47},{"not_picked":["FlyingSleeves+1","Beam Cell","Go for the Eyes+1"],"picked":"SKIP","floor":48},{"not_picked":["Choke","Crescendo","Coolheaded"],"picked":"SKIP","floor":55}],"player_experience":4707385,"relics_obtained":[{"floor":8,"key":"Vajra"},{"floor":9,"key":"Old Coin"},{"floor":13,"key":"Happy Flower"},{"floor":20,"key":"Red Mask"},{"floor":23,"key":"Whetstone"},{"floor":26,"key":"Mummified Hand"},{"floor":27,"key":"Gambling Chip"},{"floor":40,"key":"Mercury Hourglass"},{"floor":42,"key":"Darkstone Periapt"},{"floor":47,"key":"Ancient Tea Set"},{"floor":55,"key":"Calipers"}],"event_choices":[{"damage_healed":0,"gold_gain":0,"player_choice":"Lose Max HP","damage_taken":0,"relics_obtained":["Golden Idol"],"max_hp_gain":0,"max_hp_loss":7,"event_name":"Golden Idol","floor":2,"gold_loss":0},{"damage_healed":0,"gold_gain":0,"cards_transformed":["Strike_B"],"player_choice":"Change","damage_taken":0,"max_hp_gain":0,"max_hp_loss":0,"event_name":"Living Wall","floor":4,"gold_loss":0,"cards_obtained":["Force Field"]},{"damage_healed":0,"gold_gain":0,"player_choice":"Gave Potion","damage_taken":0,"relics_obtained":["White Beast Statue"],"max_hp_gain":0,"max_hp_loss":0,"event_name":"WeMeetAgain","floor":5,"gold_loss":0},{"damage_healed":0,"gold_gain":0,"player_choice":"Fought Bandits","damage_taken":0,"max_hp_gain":0,"max_hp_loss":0,"event_name":"Masked Bandits","floor":20,"gold_loss":0},{"damage_healed":0,"gold_gain":0,"player_choice":"Became a Ghost","damage_taken":0,"max_hp_gain":0,"max_hp_loss":32,"event_name":"Ghosts","floor":25,"gold_loss":0,"cards_obtained":["Ghostly","Ghostly","Ghostly"]},{"damage_healed":0,"gold_gain":0,"player_choice":"Forge","damage_taken":0,"max_hp_gain":0,"max_hp_loss":0,"event_name":"Accursed Blacksmith","floor":46,"gold_loss":0,"cards_upgraded":["Well Laid Plans"]}],"is_beta":false,"boss_relics":[{"not_picked":["Cursed Key","SacredBark"],"picked":"Snecko Eye"},{"not_picked":["FrozenCore","Tiny House"],"picked":"Pandora\u0027s Box"}],"items_purged_floors":[3,22,36,54],"is_endless":false,"potions_floor_spawned":[1,7,8,11,12,13,14,16,18,19,20,21,23,27,28,30,31,33,35,37,38,39,40,42,45,47,48,55],"ascension_level":20,"potion_discard_per_floor":[[],[],[],[],[],[],[],[],[],[],["FocusPotion"],[],[],[],[],[],[],[],[],[],[],[],[],[],[],[],[],[],[],[],[],[],["SkillPotion"],[],[],[],["Fire Potion"],[],[],["DistilledChaos"],[],[],[],[],[],[],[],[],[],[],[],[],[],[],[],[],[]]}