{"neow_bonuses_skipped_log":["THREE_CARDS","TEN_PERCENT_HP_BONUS","TRANSFORM_TWO_CARDS"],"neow_costs_skipped_log":["NONE","NONE","CURSE"],"potions_obtained_entropic_brew":[[],[],[],[],[],[],[],[],[],[],[],[],[],[],[],[],[],[],[],[],[],[],[],[],[],[],[],[],[],[],[],[],[],[],[],[],[],[],[],[],[],[],[],[],[],[],[],[],[],[],[],[],[],[],[],[],[]],"gold_per_floor":[117,192,208,222,222,222,248,248,248,273,3,3,38,55,55,134,134,154,1,18,38,50,50,50,50,50,83,83,101,101,101,101,175,175,188,63,76,88,88,116,116,142,142,172,172,192,206,206,206,206,206,206,206,56,86,86],"floor_reached":57,"playtime":4805,"items_purged":["Strike_B","Dualcast","Undo","Ball Lightning+1"],"score":3356,"play_id":"6dd9b1d0-8dfd-4c6b-9292-0a2d473dc9a6","local_time":"20221208190730","score_breakdown":["Floors Climbed (57): 285","Enemies Slain (14): 28","Exordium Elites Killed (3): 30","City Elites Killed (1): 20","Beyond Elites Killed (3): 90","Bosses Slain (5): 750","Champion (5): 125","Beyond Perfect: 200","C-c-c-combo: 25","Ascension (20): 1553","Heartbreaker: 250"],"is_ascension_mode":true,"potions_obtained_alchemize":[[],[],[],[],[],[],[],[],[],[],[],[],[],[],[],[],[],[],[],[],[],[],[],[],[],[],[],[],[],[],[],[],[],[],[],[],[],[],[],[],[],[],[],[],[],[],[],[],[],[],[],[],[],[],[],[],[]],"campfire_choices":[{"data":"Sweeping Beam","floor":6,"key":"SMITH"},{"data":"Reinforced Body","floor":8,"key":"SMITH"},{"data":"Doom and Gloom","floor":15,"key":"SMITH"},{"data":"Recycle","floor":23,"key":"SMITH"},{"floor":28,"key":"REST"},{"data":"Hologram","floor":30,"key":"SMITH"},{"data":"Skim","floor":32,"key":"SMITH"},{"data":"Coolheaded","floor":41,"key":"SMITH"},{"floor":45,"key":"RECALL"},{"data":"Buffer","floor":49,"key":"SMITH"},{"data":"Fission","floor":53,"key":"SMITH"}],"lesson_learned_per_floor":[[],[],[],[],[],[],[],[],[],[],[],[],[],[],[],[],[],[],[],[],[],[],[],[],[],[],[],[],[],[],[],[],[],[],[],[],[],[],[],[],[],[],[],[],[],[],[],[],[],[],[],[],[],[],[],[],[]],"neow_cost":"NONE","improvable_cards":{},"seed_source_timestamp":23807666514913,"shop_contents":[{"floor":11,"relics":["Cables","Bag of Preparation"],"cards":["Rip and Tear","Compile Driver","Conserve Battery","Hello World","Swift Strike","Apotheosis"],"potions":["DuplicationPotion","AttackPotion","SteroidPotion"]},{"floor":19,"relics":["Boot","Oddly Smooth Stone","Cauldron"],"cards":["Barrage","Rip and Tear","Recycle","Leap","Storm","Bandage Up","Secret Technique"],"potions":["DistilledChaos","Fruit Juice"]},{"floor":25,"relics":["StrikeDummy","Symbiotic Virus","Lee\u0027s Waffle"],"cards":["Go for the Eyes","Lockon","Coolheaded","Conserve Battery","Loop","Panacea","Thinking Ahead"],"potions":["SkillPotion","EssenceOfDarkness","SkillPotion"]},{"floor":36,"relics":["WingedGreaves","Juzu Bracelet","Frozen Eye"],"cards":["Sunder","Streamline","Reboot","Stack","Storm","Mind Blast","Secret Technique"],"potions":["Ancient Potion","CultistPotion","Ancient Potion"]},{"floor":54,"relics":["White Beast Statue","Pantograph","Strange Spoon"],"cards":["Melter","Gash","Consume","Tempest","Self Repair","PanicButton","Chrysalis"],"potions":["FairyPotion","ColorlessPotion","Weak Potion"]}],"circlet_count":0,"master_deck":["AscendersBane","Sweeping Beam+1","FTL","Reinforced Body+1","Doom and Gloom+1","Hologram+1","Chill","Compile Driver","Meteor Strike+1","Chill","Sweeping Beam","Recycle+1","Multi-Cast+1","Darkness","Tempest","Skim+1","Biased Cognition","Fission+1","Coolheaded+1","BootSequence+1","Buffer+1"],"potion_use_per_floor":[[],[],[],[],[],[],["Dexterity Potion"],[],[],["BlessingOfTheForge"],[],[],[],[],[],["PowerPotion"],[],["Weak Potion"],[],[],[],[],[],[],[],[],["AttackPotion"],[],[],[],[],[],[],[],[],[],[],[],[],[],[],[],[],[],[],[],[],[],[],[],[],[],[],[],[],["FocusPotion","DuplicationPotion"],[]],"relics":["SlaversCollar","HornCleat","Sundial","Chemical X","Bottled Flame","Pandora\u0027s Box","Ice Cream","Mercury Hourglass","Runic Pyramid","Whetstone","War Paint","Blood Vial","Ginger"],"potions_floor_usage":[7,10,16,18,27,56,56],"damage_taken":[{"damage":2,"enemies":"2 Louse","floor":1,"turns":5},{"damage":3,"enemies":"Small Slimes","floor":3,"turns":3},{"damage":7,"enemies":"Jaw Worm","floor":4,"turns":3},{"damage":0,"enemies":"Lagavulin","floor":7,"turns":7},{"damage":27,"enemies":"Gremlin Nob","floor":10,"turns":4},{"damage":10,"enemies":"3 Sentries","floor":13,"turns":5},{"damage":0,"enemies":"2 Fungi Beasts","floor":14,"turns":2},{"damage":11,"enemies":"Hexaghost","floor":16,"turns":7},{"damage":13,"enemies":"Shell Parasite","floor":18,"turns":5},{"damage":0,"enemies":"Chosen","floor":20,"turns":3},{"damage":9,"enemies":"Centurion and Healer","floor":21,"turns":7},{"damage":0,"enemies":"Snake Plant","floor":22,"turns":5},{"damage":6,"enemies":"Slavers","floor":27,"turns":2},{"damage":0,"enemies":"Snecko","floor":29,"turns":2},{"damage":0,"enemies":"Champ","floor":33,"turns":5},{"damage":0,"enemies":"3 Darklings","floor":35,"turns":3},{"damage":0,"enemies":"3 Shapes","floor":37,"turns":4},{"damage":0,"enemies":"Spire Growth","floor":38,"turns":2},{"damage":0,"enemies":"Reptomancer","floor":40,"turns":3},{"damage":0,"enemies":"Nemesis","floor":42,"turns":3},{"damage":0,"enemies":"Reptomancer","floor":44,"turns":2},{"damage":3,"enemies":"Writhing Mass","floor":46,"turns":3},{"damage":0,"enemies":"Jaw Worm Horde","floor":47,"turns":4},{"damage":0,"enemies":"Donu and Deca","floor":50,"turns":3},{"damage":0,"enemies":"Awakened One","floor":51,"turns":3},{"damage":0,"enemies":"Shield and Spear","floor":55,"turns":2},{"damage":31,"enemies":"The Heart","floor":56,"turns":6}],"green_key_taken_log":40,"seed_played":"4527433747708000238","neow_bonus_log":{"cardsObtained":[],"cardsUpgraded":[],"cardsRemoved":[],"cardsTransformed":[],"relicsObtained":["SlaversCollar"],"maxHpGained":0,"goldGained":0,"damageTaken":0,"goldLost":0,"maxHpLost":0},"potions_obtained":[{"floor":1,"key":"Dexterity Potion"},{"floor":3,"key":"BlessingOfTheForge"},{"floor":7,"key":"PowerPotion"},{"floor":14,"key":"Weak Potion"},{"floor":22,"key":"PotionOfCapacity"},{"floor":27,"key":"BlessingOfTheForge"},{"floor":33,"key":"BlessingOfTheForge"},{"floor":35,"key":"BlessingOfTheForge"},{"floor":38,"key":"SkillPotion"},{"floor":39,"key":"FocusPotion"},{"floor":44,"key":"DuplicationPotion"}],"is_trial":false,"path_per_floor":["M","?","M","M","?","R","E","R","T","E","$","?","E","M","R","B",null,"M","$","M","M","M","R","?","$","T","E","R","M","R","?","R","B",null,"M","$","M","M","?","E","R","E","T","E","R","M","M","?","R","B","B",null,"R","$","E","B",null],"character_chosen":"DEFECT","items_purchased":["Chemical X","Hologram","AttackPotion"],"campfire_rested":1,"item_purchase_floors":[11,11,19],"current_hp_per_floor":[62,51,48,41,64,64,64,64,64,37,37,37,27,27,27,16,57,44,44,44,35,35,35,35,35,35,29,50,50,50,50,50,50,66,66,66,66,66,66,66,66,66,66,66,66,65,67,67,67,67,67,67,67,67,67,36],"gold":86,"neow_bonus":"BOSS_RELIC","is_prod":false,"is_daily":false,"rewards_skipped":[{"floor":10,"relics":["Bottled Lightning"],"potions":[]},{"floor":29,"relics":[],"potions":["SmokeBomb"]},{"floor":39,"relics":[],"potions":["EssenceOfSteel"]},{"floor":47,"relics":[],"potions":["SkillPotion"]}],"chose_seed":false,"campfire_upgraded":9,"win_rate":0,"floor_exit_playtime":[306,309,349,443,448,455,572,577,587,677,774,809,940,978,999,1187,1310,1483,1525,1583,1726,1828,1847,1861,1880,1884,1952,1965,2064,2072,2102,2109,2359,2375,2493,2548,2667,2818,2823,2999,3004,3166,3168,3316,3320,3496,3587,3591,3606,3848,4098,4109,4131,4187,4380,4805],"timestamp":1670544450,"blue_key_relic_skipped_log":{"floor":43,"relicID":"Ornamental Fan"},"path_taken":["M","?","M","M","?","R","E","R","T","E","?","?","E","M","R","BOSS","M","$","M","M","?","R","?","?","T","E","R","M","R","?","R","BOSS","M","$","?","M","?","E","R","E","T","E","R","?","M","?","R","BOSS","BOSS","R","$","E","BOSS"],"build_version":"2022-12-01","purchased_purges":4,"victory":true,"max_hp_per_floor":[71,71,71,71,71,71,71,71,71,71,71,71,71,71,71,71,71,71,71,71,71,71,71,71,71,71,71,71,71,71,71,71,71,71,71,71,71,71,71,71,71,71,71,71,71,71,71,67,67,67,67,67,67,67,67,67],"relic_stats":{"Ice Cream":[53],"Blood Vial":4,"Bottled Flame":"FTL","counters":[27,103],"Sundial":[514],"Pandora\u0027s Box":["Chill","Sweeping Beam","Recycle","Scrape","Multi-Cast","Darkness","Tempest"],"Chemical X":[44],"Whetstone":["Ball Lightning","Meteor Strike"],"Ginger":[2],"War Paint":["Multi-Cast","BootSequence"],"obtain_stats":[{"Ice Cream":26,"Whetstone":40,"Ginger":55,"War Paint":42,"Mercury Hourglass":27,"Blood Vial":44,"SlaversCollar":0,"Bottled Flame":13,"HornCleat":7,"Sundial":9,"Pandora\u0027s Box":17,"Chemical X":11,"Cracked Core":0,"Runic Pyramid":34},{"Ice Cream":12,"Whetstone":19,"Ginger":26,"War Paint":20,"Mercury Hourglass":13,"Blood Vial":21,"SlaversCollar":0,"Bottled Flame":6,"HornCleat":4,"Sundial":4,"Pandora\u0027s Box":8,"Chemical X":5,"Cracked Core":0,"Runic Pyramid":15},{"Ice Cream":56,"Whetstone":77,"Ginger":97,"War Paint":80,"Mercury Hourglass":58,"Blood Vial":82,"SlaversCollar":0,"Bottled Flame":27,"HornCleat":18,"Sundial":18,"Pandora\u0027s Box":36,"Chemical X":22,"Cracked Core":0,"Runic Pyramid":65}],"Mercury Hourglass":[191]},"card_choices":[{"not_picked":["Chill","Compile Driver"],"picked":"Sweeping Beam","floor":1},{"not_picked":["Capacitor","Go for the Eyes"],"picked":"FTL","floor":3},{"not_picked":["Coolheaded","Reprogram"],"picked":"Ball Lightning","floor":4},{"not_picked":["Melter","Barrage"],"picked":"Reinforced Body","floor":7},{"not_picked":["Go for the Eyes","Chaos"],"picked":"Doom and Gloom","floor":10},{"not_picked":["Turbo","Hologram"],"picked":"Chill","floor":13},{"not_picked":["Leap","Steam"],"picked":"Compile Driver","floor":14},{"not_picked":["Creative AI","Hyperbeam"],"picked":"Meteor Strike","floor":16},{"not_picked":["Ball Lightning","Rebound","Barrage"],"picked":"SKIP","floor":18},{"not_picked":["Tempest+1","Barrage","Reprogram"],"picked":"SKIP","floor":20},{"not_picked":["Rebound","Steam","Go for the Eyes"],"picked":"SKIP","floor":21},{"not_picked":["Consume","Conserve Battery"],"picked":"Undo","floor":22},{"not_picked":["Chaos","Steam+1"],"picked":"Skim","floor":27},{"not_picked":["Steam","Reprogram","Sweeping Beam"],"picked":"SKIP","floor":29},{"not_picked":["Buffer","Biased Cognition"],"picked":"Fission","floor":33},{"not_picked":["Blizzard","Cold Snap","Force Field"],"picked":"SKIP","floor":35},{"not_picked":["Heatsinks","Streamline"],"picked":"Coolheaded","floor":37},{"not_picked":["Stack","Cold Snap+1"],"picked":"BootSequence","floor":38},{"not_picked":["Gash","Beam Cell","All For One"],"picked":"SKIP","floor":40},{"not_picked":["Conserve Battery","Recycle","Streamline"],"picked":"SKIP","floor":42},{"not_picked":["Heatsinks+1","Streamline","Ball Lightning+1"],"picked":"SKIP","floor":44},{"not_picked":["Streamline","Redo"],"picked":"Buffer","floor":46},{"not_picked":["Steam","Conserve Battery","Hello World"],"picked":"SKIP","floor":47},{"not_picked":["Beam Cell","Rip and Tear+1","Barrage"],"picked":"SKIP","floor":55}],"player_experience":4663970,"relics_obtained":[{"floor":7,"key":"HornCleat"},{"floor":9,"key":"Sundial"},{"floor":13,"key":"Bottled Flame"},{"floor":26,"key":"Ice Cream"},{"floor":27,"key":"Mercury Hourglass"},{"floor":40,"key":"Whetstone"},{"floor":42,"key":"War Paint"},{"floor":44,"key":"Blood Vial"},{"floor":55,"key":"Ginger"}],"event_choices":[{"damage_healed":0,"gold_gain":75,"player_choice":"Gather Gold","damage_taken":11,"max_hp_gain":0,"max_hp_loss":0,"event_name":"World of Goop","floor":2,"gold_loss":0},{"damage_healed":23,"gold_gain":0,"player_choice":"Banana","damage_taken":0,"max_hp_gain":0,"max_hp_loss":0,"event_name":"Big Fish","floor":5,"gold_loss":0},{"cards_removed":["Zap"],"damage_healed":0,"gold_gain":0,"player_choice":"Offered Basic","damage_taken":0,"max_hp_gain":0,"max_hp_loss":0,"event_name":"Bonfire Elementals","floor":12,"gold_loss":0},{"damage_healed":0,"gold_gain":0,"player_choice":"Ignored","damage_taken":0,"max_hp_gain":0,"max_hp_loss":0,"event_name":"Vampires","floor":24,"gold_loss":0},{"damage_healed":0,"gold_gain":0,"cards_transformed":["Scrape"],"player_choice":"Transformed","damage_taken":0,"max_hp_gain":0,"max_hp_loss":0,"event_name":"Transmorgrifier","floor":31,"gold_loss":0,"cards_obtained":["Biased Cognition"]},{"damage_healed":0,"gold_gain":0,"player_choice":"Got Potions","damage_taken":0,"max_hp_gain":0,"max_hp_loss":0,"event_name":"Lab","floor":39,"gold_loss":0},{"damage_healed":0,"gold_gain":0,"player_choice":"Max HP","damage_taken":0,"max_hp_gain":0,"max_hp_loss":4,"event_name":"Winding Halls","floor":48,"gold_loss":0}],"is_beta":false,"boss_relics":[{"not_picked":["Empty Cage","Ectoplasm"],"picked":"Pandora\u0027s Box"},{"not_picked":["Sozu","Black Star"],"picked":"Runic Pyramid"}],"items_purged_floors":[11,19,36,54],"is_endless":false,"potions_floor_spawned":[1,3,7,14,22,27,29,33,35,38,44,47],"ascension_level":20,"potion_discard_per_floor":[[],[],[],[],[],[],[],[],[],[],[],[],[],[],[],[],[],[],[],[],[],[],[],[],[],[],[],[],[],[],[],[],["PotionOfCapacity"],[],["BlessingOfTheForge"],[],[],["BlessingOfTheForge"],["BlessingOfTheForge"],[],[],[],[],["SkillPotion"],[],[],[],[],[],[],[],[],[],[],[],[],[]]}