{"neow_bonuses_skipped_log":["RANDOM_COLORLESS","HUNDRED_GOLD","BOSS_RELIC"],"neow_costs_skipped_log":["NONE","NONE","NONE"],"potions_obtained_entropic_brew":[[],[],[],[],[],[],[],[],[],[],[],[],[],[],[],[],[],[],[],[],[],[],[],[],[],[],[],[],[],[],[],[],[],[],[],[],[],[],[]],"gold_per_floor":[110,110,127,32,42,52,52,75,75,75,93,112,147,163,163,242,242,262,262,212,232,232,232,250,15,15,48,61,111,146,165,165,241,241,255,267,267,282,282],"floor_reached":39,"playtime":4165,"items_purged":["Writhe"],"score":1000,"play_id":"de9a8f92-c806-4935-a545-8eb77cee90e6","local_time":"20221204200232","score_breakdown":["Floors Climbed (39): 195","Enemies Slain (15): 30","Exordium Elites Killed (1): 10","City Elites Killed (2): 40","Beyond Elites Killed (0): 0","Bosses Slain (2): 150","Champion (1): 25","Perfect (1): 50","Ascension (20): 500"],"is_ascension_mode":true,"potions_obtained_alchemize":[[],[],[],[],[],[],[],[],[],[],[],[],[],[],[],[],[],[],[],[],[],[],[],[],[],[],[],[],[],[],[],[],[],[],[],[],[],[],[]],"campfire_choices":[{"data":"Defragment","floor":7,"key":"SMITH"},{"data":"Barrage","floor":10,"key":"SMITH"},{"data":"Barrage","floor":15,"key":"SMITH"},{"data":"Coolheaded","floor":23,"key":"SMITH"},{"data":"Recycle","floor":32,"key":"SMITH"}],"lesson_learned_per_floor":[[],[],[],[],[],[],[],[],[],[],[],[],[],[],[],[],[],[],[],[],[],[],[],[],[],[],[],[],[],[],[],[],[],[],[],[],[],[],[]],"neow_cost":"TEN_PERCENT_HP_LOSS","improvable_cards":{},"seed_source_timestamp":3817599425502,"shop_contents":[{"floor":4,"relics":["WingedGreaves","Happy Flower","PrismaticShard"],"cards":["Blizzard","FTL","Steam Power","PanicButton","Apotheosis"],"potions":["Regen Potion","PotionOfCapacity","Strength Potion"]},{"floor":25,"relics":["Question Card","ClockworkSouvenir"],"cards":["Melter","Rip and Tear","Turbo","Stack","Loop","Trip","The Bomb"],"potions":["Fire Potion","GamblersBrew","FocusPotion"]}],"circlet_count":0,"master_deck":["AscendersBane","Strike_B","Defend_B","Defend_B","Defend_B","Zap","Dualcast","Reinforced Body","Defragment+1","Sweeping Beam+1","Skim","Self Repair","Coolheaded+1","Glacier","Barrage+1","Rebound","Barrage+1","FTL","Turbo","FTL","Machine Learning","Ball Lightning","BootSequence","Beam Cell","Aggregate","Recycle+1","Compile Driver","Echo Form","Skim+1","Defragment+1","Darkness"],"potion_use_per_floor":[[],[],[],[],[],[],[],[],[],[],[],[],[],[],[],["Strength Potion"],[],["Swift Potion"],[],[],[],[],[],[],[],[],[],[],[],["PowerPotion"],[],[],["PowerPotion"],[],[],[],[],[],[]],"relics":["Cracked Core","Odd Mushroom","Lizard Tail","Gambling Chip","Empty Cage","Ancient Tea Set","Bag of Preparation","Blue Candle","Pocketwatch","Runic Dome","Lantern"],"potions_floor_usage":[16,18,30,33],"damage_taken":[{"damage":3,"enemies":"2 Louse","floor":1,"turns":2},{"damage":1,"enemies":"Cultist","floor":3,"turns":3},{"damage":0,"enemies":"Jaw Worm","floor":5,"turns":4},{"damage":10,"enemies":"Large Slime","floor":6,"turns":8},{"damage":7,"enemies":"The Mushroom Lair","floor":8,"turns":8},{"damage":0,"enemies":"Red Slaver","floor":11,"turns":6},{"damage":6,"enemies":"Exordium Wildlife","floor":12,"turns":6},{"damage":17,"enemies":"3 Sentries","floor":13,"turns":11},{"damage":0,"enemies":"Looter","floor":14,"turns":3},{"damage":0,"enemies":"Slime Boss","floor":16,"turns":4},{"damage":8,"enemies":"3 Byrds","floor":18,"turns":5},{"damage":12,"enemies":"Shell Parasite","floor":21,"turns":6},{"damage":12,"enemies":"Snecko","floor":24,"turns":6},{"damage":0,"enemies":"Gremlin Leader","floor":27,"turns":9},{"damage":2,"enemies":"Sentry and Sphere","floor":28,"turns":10},{"damage":36,"enemies":"Book of Stabbing","floor":30,"turns":6},{"damage":12,"enemies":"Shelled Parasite and Fungi","floor":31,"turns":11},{"damage":25,"enemies":"Collector","floor":33,"turns":18},{"damage":6,"enemies":"Orb Walker","floor":35,"turns":4},{"damage":0,"enemies":"3 Shapes","floor":36,"turns":13},{"damage":34,"enemies":"3 Darklings","floor":38,"turns":11},{"damage":46,"enemies":"4 Shapes","floor":39,"turns":3}],"seed_played":"5359261980087236013","neow_bonus_log":{"cardsObtained":["Reinforced Body","Defragment"],"cardsUpgraded":[],"cardsRemoved":[],"cardsTransformed":["Defend_B","Strike_B"],"relicsObtained":[],"maxHpGained":0,"goldGained":0,"damageTaken":0,"goldLost":0,"maxHpLost":7},"potions_obtained":[{"floor":5,"key":"Dexterity Potion"},{"floor":6,"key":"Strength Potion"},{"floor":8,"key":"FearPotion"},{"floor":11,"key":"PowerPotion"},{"floor":16,"key":"Swift Potion"},{"floor":21,"key":"EssenceOfSteel"},{"floor":27,"key":"Energy Potion"},{"floor":28,"key":"PowerPotion"},{"floor":33,"key":"AttackPotion"}],"is_trial":false,"path_per_floor":["M","?","M","$","M","M","R","?","T","R","M","M","E","M","R","B",null,"M","?","?","M","?","R","M","$","T","E","M","?","E","M","R","B",null,"M","M","?","M","M"],"character_chosen":"DEFECT","items_purchased":["Self Repair","Coolheaded","Bag of Preparation"],"campfire_rested":0,"item_purchase_floors":[4,4,25],"current_hp_per_floor":[61,61,60,60,64,61,61,61,61,61,64,64,54,61,61,64,64,63,63,63,58,58,58,53,53,53,60,64,58,29,24,24,39,58,59,64,64,44,0],"gold":282,"neow_bonus":"TRANSFORM_TWO_CARDS","is_prod":false,"is_daily":false,"rewards_skipped":[{"floor":13,"relics":[],"potions":["ColorlessPotion"]}],"chose_seed":false,"campfire_upgraded":5,"win_rate":0,"floor_exit_playtime":[158,170,204,220,310,433,439,648,650,657,752,827,966,1018,1027,1136,1222,1371,1383,1398,1523,1555,1561,1710,1742,1768,2035,2232,2236,2369,2579,2610,3222,3404,3541,3711,3716,4054],"timestamp":1670202152,"blue_key_relic_skipped_log":{"floor":26,"relicID":"StrikeDummy"},"path_taken":["M","?","M","?","M","M","R","?","T","R","M","M","E","M","R","BOSS","M","?","?","?","?","R","M","$","T","E","M","?","E","M","R","BOSS","M","M","?","M","M"],"build_version":"2022-12-01","purchased_purges":1,"victory":false,"max_hp_per_floor":[64,64,64,64,64,64,64,64,64,64,64,64,64,64,64,64,64,64,64,64,64,64,64,64,64,64,64,64,64,64,64,64,64,64,64,64,64,64,64],"relic_stats":{"Lizard Tail":32,"counters":[22,157],"Gambling Chip":[53],"Blue Candle":[0],"Bag of Preparation":[18],"Ancient Tea Set":[4],"obtain_stats":[{"Runic Dome":34,"Lizard Tail":9,"Lantern":37,"Gambling Chip":13,"Blue Candle":27,"Bag of Preparation":25,"Odd Mushroom":8,"Cracked Core":0,"Empty Cage":17,"Ancient Tea Set":22,"Pocketwatch":30},{"Runic Dome":18,"Lizard Tail":5,"Lantern":20,"Gambling Chip":8,"Blue Candle":14,"Bag of Preparation":13,"Odd Mushroom":5,"Cracked Core":0,"Empty Cage":10,"Ancient Tea Set":12,"Pocketwatch":16},{"Runic Dome":126,"Lizard Tail":25,"Lantern":143,"Gambling Chip":48,"Blue Candle":81,"Bag of Preparation":72,"Odd Mushroom":25,"Cracked Core":0,"Empty Cage":55,"Ancient Tea Set":66,"Pocketwatch":97}],"Pocketwatch":[87]},"card_choices":[{"not_picked":["Steam","Gash"],"picked":"Sweeping Beam","floor":1},{"not_picked":["Static Discharge","Steam"],"picked":"Skim","floor":3},{"not_picked":["Hello World","Cold Snap"],"picked":"Glacier","floor":5},{"not_picked":["Rebound","Fusion"],"picked":"Barrage","floor":6},{"not_picked":["Force Field","Steam"],"picked":"Rebound","floor":8},{"not_picked":["Steam Power","Turbo"],"picked":"Barrage","floor":11},{"not_picked":["Rebound","Barrage"],"picked":"FTL","floor":12},{"not_picked":["Go for the Eyes","Sweeping Beam"],"picked":"Turbo","floor":13},{"not_picked":["Stack","Gash"],"picked":"FTL","floor":14},{"not_picked":["All For One","Amplify"],"picked":"Machine Learning","floor":16},{"not_picked":["Go for the Eyes","White Noise"],"picked":"Ball Lightning","floor":18},{"not_picked":["Auto Shields","Storm"],"picked":"BootSequence","floor":21},{"not_picked":["Leap","FTL","Turbo"],"picked":"SKIP","floor":24},{"not_picked":["Rebound+1","Thunder Strike"],"picked":"Beam Cell","floor":27},{"not_picked":["FTL","Storm"],"picked":"Aggregate","floor":28},{"not_picked":["Gash","Rebound"],"picked":"Recycle","floor":30},{"not_picked":["Barrage","Go for the Eyes"],"picked":"Compile Driver","floor":31},{"not_picked":["Buffer","All For One"],"picked":"Echo Form","floor":33},{"not_picked":["Barrage","Cold Snap+1"],"picked":"Skim+1","floor":35},{"not_picked":["Fusion+1","Genetic Algorithm+1"],"picked":"Defragment+1","floor":36},{"not_picked":["Melter","Go for the Eyes"],"picked":"Darkness","floor":38}],"player_experience":4622787,"relics_obtained":[{"floor":8,"key":"Odd Mushroom"},{"floor":9,"key":"Lizard Tail"},{"floor":13,"key":"Gambling Chip"},{"floor":27,"key":"Blue Candle"},{"floor":30,"key":"Pocketwatch"}],"event_choices":[{"damage_healed":0,"gold_gain":0,"player_choice":"Upgraded","damage_taken":0,"max_hp_gain":0,"max_hp_loss":0,"event_name":"Upgrade Shrine","floor":2,"gold_loss":0,"cards_upgraded":["Sweeping Beam"]},{"damage_healed":0,"gold_gain":0,"player_choice":"Fought Mushrooms","damage_taken":0,"max_hp_gain":0,"max_hp_loss":0,"event_name":"Mushrooms","floor":8,"gold_loss":0},{"damage_healed":0,"gold_gain":0,"player_choice":"Ignored","damage_taken":0,"max_hp_gain":0,"max_hp_loss":0,"event_name":"Vampires","floor":19,"gold_loss":0},{"damage_healed":0,"gold_gain":0,"player_choice":"Bet on Murderer","damage_taken":0,"max_hp_gain":0,"max_hp_loss":0,"event_name":"The Joust","floor":20,"gold_loss":50},{"damage_healed":0,"gold_gain":0,"player_choice":"Opened","damage_taken":0,"relics_obtained":["Ancient Tea Set"],"max_hp_gain":0,"max_hp_loss":0,"event_name":"The Mausoleum","floor":22,"gold_loss":0,"cards_obtained":["Writhe"]},{"damage_healed":0,"gold_gain":50,"player_choice":"Touch","damage_taken":6,"max_hp_gain":0,"max_hp_loss":0,"event_name":"FaceTrader","floor":29,"gold_loss":0},{"damage_healed":0,"gold_gain":0,"player_choice":"Gave Potion","damage_taken":0,"relics_obtained":["Lantern"],"max_hp_gain":0,"max_hp_loss":0,"event_name":"WeMeetAgain","floor":37,"gold_loss":0}],"is_beta":false,"boss_relics":[{"not_picked":["Tiny House","Sozu"],"picked":"Empty Cage"},{"not_picked":["Velvet Choker","Busted Crown"],"picked":"Runic Dome"}],"items_purged_floors":[25],"is_endless":false,"potions_floor_spawned":[5,6,8,11,13,16,21,27,28,33],"killed_by":"4 Shapes","ascension_level":20,"potion_discard_per_floor":[[],[],[],[],[],[],[],["Dexterity Potion"],[],[],["FearPotion"],[],[],[],[],[],[],[],[],[],[],[],[],[],[],[],["EssenceOfSteel"],["Energy Potion"],[],[],[],[],[],[],[],[],[],[],[]]}