{"neow_bonuses_skipped_log":["RANDOM_COLORLESS","HUNDRED_GOLD","BOSS_RELIC"],"potions_obtained_entropic_brew":[[],[],[],[],[],[],[],[],[],[],[],[],[],[],[],[],[],[],[],[],[],[],[],[],[],[],[],[],[],[],[],[],[],[],[],[],[],[],[],[],[],[],[],[],[],[],[],[],[],[],[],[],[],[],[],[],[]],"neow_costs_skipped_log":["NONE","NONE","NONE"],"gold_per_floor":[369,369,31,44,44,80,80,106,132,168,195,221,247,279,279,359,359,370,410,421,35,55,55,94,94,143,159,159,188,230,250,250,333,333,343,364,13,35,35,35,79,101,101,114,134,134,44,83,83,83,83,83,83,41,66,66],"floor_reached":57,"playtime":6451,"items_purged":["Zap","Strike_B"],"score":3248,"play_id":"ff82650e-8c89-442d-be65-e60b7343ac66","local_time":"20221210211638","falling_options_log":["Compile Driver+1","Self Repair"],"score_breakdown":["Floors Climbed (57): 285","Enemies Slain (17): 34","Exordium Elites Killed (3): 30","City Elites Killed (2): 40","Beyond Elites Killed (2): 60","Bosses Slain (5): 750","Money Money (1228): 25","Librarian: 25","Champion (1): 25","Beyond Perfect: 200","Overkill: 25","C-c-c-combo: 25","Ascension (20): 1474","Heartbreaker: 250"],"is_ascension_mode":true,"potions_obtained_alchemize":[[],[],[],[],[],[],[],[],[],[],[],[],[],[],[],[],[],[],[],[],[],[],[],[],[],[],[],[],[],[],[],[],[],[],[],[],[],[],[],[],[],[],[],[],[],[],[],[],[],[],[],[],[],[],[],[],[]],"campfire_choices":[{"data":"Darkness","floor":7,"key":"SMITH"},{"data":"Defragment","floor":15,"key":"SMITH"},{"data":"Defragment","floor":23,"key":"SMITH"},{"data":"Seek","floor":28,"key":"SMITH"},{"data":"Capacitor","floor":32,"key":"SMITH"},{"data":"Fission","floor":40,"key":"SMITH"},{"floor":46,"key":"RECALL"},{"data":"Hologram","floor":49,"key":"SMITH"},{"data":"Coolheaded","floor":53,"key":"SMITH"}],"lesson_learned_per_floor":[[],[],[],[],[],[],[],[],[],[],[],[],[],[],[],[],[],[],[],[],[],[],[],[],[],[],[],[],[],[],[],[],[],[],[],[],[],[],[],[],[],[],[],[],[],[],[],[],[],[],[],[],[],[],[],[],[]],"neow_cost":"TEN_PERCENT_HP_LOSS","improvable_cards":{},"seed_source_timestamp":23927609213335,"shop_contents":[{"floor":3,"relics":["Bronze Scales","Pantograph"],"cards":["Hyperbeam","Tempest","Turbo","Panacea","Metamorphosis"],"potions":["Fire Potion","Fire Potion"]},{"floor":21,"relics":["Regal Pillow"],"cards":["Ball Lightning","Streamline","Auto Shields","Rainbow","Trip","HandOfGreed"],"potions":["Ancient Potion","Block Potion","LiquidMemories"]},{"floor":37,"relics":["Lantern"],"cards":["All For One","Streamline","Force Field","Steam","Secret Technique"],"potions":["ColorlessPotion","Dexterity Potion","FearPotion"]},{"floor":47,"relics":["Turnip","Frozen Eye"],"cards":["Blizzard","Rip and Tear","Hologram","Heatsinks+1","Impatience","Master of Strategy"],"potions":["Fire Potion","SpeedPotion","FearPotion"]},{"floor":54,"relics":["Symbiotic Virus","White Beast Statue","OrangePellets"],"cards":["FTL","Lockon","Leap","Flash of Steel","Master of Strategy"],"potions":["Weak Potion","Regen Potion","SpeedPotion"]}],"circlet_count":0,"master_deck":["AscendersBane","Strike_B","Strike_B","Strike_B","Defend_B","Defend_B","Dualcast","Undo","Capacitor+1","Self Repair","Lockon","Darkness+1","Ball Lightning","Cold Snap","Seek+1","Cold Snap","Defragment+1","Hologram+1","Hyperbeam","Doom and Gloom","Defragment+1","Reinforced Body","Chill+1","Hologram","Compile Driver+1","Fission+1","Cold Snap+1","Dark Shackles","Loop+1","Coolheaded+1","Amplify","Reinforced Body","Coolheaded","Buffer+1","Aggregate","Defragment+1"],"potion_use_per_floor":[[],[],[],[],[],["AttackPotion"],[],[],[],[],[],[],[],["Fire Potion"],[],[],[],[],[],[],[],[],[],["Regen Potion"],[],[],[],[],[],["Swift Potion"],[],[],[],[],[],[],[],[],[],[],[],[],[],[],[],[],[],[],[],[],[],[],[],[],[],["Swift Potion","LiquidBronze"],[]],"relics":["Cracked Core","ClockworkSouvenir","CeramicFish","MealTicket","Kunai","Eternal Feather","Odd Mushroom","Philosopher\u0027s Stone","Red Mask","Membership Card","Incense Burner","Blood Vial","Bottled Tornado","Pen Nib","Smiling Mask","SacredBark","Chemical X","Frozen Egg 2","Shuriken","Bag of Preparation","DataDisk","Happy Flower"],"potions_floor_usage":[6,14,24,30,56,56],"damage_taken":[{"damage":4,"enemies":"Jaw Worm","floor":1,"turns":4},{"damage":10,"enemies":"Small Slimes","floor":4,"turns":3},{"damage":20,"enemies":"3 Sentries","floor":6,"turns":7},{"damage":7,"enemies":"2 Louse","floor":8,"turns":2},{"damage":13,"enemies":"Lagavulin","floor":10,"turns":5},{"damage":12,"enemies":"Exordium Wildlife","floor":11,"turns":4},{"damage":29,"enemies":"3 Sentries","floor":12,"turns":9},{"damage":5,"enemies":"2 Fungi Beasts","floor":13,"turns":4},{"damage":0,"enemies":"The Mushroom Lair","floor":14,"turns":3},{"damage":0,"enemies":"Hexaghost","floor":16,"turns":7},{"damage":3,"enemies":"Spheric Guardian","floor":18,"turns":4},{"damage":0,"enemies":"Masked Bandits","floor":19,"turns":2},{"damage":39,"enemies":"3 Byrds","floor":20,"turns":5},{"damage":17,"enemies":"Snecko","floor":22,"turns":11},{"damage":31,"enemies":"Slavers","floor":24,"turns":5},{"damage":1,"enemies":"3 Cultists","floor":27,"turns":5},{"damage":2,"enemies":"Centurion and Healer","floor":29,"turns":14},{"damage":28,"enemies":"Gremlin Leader","floor":30,"turns":6},{"damage":3,"enemies":"Sentry and Sphere","floor":31,"turns":6},{"damage":11,"enemies":"Champ","floor":33,"turns":30},{"damage":9,"enemies":"Orb Walker","floor":35,"turns":5},{"damage":8,"enemies":"3 Darklings","floor":36,"turns":7},{"damage":26,"enemies":"Writhing Mass","floor":38,"turns":17},{"damage":18,"enemies":"Giant Head","floor":41,"turns":13},{"damage":10,"enemies":"4 Shapes","floor":42,"turns":18},{"damage":0,"enemies":"Maw","floor":44,"turns":11},{"damage":2,"enemies":"Jaw Worm Horde","floor":45,"turns":12},{"damage":0,"enemies":"Reptomancer","floor":48,"turns":12},{"damage":0,"enemies":"Donu and Deca","floor":50,"turns":18},{"damage":0,"enemies":"Time Eater","floor":51,"turns":30},{"damage":18,"enemies":"Shield and Spear","floor":55,"turns":18},{"damage":17,"enemies":"The Heart","floor":56,"turns":9}],"green_key_taken_log":30,"seed_played":"-5860772134984730434","neow_bonus_log":{"cardsObtained":[],"cardsUpgraded":[],"cardsRemoved":[],"cardsTransformed":[],"relicsObtained":[],"maxHpGained":0,"goldGained":250,"damageTaken":0,"goldLost":0,"maxHpLost":7},"potions_obtained":[{"floor":4,"key":"AttackPotion"},{"floor":10,"key":"Weak Potion"},{"floor":12,"key":"Regen Potion"},{"floor":16,"key":"SteroidPotion"},{"floor":24,"key":"Dexterity Potion"},{"floor":27,"key":"Swift Potion"},{"floor":31,"key":"LiquidBronze"},{"floor":38,"key":"Swift Potion"}],"is_trial":false,"path_per_floor":["M","?","$","M","?","E","R","M","T","E","M","E","M","?","R","B",null,"M","?","M","$","M","R","E","T","T","M","R","M","E","M","R","B",null,"M","M","$","M","?","R","E","M","T","M","M","R","$","E","R","B","B",null,"R","$","E","B",null],"character_chosen":"DEFECT","items_purchased":["ClockworkSouvenir","Self Repair","Fire Potion","Lockon","Membership Card","Incense Burner","Defragment","Chemical X","Dark Shackles","Frozen Egg 2","Loop+1","Bag of Preparation","Coolheaded","Aggregate","Defragment+1"],"campfire_rested":0,"item_purchase_floors":[3,3,3,3,21,21,21,37,37,37,37,47,47,54,54],"current_hp_per_floor":[60,60,60,57,62,49,49,49,49,43,38,16,18,18,30,37,61,65,65,33,48,38,50,33,33,33,41,56,63,44,50,65,63,68,67,68,69,50,50,68,58,57,57,66,69,69,69,69,69,69,69,69,69,69,58,50],"gold":66,"neow_bonus":"TWO_FIFTY_GOLD","is_prod":false,"is_daily":false,"rewards_skipped":[{"floor":33,"relics":[],"potions":["SteroidPotion"]},{"floor":42,"relics":[],"potions":["Regen Potion"]},{"floor":45,"relics":[],"potions":["GamblersBrew"]}],"chose_seed":false,"campfire_upgraded":8,"win_rate":0,"floor_exit_playtime":[67,86,146,223,232,330,337,366,378,417,487,692,977,1071,1078,1175,1252,1331,1385,1566,1606,1743,1751,1899,1943,1955,2071,2084,2290,2466,2575,2582,2936,2990,3138,3379,3409,3650,3656,3667,4016,4220,4225,4407,4618,4621,4813,5055,5088,5376,5650,5661,5673,5781,6158,6451],"timestamp":1670724998,"blue_key_relic_skipped_log":{"floor":43,"relicID":"Lizard Tail"},"path_taken":["M","?","$","M","?","E","R","M","T","E","M","E","M","?","R","BOSS","M","?","M","$","M","R","E","?","T","M","R","M","E","M","R","BOSS","M","M","$","M","?","R","E","M","T","M","M","R","$","E","R","BOSS","BOSS","R","$","E","BOSS"],"build_version":"2022-12-01","purchased_purges":2,"victory":true,"max_hp_per_floor":[64,64,64,64,69,69,69,69,69,69,69,69,69,69,69,69,69,69,69,69,69,69,69,69,69,69,69,69,69,69,69,69,69,69,69,69,69,69,69,69,69,69,69,69,69,69,69,69,69,69,69,69,69,69,69,69],"relic_stats":{"Happy Flower":[3],"counters":[32,306],"CeramicFish":216,"Eternal Feather":72,"Pen Nib":[24],"Bag of Preparation":[10],"Bottled Tornado":"Defragment","Smiling Mask":0,"Blood Vial":22,"Shuriken":[14],"MealTicket":16,"Kunai":[31],"Membership Card":742,"Chemical X":[29],"obtain_stats":[{"Happy Flower":55,"CeramicFish":6,"SacredBark":34,"Eternal Feather":12,"Pen Nib":26,"Incense Burner":21,"Bag of Preparation":47,"Odd Mushroom":14,"Bottled Tornado":25,"Frozen Egg 2":37,"Smiling Mask":30,"ClockworkSouvenir":3,"Blood Vial":24,"DataDisk":48,"Shuriken":41,"MealTicket":9,"Philosopher\u0027s Stone":17,"Red Mask":19,"Kunai":10,"Membership Card":21,"Chemical X":37,"Cracked Core":0},{"Happy Flower":31,"CeramicFish":3,"SacredBark":20,"Eternal Feather":7,"Pen Nib":15,"Incense Burner":13,"Bag of Preparation":27,"Odd Mushroom":9,"Bottled Tornado":15,"Frozen Egg 2":22,"Smiling Mask":18,"ClockworkSouvenir":1,"Blood Vial":15,"DataDisk":28,"Shuriken":24,"MealTicket":4,"Philosopher\u0027s Stone":10,"Red Mask":12,"Kunai":5,"Membership Card":13,"Chemical X":22,"Cracked Core":0},{"Happy Flower":297,"CeramicFish":14,"SacredBark":136,"Eternal Feather":34,"Pen Nib":75,"Incense Burner":59,"Bag of Preparation":219,"Odd Mushroom":41,"Bottled Tornado":75,"Frozen Egg 2":148,"Smiling Mask":100,"ClockworkSouvenir":4,"Blood Vial":75,"DataDisk":231,"Shuriken":178,"MealTicket":16,"Philosopher\u0027s Stone":48,"Red Mask":54,"Kunai":21,"Membership Card":59,"Chemical X":148,"Cracked Core":0}]},"card_choices":[{"not_picked":["Hologram","Compile Driver"],"picked":"Undo","floor":1},{"not_picked":["Cold Snap","Barrage"],"picked":"Darkness","floor":4},{"not_picked":["Hologram","Chill"],"picked":"Ball Lightning","floor":6},{"not_picked":["Barrage","Reinforced Body"],"picked":"Cold Snap","floor":8},{"not_picked":["Chaos","Heatsinks"],"picked":"Seek","floor":10},{"not_picked":["Stack","Steam"],"picked":"Cold Snap","floor":11},{"not_picked":["Barrage","Chaos","Heatsinks"],"picked":"SKIP","floor":12},{"not_picked":["Go for the Eyes","Streamline"],"picked":"Defragment","floor":13},{"not_picked":["Aggregate","Capacitor"],"picked":"Hologram","floor":14},{"not_picked":["Reboot","Core Surge"],"picked":"Hyperbeam","floor":16},{"not_picked":["Turbo","Chaos","Ball Lightning"],"picked":"SKIP","floor":18},{"not_picked":["Leap","Stack"],"picked":"Doom and Gloom","floor":19},{"not_picked":["Gash+1","Rip and Tear","Cold Snap"],"picked":"SKIP","floor":20},{"not_picked":["Barrage","Chaos"],"picked":"Reinforced Body","floor":22},{"not_picked":["Melter","Darkness"],"picked":"Chill+1","floor":24},{"not_picked":["Rip and Tear","Scrape","Steam"],"picked":"SKIP","floor":27},{"not_picked":["Rainbow","Lockon"],"picked":"Hologram","floor":29},{"not_picked":["Beam Cell+1","Redo"],"picked":"Compile Driver+1","floor":30},{"not_picked":["Rebound","Barrage+1","Conserve Battery"],"picked":"SKIP","floor":31},{"not_picked":["Multi-Cast","Electrodynamics"],"picked":"Fission","floor":33},{"not_picked":["Chaos","Scrape","Steam"],"picked":"SKIP","floor":35},{"not_picked":["BootSequence","Consume"],"picked":"Cold Snap+1","floor":36},{"not_picked":["Stack","Beam Cell"],"picked":"Coolheaded","floor":38},{"not_picked":["Redo+1","Fusion"],"picked":"Amplify","floor":41},{"not_picked":["Streamline","Cold Snap"],"picked":"Reinforced Body","floor":42},{"not_picked":["Cold Snap","Conserve Battery","Darkness"],"picked":"SKIP","floor":44},{"not_picked":["Auto Shields","Blizzard","Ball Lightning"],"picked":"SKIP","floor":45},{"not_picked":["Streamline","Melter"],"picked":"Buffer+1","floor":48},{"not_picked":["Steam","Reprogram+1","Self Repair+1"],"picked":"SKIP","floor":55}],"player_experience":4688867,"relics_obtained":[{"floor":6,"key":"CeramicFish"},{"floor":9,"key":"MealTicket"},{"floor":10,"key":"Kunai"},{"floor":12,"key":"Eternal Feather"},{"floor":14,"key":"Odd Mushroom"},{"floor":19,"key":"Red Mask"},{"floor":24,"key":"Blood Vial"},{"floor":25,"key":"Bottled Tornado"},{"floor":26,"key":"Pen Nib"},{"floor":30,"key":"Smiling Mask"},{"floor":41,"key":"Shuriken"},{"floor":48,"key":"DataDisk"},{"floor":55,"key":"Happy Flower"}],"event_choices":[{"damage_healed":0,"gold_gain":0,"cards_transformed":["Defend_B"],"player_choice":"Change","damage_taken":0,"max_hp_gain":0,"max_hp_loss":0,"event_name":"Living Wall","floor":2,"gold_loss":0,"cards_obtained":["Capacitor"]},{"damage_healed":0,"gold_gain":0,"player_choice":"Donut","damage_taken":0,"max_hp_gain":5,"max_hp_loss":0,"event_name":"Big Fish","floor":5,"gold_loss":0},{"damage_healed":0,"gold_gain":0,"player_choice":"Fought Mushrooms","damage_taken":0,"max_hp_gain":0,"max_hp_loss":0,"event_name":"Mushrooms","floor":14,"gold_loss":0},{"damage_healed":0,"gold_gain":0,"player_choice":"Fought Bandits","damage_taken":0,"max_hp_gain":0,"max_hp_loss":0,"event_name":"Masked Bandits","floor":19,"gold_loss":0},{"cards_removed":["Defend_B"],"damage_healed":0,"gold_gain":0,"player_choice":"Removed Skill","damage_taken":0,"max_hp_gain":0,"max_hp_loss":0,"event_name":"Falling","floor":39,"gold_loss":0}],"is_beta":false,"boss_relics":[{"not_picked":["Busted Crown","Tiny House"],"picked":"Philosopher\u0027s Stone"},{"not_picked":["FrozenCore","Runic Dome"],"picked":"SacredBark"}],"items_purged_floors":[21,37],"is_endless":false,"potions_floor_spawned":[4,10,12,16,24,27,31,33,38,42,45],"ascension_level":20,"potion_discard_per_floor":[[],[],[],[],[],[],[],[],[],[],[],["Weak Potion"],[],[],[],[],[],[],[],[],[],[],[],[],[],[],["Dexterity Potion"],[],[],[],[],[],[],[],[],[],[],["SteroidPotion"],[],[],[],[],[],[],[],[],[],[],[],[],[],[],[],[],[],[],[]]}