{"neow_bonuses_skipped_log":["TRANSFORM_CARD","THREE_ENEMY_KILL","BOSS_RELIC"],"neow_costs_skipped_log":["NONE","NONE","NONE"],"potions_obtained_entropic_brew":[[],[],[],[],[],[],[],[],[],[],[],[],[],[],[],[],[],[],[],[],[],[],[],[],[],[],[],[],[],[],[],[],[],[],[],[],[],[],[],[],[],[],[],[],[],[],[],[],[],[],[],[],[],[],[],[],[]],"gold_per_floor":[109,109,125,136,156,156,176,202,202,3,34,34,50,83,83,156,156,168,180,195,208,58,58,91,91,114,114,133,133,166,177,177,254,254,267,292,305,320,332,332,365,365,365,385,395,421,421,441,441,441,441,441,441,96,130,130],"floor_reached":57,"playtime":6304,"items_purged":["Strike_B","Strike_B"],"score":2956,"play_id":"50729076-5590-4912-9c26-9f6d8be62b00","local_time":"20221203184240","score_breakdown":["Floors Climbed (57): 285","Enemies Slain (19): 38","Exordium Elites Killed (3): 30","City Elites Killed (2): 40","Beyond Elites Killed (2): 60","Bosses Slain (5): 750","Champion (2): 50","Perfect (1): 50","Overkill: 25","C-c-c-combo: 25","Ascension (20): 1353","Heartbreaker: 250"],"is_ascension_mode":true,"potions_obtained_alchemize":[[],[],[],[],[],[],[],[],[],[],[],[],[],[],[],[],[],[],[],[],[],[],[],[],[],[],[],[],[],[],[],[],[],[],[],[],[],[],[],[],[],[],[],[],[],[],[],[],[],[],[],[],[],[],[],[],[]],"campfire_choices":[{"data":"Sweeping Beam","floor":6,"key":"SMITH"},{"floor":12,"key":"REST"},{"data":"Apotheosis","floor":15,"key":"SMITH"},{"floor":23,"key":"REST"},{"data":"Seek","floor":25,"key":"SMITH"},{"data":"Defragment","floor":27,"key":"SMITH"},{"data":"Hologram","floor":29,"key":"SMITH"},{"floor":32,"key":"REST"},{"floor":40,"key":"RECALL"},{"floor":47,"key":"REST"},{"floor":49,"key":"REST"},{"data":"Biased Cognition","floor":53,"key":"SMITH"}],"lesson_learned_per_floor":[[],[],[],[],[],[],[],[],[],[],[],[],[],[],[],[],[],[],[],[],[],[],[],[],[],[],[],[],[],[],[],[],[],[],[],[],[],[],[],[],[],[],[],[],[],[],[],[],[],[],[],[],[],[],[],[],[]],"neow_cost":"TEN_PERCENT_HP_LOSS","improvable_cards":{},"seed_source_timestamp":15285174171775,"shop_contents":[{"floor":10,"relics":["Darkstone Periapt","Centennial Puzzle","PrismaticShard"],"cards":["All For One","Cold Snap","Redo","Steam","Heatsinks","Dark Shackles"],"potions":["Block Potion","LiquidMemories","Fire Potion"]},{"floor":22,"relics":["MealTicket","Strawberry","Cauldron"],"cards":["Barrage","Streamline","Leap","Heatsinks","Flash of Steel","The Bomb"],"potions":["EssenceOfSteel","SkillPotion","BlessingOfTheForge"]},{"floor":54,"relics":["Letter Opener","Sling"],"cards":["Thunder Strike","Hyperbeam","Chaos","Hologram","Creative AI","Impatience","Sadistic Nature"],"potions":["SpeedPotion","CultistPotion"]}],"circlet_count":0,"master_deck":["AscendersBane","Defend_B","Defend_B","Defend_B","Zap+1","Dualcast","Compile Driver+1","Sweeping Beam+1","Reinforced Body","Cold Snap","BootSequence","Apotheosis+1","Hyperbeam+1","Sunder","Defragment+1","Seek+1","Hologram+1","Conserve Battery","Sweeping Beam+1","Chill","Fusion","Core Surge","Double Energy","Biased Cognition+1","Skim","Stack+1","Coolheaded","Hologram+1","Darkness+1","Hologram+1","Echo Form","Turbo","Aggregate"],"potion_use_per_floor":[[],[],[],[],[],[],[],["Weak Potion"],[],[],[],[],[],[],[],["DuplicationPotion"],[],[],[],[],[],[],[],[],[],[],[],[],[],["DuplicationPotion"],[],[],[],[],[],[],[],[],[],[],[],[],[],[],[],["LiquidMemories"],[],[],[],[],[],[],[],[],["Swift Potion"],["PotionOfCapacity"],[]],"relics":["Cracked Core","Question Card","Cables","Gremlin Horn","HornCleat","Black Star","Sundial","Whetstone","Happy Flower","Ancient Tea Set","Oddly Smooth Stone","Runic Pyramid","Mango","Dream Catcher","Unceasing Top","Pantograph","Bottled Tornado","Pen Nib","Blood Vial","Bronze Scales"],"potions_floor_usage":[8,16,30,46,55,56],"damage_taken":[{"damage":7,"enemies":"Jaw Worm","floor":1,"turns":3},{"damage":0,"enemies":"Cultist","floor":3,"turns":3},{"damage":3,"enemies":"2 Louse","floor":4,"turns":2},{"damage":2,"enemies":"Looter","floor":5,"turns":3},{"damage":0,"enemies":"Gremlin Gang","floor":7,"turns":3},{"damage":5,"enemies":"Lagavulin","floor":8,"turns":8},{"damage":36,"enemies":"Gremlin Nob","floor":11,"turns":4},{"damage":1,"enemies":"Red Slaver","floor":13,"turns":3},{"damage":2,"enemies":"3 Sentries","floor":14,"turns":3},{"damage":0,"enemies":"Slime Boss","floor":16,"turns":5},{"damage":0,"enemies":"Shell Parasite","floor":18,"turns":4},{"damage":3,"enemies":"3 Byrds","floor":19,"turns":3},{"damage":12,"enemies":"Snake Plant","floor":20,"turns":6},{"damage":17,"enemies":"Shelled Parasite and Fungi","floor":21,"turns":7},{"damage":0,"enemies":"Gremlin Leader","floor":24,"turns":5},{"damage":0,"enemies":"Centurion and Healer","floor":28,"turns":5},{"damage":4,"enemies":"Slavers","floor":30,"turns":6},{"damage":1,"enemies":"Snake Plant","floor":31,"turns":5},{"damage":28,"enemies":"Collector","floor":33,"turns":10},{"damage":6,"enemies":"3 Darklings","floor":35,"turns":3},{"damage":0,"enemies":"Orb Walker","floor":37,"turns":3},{"damage":4,"enemies":"Writhing Mass","floor":38,"turns":8},{"damage":0,"enemies":"Sphere and 2 Shapes","floor":39,"turns":6},{"damage":0,"enemies":"Nemesis","floor":41,"turns":9},{"damage":0,"enemies":"Jaw Worm Horde","floor":44,"turns":2},{"damage":27,"enemies":"Transient","floor":45,"turns":6},{"damage":17,"enemies":"Reptomancer","floor":46,"turns":8},{"damage":0,"enemies":"3 Darklings","floor":48,"turns":3},{"damage":2,"enemies":"Awakened One","floor":50,"turns":11},{"damage":9,"enemies":"Donu and Deca","floor":51,"turns":10},{"damage":49,"enemies":"Shield and Spear","floor":55,"turns":8},{"damage":48,"enemies":"The Heart","floor":56,"turns":9}],"green_key_taken_log":41,"seed_played":"-1516079413908089062","neow_bonus_log":{"cardsObtained":[],"cardsUpgraded":[],"cardsRemoved":["Strike_B","Defend_B"],"cardsTransformed":[],"relicsObtained":[],"maxHpGained":0,"goldGained":0,"damageTaken":0,"goldLost":0,"maxHpLost":7},"potions_obtained":[{"floor":1,"key":"Weak Potion"},{"floor":7,"key":"DuplicationPotion"},{"floor":14,"key":"FocusPotion"},{"floor":16,"key":"DuplicationPotion"},{"floor":31,"key":"LiquidBronze"},{"floor":44,"key":"LiquidMemories"},{"floor":48,"key":"Swift Potion"}],"is_trial":false,"path_per_floor":["M","?","M","M","M","R","M","E","T","$","E","R","M","E","R","B",null,"M","M","M","M","$","R","E","R","T","R","M","R","E","M","R","B",null,"M","T","M","M","M","R","E","?","T","M","M","E","R","M","R","B","B",null,"R","$","E","B",null],"character_chosen":"DEFECT","items_purchased":["Apotheosis","Chill","PotionOfCapacity","Pen Nib"],"campfire_rested":5,"item_purchase_floors":[10,22,54,54],"current_hp_per_floor":[57,57,57,54,52,52,52,47,47,47,11,30,29,27,27,27,55,55,52,40,23,23,42,42,42,42,42,42,42,38,37,56,28,55,49,49,49,45,45,45,59,59,59,59,32,15,38,38,61,76,69,76,76,76,27,6],"gold":130,"neow_bonus":"REMOVE_TWO","is_prod":false,"is_daily":false,"rewards_skipped":[{"floor":21,"relics":[],"potions":["AttackPotion"]},{"floor":24,"relics":[],"potions":["Explosive Potion"]},{"floor":28,"relics":[],"potions":["Regen Potion"]},{"floor":35,"relics":[],"potions":["Weak Potion"]},{"floor":39,"relics":[],"potions":["BlessingOfTheForge"]}],"chose_seed":false,"campfire_upgraded":6,"win_rate":0,"floor_exit_playtime":[112,117,171,208,262,268,340,530,534,584,687,691,753,805,826,903,1002,1058,1137,1259,1622,1687,1692,1891,1898,1902,1908,1987,2037,2256,2402,2412,2664,2733,2846,2855,2898,3188,3358,3369,3560,3568,3583,3669,3851,4228,4237,4300,4338,4775,5135,5146,5175,5323,5729,6304],"timestamp":1670110960,"blue_key_relic_skipped_log":{"floor":36,"relicID":"Juzu Bracelet"},"path_taken":["M","?","M","M","M","R","?","E","T","$","E","R","M","E","R","BOSS","M","M","M","M","$","R","E","R","T","R","M","R","E","M","R","BOSS","M","?","M","M","M","R","E","?","T","M","?","E","R","M","R","BOSS","BOSS","R","$","E","BOSS"],"build_version":"2022-12-01","purchased_purges":2,"victory":true,"max_hp_per_floor":[64,64,64,64,64,64,64,64,64,64,64,64,64,64,64,64,64,64,64,64,64,64,64,64,64,64,64,64,64,64,64,64,64,64,64,64,64,64,64,64,78,78,78,78,78,78,78,78,78,78,78,78,78,78,78,78],"relic_stats":{"Gremlin Horn":[29,29],"Happy Flower":[37],"counters":[32,174],"Pen Nib":[2],"Whetstone":["Compile Driver","Hyperbeam"],"Bottled Tornado":"Echo Form","Question Card":25,"Ancient Tea Set":[10],"Cables":[128,55,53,15,5],"Blood Vial":2,"Dream Catcher":2,"Sundial":[14],"Pantograph":44,"Bronze Scales":[99],"Black Star":5,"obtain_stats":[{"Gremlin Horn":11,"Happy Flower":26,"Oddly Smooth Stone":30,"Mango":41,"Pen Nib":54,"Whetstone":24,"Bottled Tornado":46,"Question Card":8,"Ancient Tea Set":30,"Cables":9,"Blood Vial":55,"Dream Catcher":41,"HornCleat":14,"Sundial":24,"Pantograph":46,"Bronze Scales":55,"Black Star":17,"Cracked Core":0,"Unceasing Top":43,"Runic Pyramid":34},{"Gremlin Horn":7,"Happy Flower":15,"Oddly Smooth Stone":17,"Mango":24,"Pen Nib":30,"Whetstone":15,"Bottled Tornado":27,"Question Card":6,"Ancient Tea Set":17,"Cables":6,"Blood Vial":31,"Dream Catcher":24,"HornCleat":9,"Sundial":15,"Pantograph":27,"Bronze Scales":31,"Black Star":10,"Cracked Core":0,"Unceasing Top":24,"Runic Pyramid":19},{"Gremlin Horn":26,"Happy Flower":62,"Oddly Smooth Stone":73,"Mango":117,"Pen Nib":157,"Whetstone":62,"Bottled Tornado":133,"Question Card":22,"Ancient Tea Set":73,"Cables":22,"Blood Vial":165,"Dream Catcher":117,"HornCleat":32,"Sundial":62,"Pantograph":133,"Bronze Scales":165,"Black Star":37,"Cracked Core":0,"Unceasing Top":117,"Runic Pyramid":88}],"Unceasing Top":[2]},"card_choices":[{"not_picked":["Fusion","Rebound"],"picked":"Compile Driver","floor":1},{"not_picked":["Scrape","Consume","Heatsinks"],"picked":"SKIP","floor":3},{"not_picked":["Compile Driver","Lockon"],"picked":"Sweeping Beam","floor":4},{"not_picked":["Beam Cell","Steam"],"picked":"Reinforced Body","floor":5},{"not_picked":["Go for the Eyes","Barrage"],"picked":"Cold Snap","floor":7},{"not_picked":["Coolheaded","Streamline"],"picked":"BootSequence","floor":8},{"not_picked":["Hologram","Static Discharge","Coolheaded"],"picked":"Hyperbeam","floor":11},{"not_picked":["Conserve Battery","Gash","Ball Lightning"],"picked":"Sunder","floor":13},{"not_picked":["Coolheaded","Rebound","Heatsinks"],"picked":"Defragment","floor":14},{"not_picked":["Multi-Cast","Creative AI","All For One"],"picked":"Seek","floor":16},{"not_picked":["Double Energy","Leap","Gash"],"picked":"Hologram","floor":18},{"not_picked":["Hologram","Steam","Reprogram"],"picked":"Conserve Battery","floor":19},{"not_picked":["Conserve Battery+1","Barrage","Coolheaded"],"picked":"Sweeping Beam+1","floor":20},{"not_picked":["Ball Lightning","White Noise","Tempest","Blizzard"],"picked":"SKIP","floor":21},{"not_picked":["Compile Driver","Redo","Hologram"],"picked":"Fusion","floor":24},{"not_picked":["Leap","Conserve Battery","Cold Snap"],"picked":"Core Surge","floor":28},{"not_picked":["White Noise","Ball Lightning","Steam","Streamline"],"picked":"SKIP","floor":30},{"not_picked":["Conserve Battery","Lockon","Stack"],"picked":"Double Energy","floor":31},{"not_picked":["Thunder Strike","Electrodynamics","Reboot"],"picked":"Biased Cognition","floor":33},{"not_picked":["Beam Cell","Streamline+1","White Noise"],"picked":"Skim","floor":35},{"not_picked":["Conserve Battery","Cold Snap","Reinforced Body"],"picked":"Stack+1","floor":37},{"not_picked":["Streamline","Rebound+1","Reprogram"],"picked":"Coolheaded","floor":38},{"not_picked":["Hyperbeam","Melter","Redo"],"picked":"Hologram+1","floor":39},{"not_picked":["Stack","Leap+1","Double Energy"],"picked":"Darkness+1","floor":41},{"not_picked":["Streamline","Barrage+1","Cold Snap+1","Static Discharge+1"],"picked":"SKIP","floor":44},{"not_picked":["Barrage+1","Hyperbeam","Streamline"],"picked":"Hologram+1","floor":45},{"not_picked":["Heatsinks","Leap","Gash"],"picked":"Echo Form","floor":46},{"not_picked":["All For One","Gash","Compile Driver"],"picked":"Turbo","floor":48},{"not_picked":["Gash","Barrage+1","Beam Cell"],"picked":"Aggregate","floor":55}],"player_experience":4610654,"relics_obtained":[{"floor":8,"key":"Question Card"},{"floor":9,"key":"Cables"},{"floor":11,"key":"Gremlin Horn"},{"floor":14,"key":"HornCleat"},{"floor":24,"key":"Sundial"},{"floor":24,"key":"Whetstone"},{"floor":26,"key":"Happy Flower"},{"floor":30,"key":"Ancient Tea Set"},{"floor":30,"key":"Oddly Smooth Stone"},{"floor":41,"key":"Mango"},{"floor":41,"key":"Dream Catcher"},{"floor":43,"key":"Unceasing Top"},{"floor":46,"key":"Pantograph"},{"floor":46,"key":"Bottled Tornado"},{"floor":55,"key":"Blood Vial"},{"floor":55,"key":"Bronze Scales"}],"event_choices":[{"damage_healed":0,"gold_gain":0,"player_choice":"Upgraded","damage_taken":0,"max_hp_gain":0,"max_hp_loss":0,"event_name":"Upgrade Shrine","floor":2,"gold_loss":0,"cards_upgraded":["Zap"]},{"cards_removed":["Strike_B"],"damage_healed":0,"gold_gain":0,"player_choice":"Purged","damage_taken":0,"max_hp_gain":0,"max_hp_loss":0,"event_name":"Purifier","floor":42,"gold_loss":0}],"is_beta":false,"boss_relics":[{"not_picked":["SlaversCollar","Runic Dome"],"picked":"Black Star"},{"not_picked":["Tiny House","Nuclear Battery"],"picked":"Runic Pyramid"}],"items_purged_floors":[22,54],"is_endless":false,"potions_floor_spawned":[1,7,14,16,21,24,28,31,35,39,44,48],"ascension_level":20,"potion_discard_per_floor":[[],[],[],[],[],[],[],[],[],[],[],[],[],[],[],[],[],[],[],[],[],[],[],[],[],[],[],[],[],[],[],[],[],[],[],[],[],[],[],[],[],[],[],["LiquidBronze"],[],[],[],[],[],[],[],[],[],["FocusPotion"],[],[],[]]}