{"neow_bonuses_skipped_log":["TRANSFORM_CARD","HUNDRED_GOLD","BOSS_RELIC"],"neow_costs_skipped_log":["NONE","NONE","NONE"],"potions_obtained_entropic_brew":[[],[],[],[],[],[],[],[],[],[],[],[],[],[],[],[],[],[],[],[],[],[],[],[],[],[],[],[],[],[],[],[],[],[],[],[],[],[],[],[],[],[],[],[],[],[],[],[],[],[],[],[],[],[],[],[],[]],"gold_per_floor":[12,12,30,42,54,54,86,86,86,98,131,131,146,17,17,92,92,110,125,50,50,50,50,50,82,109,125,125,151,167,41,41,119,119,131,184,184,201,213,247,247,273,273,298,298,333,333,115,115,115,115,115,115,15,41,41],"floor_reached":57,"playtime":5238,"items_purged":["Strike_B","Strike_B","Defend_B"],"score":2882,"play_id":"88fc55b3-8cd2-4c1f-b49e-66d24cbfa97d","local_time":"20221225011403","score_breakdown":["Floors Climbed (57): 285","Enemies Slain (13): 26","Exordium Elites Killed (2): 20","City Elites Killed (2): 40","Beyond Elites Killed (4): 120","Bosses Slain (5): 750","Champion (2): 50","C-c-c-combo: 25","Ascension (20): 1316","Heartbreaker: 250"],"is_ascension_mode":true,"potions_obtained_alchemize":[[],[],[],[],[],[],[],[],[],[],[],[],[],[],[],[],[],[],[],[],[],[],[],[],[],[],[],[],[],[],[],[],[],[],[],[],[],[],[],[],[],[],[],[],[],[],[],[],[],[],[],[],[],[],[],[],[]],"campfire_choices":[{"data":"Fission","floor":6,"key":"SMITH"},{"data":"Loop","floor":8,"key":"SMITH"},{"data":"Buffer","floor":12,"key":"SMITH"},{"data":"Go for the Eyes","floor":15,"key":"SMITH"},{"data":"RitualDagger","floor":23,"key":"SMITH"},{"data":"Ghostly","floor":28,"key":"SMITH"},{"data":"Double Energy","floor":32,"key":"SMITH"},{"data":"Consume","floor":41,"key":"SMITH"},{"data":"Coolheaded","floor":45,"key":"SMITH"},{"floor":47,"key":"RECALL"},{"data":"Ghostly","floor":49,"key":"SMITH"},{"data":"Hologram","floor":53,"key":"SMITH"}],"lesson_learned_per_floor":[[],[],[],[],[],[],[],[],[],[],[],[],[],[],[],[],[],[],[],[],[],[],[],[],[],[],[],[],[],[],[],[],[],[],[],[],[],[],[],[],[],[],[],[],[],[],[],[],[],[],[],[],[],[],[],[],[]],"neow_cost":"NO_GOLD","improvable_cards":{"Genetic Algorithm":[37],"RitualDagger+1":[95]},"seed_source_timestamp":38260216147752,"shop_contents":[{"floor":14,"relics":["Darkstone Periapt","MealTicket","Chemical X"],"cards":["Blizzard","Rebound","Turbo","Leap","Self Repair","Purity","HandOfGreed"],"potions":["Fire Potion","Ancient Potion","Dexterity Potion"]},{"floor":24,"relics":["HornCleat","Thread and Needle","Orrery"],"cards":["Thunder Strike","Rip and Tear","Leap","Aggregate","Loop","Panacea","The Bomb"],"potions":["PowerPotion","DistilledChaos","ColorlessPotion"]},{"floor":31,"relics":["Shuriken","Bottled Flame","Omamori"],"cards":["Gash","Cold Snap","Redo","Darkness","Heatsinks","Impatience","Mayhem"],"potions":["PotionOfCapacity","LiquidBronze","Ancient Potion"]},{"floor":48,"relics":["Meat on the Bone","Blood Vial","Gremlin Horn"],"cards":["Ball Lightning","Barrage","Leap","Redo","Hello World","Deep Breath","Panache"],"potions":["Fruit Juice","FocusPotion","Explosive Potion"]},{"floor":54,"relics":["CaptainsWheel","DataDisk","Membership Card"],"cards":["Sweeping Beam","Cold Snap","Skim","Leap","Loop","Enlightenment","Magnetism"],"potions":["Regen Potion","LiquidMemories","LiquidBronze"]}],"circlet_count":0,"master_deck":["AscendersBane","Strike_B","Defend_B+1","Defend_B","Zap","Dualcast+1","Ball Lightning","Fission+1","Go for the Eyes+1","Loop+1","Auto Shields","Self Repair","Buffer+1","Echo Form","Streamline","Cold Snap+1","RitualDagger+1","Ghostly+1","Ghostly","Ghostly+1","Double Energy+1","Ball Lightning+1","Coolheaded+1","Hologram+1","Consume+1","Genetic Algorithm","Compile Driver","Fusion+1","Recycle","Recycle+1"],"potion_use_per_floor":[[],[],[],[],[],[],[],[],[],[],["SteroidPotion","Explosive Potion"],[],[],[],[],["LiquidBronze"],[],[],[],[],[],[],[],[],["Strength Potion"],[],[],[],[],[],[],[],[],[],[],[],[],[],[],[],[],[],[],[],[],[],[],[],[],[],[],[],[],[],[],["GamblersBrew"],[]],"relics":["Cracked Core","Pocketwatch","Du-Vu Doll","The Courier","Letter Opener","Runic Pyramid","Nunchaku","Vajra","Bottled Tornado","Runic Capacitor","Sozu","StoneCalendar","Mango","Orichalcum","War Paint","Pear","ClockworkSouvenir","Centennial Puzzle"],"potions_floor_usage":[11,11,16,25,56],"damage_taken":[{"damage":1,"enemies":"2 Louse","floor":1,"turns":2},{"damage":0,"enemies":"Small Slimes","floor":3,"turns":2},{"damage":0,"enemies":"Jaw Worm","floor":4,"turns":3},{"damage":8,"enemies":"Large Slime","floor":5,"turns":5},{"damage":10,"enemies":"Lagavulin","floor":7,"turns":5},{"damage":0,"enemies":"Exordium Wildlife","floor":10,"turns":2},{"damage":6,"enemies":"Gremlin Nob","floor":11,"turns":3},{"damage":0,"enemies":"Gremlin Gang","floor":13,"turns":4},{"damage":22,"enemies":"Hexaghost","floor":16,"turns":9},{"damage":9,"enemies":"3 Byrds","floor":18,"turns":6},{"damage":0,"enemies":"Chosen","floor":19,"turns":6},{"damage":7,"enemies":"Gremlin Leader","floor":25,"turns":11},{"damage":0,"enemies":"Snake Plant","floor":27,"turns":5},{"damage":3,"enemies":"Slavers","floor":29,"turns":5},{"damage":0,"enemies":"Snecko","floor":30,"turns":5},{"damage":3,"enemies":"Collector","floor":33,"turns":14},{"damage":3,"enemies":"3 Darklings","floor":35,"turns":4},{"damage":23,"enemies":"2 Orb Walkers","floor":36,"turns":6},{"damage":8,"enemies":"Orb Walker","floor":38,"turns":4},{"damage":11,"enemies":"Writhing Mass","floor":39,"turns":8},{"damage":0,"enemies":"Giant Head","floor":40,"turns":13},{"damage":18,"enemies":"Reptomancer","floor":42,"turns":7},{"damage":8,"enemies":"Giant Head","floor":44,"turns":9},{"damage":0,"enemies":"Reptomancer","floor":46,"turns":6},{"damage":18,"enemies":"Awakened One","floor":50,"turns":14},{"damage":18,"enemies":"Time Eater","floor":51,"turns":8},{"damage":6,"enemies":"Shield and Spear","floor":55,"turns":6},{"damage":13,"enemies":"The Heart","floor":56,"turns":10}],"green_key_taken_log":25,"seed_played":"-5353774382236154981","neow_bonus_log":{"cardsObtained":[],"cardsUpgraded":[],"cardsRemoved":[],"cardsTransformed":[],"relicsObtained":["Pocketwatch"],"maxHpGained":0,"goldGained":0,"damageTaken":0,"goldLost":99,"maxHpLost":0},"potions_obtained":[{"floor":1,"key":"BlessingOfTheForge"},{"floor":5,"key":"SteroidPotion"},{"floor":10,"key":"Explosive Potion"},{"floor":16,"key":"AttackPotion"},{"floor":18,"key":"Strength Potion"},{"floor":25,"key":"GamblersBrew"},{"floor":29,"key":"Swift Potion"}],"is_trial":false,"path_per_floor":["M","?","M","M","M","R","E","R","T","M","E","R","M","$","R","B",null,"M","M","?","?","?","R","$","E","T","M","R","E","M","$","R","B",null,"M","?","?","M","M","E","R","E","T","E","R","E","R","$","R","B","B",null,"R","$","E","B",null],"character_chosen":"DEFECT","items_purchased":["LiquidBronze","Runic Capacitor","ClockworkSouvenir"],"campfire_rested":0,"item_purchase_floors":[14,31,48],"current_hp_per_floor":[63,63,63,63,55,55,45,45,45,45,46,46,53,53,53,38,63,68,71,71,65,35,35,35,35,35,35,35,35,35,35,35,35,35,35,26,45,45,45,59,59,55,55,59,59,69,69,69,69,65,61,67,67,67,69,63],"gold":41,"neow_bonus":"ONE_RARE_RELIC","is_prod":false,"is_daily":false,"rewards_skipped":[{"floor":30,"relics":[],"potions":["SteroidPotion"]},{"floor":38,"relics":[],"potions":["FearPotion"]},{"floor":39,"relics":[],"potions":["DistilledChaos"]},{"floor":55,"relics":[],"potions":["SkillPotion"]}],"chose_seed":false,"campfire_upgraded":11,"win_rate":0,"floor_exit_playtime":[90,119,164,214,280,289,353,361,374,408,463,483,557,596,602,720,803,1022,1083,1115,1121,1139,1145,1158,1376,1381,1492,1500,1637,1719,1737,1742,2045,2169,2295,2455,2466,2586,2782,3014,3024,3236,3260,3478,3485,3662,3667,3735,3745,4224,4455,4466,4484,4543,4710,5238],"timestamp":1671948843,"blue_key_relic_skipped_log":{"floor":43,"relicID":"Juzu Bracelet"},"path_taken":["M","?","M","M","M","R","E","R","T","M","E","R","M","$","R","BOSS","M","M","?","?","?","R","?","E","T","M","R","E","M","$","R","BOSS","M","?","?","M","?","E","R","E","T","E","R","E","R","$","R","BOSS","BOSS","R","$","E","BOSS"],"build_version":"2022-12-18","purchased_purges":3,"victory":true,"max_hp_per_floor":[71,71,71,71,71,71,71,71,71,71,71,71,71,71,71,71,71,71,71,71,71,35,35,35,35,35,35,35,35,35,35,35,35,35,35,35,45,45,45,59,59,59,59,59,59,69,69,69,69,69,69,69,69,69,69,69],"relic_stats":{"Sozu":3,"Nunchaku":[26],"Centennial Puzzle":[1],"counters":[28,182],"StoneCalendar":[312],"The Courier":142,"Letter Opener":[825],"Bottled Tornado":"Echo Form","Orichalcum":[114],"War Paint":["Defend_B","Dualcast"],"obtain_stats":[{"Pear":46,"Vajra":26,"StoneCalendar":36,"Mango":40,"The Courier":9,"Runic Capacitor":31,"Letter Opener":11,"Bottled Tornado":29,"Orichalcum":42,"War Paint":44,"ClockworkSouvenir":48,"Du-Vu Doll":7,"Sozu":34,"Nunchaku":25,"Centennial Puzzle":55,"Cracked Core":0,"Pocketwatch":0,"Runic Pyramid":17},{"Pear":24,"Vajra":12,"StoneCalendar":18,"Mango":21,"The Courier":5,"Runic Capacitor":15,"Letter Opener":7,"Bottled Tornado":14,"Orichalcum":22,"War Paint":23,"ClockworkSouvenir":24,"Du-Vu Doll":5,"Sozu":16,"Nunchaku":12,"Centennial Puzzle":27,"Cracked Core":0,"Pocketwatch":0,"Runic Pyramid":9},{"Pear":144,"Vajra":58,"StoneCalendar":97,"Mango":122,"The Courier":17,"Runic Capacitor":73,"Letter Opener":22,"Bottled Tornado":68,"Orichalcum":129,"War Paint":138,"ClockworkSouvenir":144,"Du-Vu Doll":17,"Sozu":87,"Nunchaku":58,"Centennial Puzzle":172,"Cracked Core":0,"Pocketwatch":0,"Runic Pyramid":35}],"Pocketwatch":[101]},"card_choices":[{"not_picked":["Double Energy","Auto Shields"],"picked":"Ball Lightning","floor":1},{"not_picked":["Redo","Streamline"],"picked":"Go for the Eyes","floor":3},{"not_picked":["Reprogram","Rip and Tear","Stack"],"picked":"SKIP","floor":4},{"not_picked":["Leap","Turbo"],"picked":"Loop","floor":5},{"not_picked":["Loop","Beam Cell"],"picked":"Auto Shields","floor":7},{"not_picked":["Rebound","Lockon"],"picked":"Self Repair","floor":10},{"not_picked":["Lockon","Turbo"],"picked":"Buffer","floor":11},{"not_picked":["Redo","Turbo","Steam"],"picked":"SKIP","floor":13},{"not_picked":["Fission","Reboot"],"picked":"Echo Form","floor":16},{"not_picked":["Scrape","Heatsinks"],"picked":"Streamline","floor":18},{"not_picked":["Ball Lightning","Leap"],"picked":"Cold Snap+1","floor":19},{"not_picked":["Ball Lightning","Reprogram"],"picked":"Double Energy","floor":25},{"not_picked":["Redo","Reprogram"],"picked":"Ball Lightning+1","floor":27},{"not_picked":["Conserve Battery","Gash"],"picked":"Coolheaded","floor":29},{"not_picked":["Beam Cell","Tempest","Streamline"],"picked":"SKIP","floor":30},{"not_picked":["Beam Cell","Tempest","Streamline"],"picked":"SKIP","floor":30},{"not_picked":["Hyperbeam","Fission"],"picked":"Reboot","floor":33},{"not_picked":["Gash","Ball Lightning"],"picked":"Hologram","floor":35},{"not_picked":["White Noise","Compile Driver+1"],"picked":"Consume","floor":36},{"not_picked":["Recycle","Double Energy"],"picked":"Genetic Algorithm","floor":38},{"not_picked":["Chaos","FTL"],"picked":"Compile Driver","floor":39},{"not_picked":["Ball Lightning+1","Tempest"],"picked":"Fusion+1","floor":40},{"not_picked":["Gash","Rebound+1"],"picked":"Recycle","floor":42},{"not_picked":["Ball Lightning","Reboot","Reinforced Body"],"picked":"SKIP","floor":44},{"not_picked":["Cold Snap","Heatsinks+1","Electrodynamics"],"picked":"SKIP","floor":46},{"not_picked":["Steam Power","All For One"],"picked":"Recycle+1","floor":55}],"player_experience":4841302,"relics_obtained":[{"floor":7,"key":"Du-Vu Doll"},{"floor":9,"key":"The Courier"},{"floor":11,"key":"Letter Opener"},{"floor":25,"key":"Nunchaku"},{"floor":26,"key":"Vajra"},{"floor":29,"key":"Bottled Tornado"},{"floor":36,"key":"StoneCalendar"},{"floor":40,"key":"Mango"},{"floor":42,"key":"Orichalcum"},{"floor":44,"key":"War Paint"},{"floor":46,"key":"Pear"},{"floor":55,"key":"Centennial Puzzle"}],"event_choices":[{"damage_healed":0,"gold_gain":0,"cards_transformed":["Strike_B"],"player_choice":"Change","damage_taken":0,"max_hp_gain":0,"max_hp_loss":0,"event_name":"Living Wall","floor":2,"gold_loss":0,"cards_obtained":["Fission"]},{"cards_removed":["Defend_B"],"damage_healed":0,"gold_gain":0,"player_choice":"Gave Gold","damage_taken":0,"max_hp_gain":0,"max_hp_loss":0,"event_name":"Beggar","floor":20,"gold_loss":75},{"damage_healed":0,"gold_gain":0,"player_choice":"Joined the Cult","damage_taken":6,"max_hp_gain":0,"max_hp_loss":0,"event_name":"Nest","floor":21,"gold_loss":0,"cards_obtained":["RitualDagger"]},{"damage_healed":0,"gold_gain":0,"player_choice":"Became a Ghost","damage_taken":0,"max_hp_gain":0,"max_hp_loss":36,"event_name":"Ghosts","floor":22,"gold_loss":0,"cards_obtained":["Ghostly","Ghostly","Ghostly"]},{"damage_healed":0,"gold_gain":0,"player_choice":"Fight","damage_taken":0,"max_hp_gain":0,"max_hp_loss":0,"event_name":"Mysterious Sphere","floor":36,"gold_loss":0},{"cards_removed":["Reboot"],"damage_healed":9,"gold_gain":0,"player_choice":"Offered Rare","damage_taken":0,"max_hp_gain":10,"max_hp_loss":0,"event_name":"Bonfire Elementals","floor":37,"gold_loss":0}],"is_beta":false,"boss_relics":[{"not_picked":["Empty Cage","Calling Bell"],"picked":"Runic Pyramid"},{"not_picked":["Busted Crown","Velvet Choker"],"picked":"Sozu"}],"items_purged_floors":[14,48,54],"is_endless":false,"potions_floor_spawned":[1,5,10,16,18,25,29,30,38,39,55],"ascension_level":20,"potion_discard_per_floor":[[],[],[],[],[],[],[],[],[],["BlessingOfTheForge"],[],[],[],[],[],[],[],[],[],[],[],[],[],[],[],[],[],[],["AttackPotion"],[],[],[],[],[],[],[],[],[],[],[],[],[],[],[],[],[],[],[],[],[],[],[],[],[],[],[],[]]}