{"neow_bonuses_skipped_log":["ONE_RANDOM_RARE_CARD","THREE_SMALL_POTIONS","THREE_RARE_CARDS"],"potions_obtained_entropic_brew":[[],[],[],[],[],[],[],[],[],[],[],[],[],[],[],[],[],[],[],[],[],[],[],[],[],[],[],[],[],[],[],[],[],[],[],[],[],[],[],[],[],[],[],[],[],[],[],[],[],[],[],[],[],[],[],[],[]],"neow_costs_skipped_log":["NONE","NONE","PERCENT_DAMAGE"],"gold_per_floor":[117,117,132,54,69,69,101,114,114,114,141,141,22,32,32,107,107,124,12,12,12,12,42,58,92,92,92,111,111,111,138,138,217,217,237,282,59,59,71,71,84,84,84,34,34,34,53,97,97,97,97,97,97,47,84,84],"floor_reached":57,"playtime":4550,"items_purged":["Strike_B","Defend_B","Defend_B","Defend_B"],"score":2738,"play_id":"8b1948cc-37f6-462e-830e-1c54d6491b64","local_time":"20221217191023","score_breakdown":["Floors Climbed (57): 285","Enemies Slain (12): 24","Exordium Elites Killed (2): 20","City Elites Killed (3): 60","Beyond Elites Killed (1): 30","Bosses Slain (5): 750","Champion (2): 50","Overkill: 25","Ascension (20): 1244","Heartbreaker: 250"],"is_ascension_mode":true,"potions_obtained_alchemize":[[],[],[],[],[],[],[],[],[],[],[],[],[],[],[],[],[],[],[],[],[],[],[],[],[],[],[],[],[],[],[],[],[],[],[],[],[],[],[],[],[],[],[],[],[],[],[],[],[],[],[],[],[],[],[],[],[]],"campfire_choices":[{"data":"Sunder","floor":6,"key":"SMITH"},{"data":"Zap","floor":10,"key":"SMITH"},{"data":"Coolheaded","floor":12,"key":"SMITH"},{"data":"Loop","floor":15,"key":"SMITH"},{"data":"RitualDagger","floor":27,"key":"SMITH"},{"data":"Defragment","floor":29,"key":"SMITH"},{"data":"Hologram","floor":32,"key":"SMITH"},{"floor":40,"key":"RECALL"},{"data":"Loop","floor":42,"key":"SMITH"},{"data":"Go for the Eyes","floor":45,"key":"SMITH"},{"data":"Static Discharge","floor":49,"key":"SMITH"},{"data":"Glacier","floor":53,"key":"SMITH"}],"lesson_learned_per_floor":[[],[],[],[],[],[],[],[],[],[],[],[],[],[],[],[],[],[],[],[],[],[],[],[],[],[],[],[],[],[],[],[],[],[],[],[],[],[],[],[],[],[],[],[],[],[],[],[],[],[],[],[],[],[],[],[],[]],"neow_cost":"NONE","improvable_cards":{"Genetic Algorithm":[45],"RitualDagger+1":[79]},"seed_source_timestamp":14550456226840,"shop_contents":[{"floor":4,"relics":["Anchor","Centennial Puzzle","Medical Kit"],"cards":["Sweeping Beam","Stack","Leap","Hello World","Mind Blast","Panache"],"potions":["FearPotion","SteroidPotion","Ancient Potion"]},{"floor":13,"relics":["Bottled Tornado","Molten Egg 2","Sling"],"cards":["Compile Driver","Hologram","Coolheaded","Flash of Steel","Transmutation"],"potions":["Ancient Potion","GamblersBrew","LiquidBronze"]},{"floor":19,"relics":["DataDisk","Bag of Marbles","Cauldron"],"cards":["Lockon","Rebound","BootSequence","Double Energy","Impatience","Apotheosis"],"potions":["DuplicationPotion","Swift Potion","EssenceOfDarkness"]},{"floor":37,"relics":["Whetstone","HandDrill"],"cards":["Streamline","FTL","Turbo+1","Multi-Cast+1","Static Discharge","Mind Blast","Metamorphosis+1"],"potions":["EssenceOfDarkness","FocusPotion","Energy Potion"]},{"floor":44,"relics":["Turnip","Incense Burner","TheAbacus"],"cards":["Rip and Tear","Ball Lightning","Reboot+1","Coolheaded+1","Loop","Forethought+1","Thinking Ahead+1"],"potions":["BlessingOfTheForge","SkillPotion","Strength Potion"]},{"floor":54,"relics":["Strawberry","Blue Candle","Orrery"],"cards":["Barrage","Cold Snap","Auto Shields+1","Turbo+1","Creative AI","Deep Breath+1","Transmutation+1"],"potions":["Weak Potion","Ancient Potion","SkillPotion"]}],"circlet_count":0,"master_deck":["AscendersBane","Zap+1","Dualcast","Glacier+1","Ball Lightning","Sunder+1","Leap","Echo Form","BootSequence","Coolheaded+1","Self Repair","Go for the Eyes+1","Loop+1","Electrodynamics","Hologram+1","Defragment+1","Loop+1","Static Discharge+1","RitualDagger+1","Genetic Algorithm","Creative AI","Seek+1","Defragment+1","Hologram+1","Glacier+1","Turbo+1","Reinforced Body+1","Skim+1","Capacitor"],"potion_use_per_floor":[[],[],[],[],[],[],["Fire Potion"],[],[],[],[],[],[],[],[],[],[],[],[],[],[],[],[],[],["Fire Potion"],[],[],[],[],[],["ColorlessPotion"],[],[],[],[],[],[],[],[],[],[],[],[],[],[],[],[],[],[],[],[],[],[],[],[],["PowerPotion","GamblersBrew"],[]],"relics":["SlaversCollar","Bronze Scales","Question Card","Bird Faced Urn","Snecko Eye","Smiling Mask","Pen Nib","Toxic Egg 2","Philosopher\u0027s Stone","Dead Branch","Happy Flower","CeramicFish","Mango"],"potions_floor_usage":[7,25,31,56,56],"damage_taken":[{"damage":9,"enemies":"Jaw Worm","floor":1,"turns":5},{"damage":0,"enemies":"2 Louse","floor":3,"turns":3},{"damage":0,"enemies":"Small Slimes","floor":5,"turns":3},{"damage":3,"enemies":"Gremlin Nob","floor":7,"turns":3},{"damage":0,"enemies":"2 Fungi Beasts","floor":8,"turns":2},{"damage":0,"enemies":"Lagavulin","floor":11,"turns":5},{"damage":0,"enemies":"Large Slime","floor":14,"turns":4},{"damage":24,"enemies":"Hexaghost","floor":16,"turns":8},{"damage":0,"enemies":"Chosen","floor":18,"turns":3},{"damage":41,"enemies":"Book of Stabbing","floor":23,"turns":5},{"damage":19,"enemies":"Shell Parasite","floor":24,"turns":11},{"damage":5,"enemies":"Slavers","floor":25,"turns":4},{"damage":8,"enemies":"Snecko","floor":28,"turns":9},{"damage":15,"enemies":"Gremlin Leader","floor":31,"turns":7},{"damage":19,"enemies":"Collector","floor":33,"turns":7},{"damage":23,"enemies":"3 Shapes","floor":35,"turns":7},{"damage":36,"enemies":"2 Orb Walkers","floor":36,"turns":5},{"damage":33,"enemies":"3 Darklings","floor":39,"turns":10},{"damage":3,"enemies":"Jaw Worm Horde","floor":41,"turns":7},{"damage":1,"enemies":"Spire Growth","floor":47,"turns":15},{"damage":0,"enemies":"Nemesis","floor":48,"turns":9},{"damage":1,"enemies":"Donu and Deca","floor":50,"turns":9},{"damage":2,"enemies":"Time Eater","floor":51,"turns":34},{"damage":6,"enemies":"Shield and Spear","floor":55,"turns":11},{"damage":67,"enemies":"The Heart","floor":56,"turns":9}],"green_key_taken_log":48,"seed_played":"8711910628893756971","neow_bonus_log":{"cardsObtained":[],"cardsUpgraded":[],"cardsRemoved":[],"cardsTransformed":[],"relicsObtained":["SlaversCollar"],"maxHpGained":0,"goldGained":0,"damageTaken":0,"goldLost":0,"maxHpLost":0},"potions_obtained":[{"floor":3,"key":"Fire Potion"},{"floor":11,"key":"Fire Potion"},{"floor":16,"key":"ColorlessPotion"},{"floor":25,"key":"GamblersBrew"},{"floor":33,"key":"PowerPotion"}],"is_trial":false,"path_per_floor":["M","?","M","$","M","R","E","M","T","R","E","R","$","M","R","B",null,"M","$","?","?","?","E","M","E","T","R","M","R","?","E","R","B",null,"M","?","$","?","M","R","M","R","T","$","R","?","M","E","R","B","B",null,"R","$","E","B",null],"character_chosen":"DEFECT","items_purchased":["Sunder","Self Repair","Go for the Eyes","Defragment","Happy Flower"],"campfire_rested":0,"item_purchase_floors":[4,13,13,19,37],"current_hp_per_floor":[55,48,48,48,48,48,45,45,45,45,45,45,45,54,54,43,64,66,66,66,66,60,38,55,71,71,71,71,71,71,71,71,71,71,71,63,63,63,71,71,71,71,71,71,71,67,67,67,67,67,67,67,67,67,81,61],"gold":84,"neow_bonus":"BOSS_RELIC","is_prod":false,"is_daily":false,"rewards_skipped":[{"floor":23,"relics":[],"potions":["Weak Potion"]},{"floor":24,"relics":[],"potions":["Strength Potion"]},{"floor":31,"relics":["Tiny Chest"],"potions":[]},{"floor":35,"relics":[],"potions":["EssenceOfSteel"]},{"floor":41,"relics":[],"potions":["Regen Potion"]}],"chose_seed":false,"campfire_upgraded":11,"win_rate":0,"floor_exit_playtime":[94,103,130,173,208,214,294,316,352,357,422,427,451,522,529,619,733,818,859,871,880,897,1024,1195,1292,1311,1318,1478,1486,1501,1679,1697,1942,1993,2077,2196,2263,2290,2499,2510,2622,2640,2646,2658,2674,2681,2965,3145,3154,3360,3820,3833,3870,3929,4071,4550],"timestamp":1671322223,"blue_key_relic_skipped_log":{"floor":43,"relicID":"HornCleat"},"path_taken":["M","?","M","?","M","R","E","M","T","R","E","R","$","M","R","BOSS","M","$","?","?","?","E","M","E","T","R","M","R","?","E","R","BOSS","M","?","$","?","M","R","M","R","T","$","R","?","M","E","R","BOSS","BOSS","R","$","E","BOSS"],"build_version":"2022-12-01","purchased_purges":4,"victory":true,"max_hp_per_floor":[71,71,71,71,71,71,71,71,71,71,71,71,71,71,71,71,71,71,71,71,71,71,71,71,71,71,71,71,71,71,71,71,71,71,71,71,71,71,71,71,71,71,71,71,71,67,67,67,67,67,67,67,67,67,81,81],"relic_stats":{"Happy Flower":[34],"counters":[25,195],"Bronze Scales":[665],"Bird Faced Urn":[217],"Dead Branch":[75],"CeramicFish":18,"Snecko Eye":[266,291,285,318,-529],"Pen Nib":[12],"Question Card":17,"Smiling Mask":225,"obtain_stats":[{"Happy Flower":37,"Dead Branch":36,"CeramicFish":48,"Mango":55,"Pen Nib":25,"Question Card":9,"Smiling Mask":23,"SlaversCollar":0,"Bronze Scales":7,"Bird Faced Urn":11,"Snecko Eye":17,"Philosopher\u0027s Stone":34,"Toxic Egg 2":26,"Cracked Core":0},{"Happy Flower":17,"Dead Branch":17,"CeramicFish":21,"Mango":24,"Pen Nib":12,"Question Card":5,"Smiling Mask":10,"SlaversCollar":0,"Bronze Scales":4,"Bird Faced Urn":6,"Snecko Eye":8,"Philosopher\u0027s Stone":15,"Toxic Egg 2":12,"Cracked Core":0},{"Happy Flower":91,"Dead Branch":91,"CeramicFish":132,"Mango":186,"Pen Nib":56,"Question Card":16,"Smiling Mask":41,"SlaversCollar":0,"Bronze Scales":14,"Bird Faced Urn":21,"Snecko Eye":33,"Philosopher\u0027s Stone":79,"Toxic Egg 2":56,"Cracked Core":0}]},"card_choices":[{"not_picked":["Ball Lightning","Turbo"],"picked":"Glacier","floor":1},{"not_picked":["Steam","Compile Driver"],"picked":"Ball Lightning","floor":3},{"not_picked":["Consume","Stack"],"picked":"Leap","floor":5},{"not_picked":["Compile Driver","Consume"],"picked":"Echo Form","floor":7},{"not_picked":["Undo","Chaos"],"picked":"BootSequence","floor":8},{"not_picked":["Melter","Ball Lightning","Darkness"],"picked":"Coolheaded","floor":11},{"not_picked":["Sunder","Ball Lightning","Sweeping Beam"],"picked":"Loop","floor":14},{"not_picked":["Rainbow","Thunder Strike","Reboot"],"picked":"Electrodynamics","floor":16},{"not_picked":["Conserve Battery","Sweeping Beam","Steam"],"picked":"Hologram","floor":18},{"not_picked":["Tempest","Redo","Loop","Consume"],"picked":"SKIP","floor":23},{"not_picked":["Go for the Eyes","Redo","Gash","Machine Learning"],"picked":"SKIP","floor":24},{"not_picked":["Gash","Recycle","Rebound"],"picked":"Genetic Algorithm","floor":25},{"not_picked":["Gash","Streamline","Scrape","Blizzard"],"picked":"SKIP","floor":28},{"not_picked":["Auto Shields+1","Aggregate+1","Force Field+1"],"picked":"Creative AI","floor":31},{"not_picked":["Biased Cognition","All For One","Thunder Strike"],"picked":"Seek+1","floor":33},{"not_picked":["Loop","Cold Snap","Melter"],"picked":"Defragment+1","floor":35},{"not_picked":["Doom and Gloom","Heatsinks","Steam Power+1"],"picked":"Hologram+1","floor":36},{"not_picked":["Rebound","Ball Lightning+1","Tempest+1"],"picked":"Glacier+1","floor":39},{"not_picked":["Rebound","Undo+1","Steam+1"],"picked":"Turbo+1","floor":41},{"not_picked":["Ball Lightning+1","Recycle+1","Heatsinks"],"picked":"Reinforced Body+1","floor":47},{"not_picked":["Blizzard","Hello World","Sunder+1"],"picked":"Skim+1","floor":48},{"not_picked":["Hyperbeam","Storm","Gash"],"picked":"Capacitor","floor":55}],"player_experience":4761029,"relics_obtained":[{"floor":7,"key":"Bronze Scales"},{"floor":9,"key":"Question Card"},{"floor":11,"key":"Bird Faced Urn"},{"floor":23,"key":"Smiling Mask"},{"floor":25,"key":"Pen Nib"},{"floor":26,"key":"Toxic Egg 2"},{"floor":36,"key":"Dead Branch"},{"floor":48,"key":"CeramicFish"},{"floor":55,"key":"Mango"}],"event_choices":[{"cards_removed":["Defend_B"],"damage_healed":0,"gold_gain":0,"player_choice":"Card Removal","damage_taken":7,"max_hp_gain":0,"max_hp_loss":0,"event_name":"Golden Wing","floor":2,"gold_loss":0},{"damage_healed":0,"gold_gain":0,"cards_transformed":["Strike_B","Strike_B"],"player_choice":"Became Test Subject","damage_taken":0,"max_hp_gain":0,"max_hp_loss":0,"event_name":"Drug Dealer","floor":20,"gold_loss":0,"cards_obtained":["Loop","Static Discharge"]},{"cards_removed":["Strike_B"],"damage_healed":0,"gold_gain":0,"player_choice":"Elegance","damage_taken":0,"max_hp_gain":0,"max_hp_loss":0,"event_name":"Back to Basics","floor":21,"gold_loss":0},{"damage_healed":0,"gold_gain":0,"player_choice":"Joined the Cult","damage_taken":6,"max_hp_gain":0,"max_hp_loss":0,"event_name":"Nest","floor":22,"gold_loss":0,"cards_obtained":["RitualDagger"]},{"damage_healed":0,"gold_gain":0,"player_choice":"Ignored","damage_taken":0,"max_hp_gain":0,"max_hp_loss":0,"event_name":"The Mausoleum","floor":30,"gold_loss":0},{"damage_healed":0,"gold_gain":0,"player_choice":"Fight","damage_taken":0,"max_hp_gain":0,"max_hp_loss":0,"event_name":"Mysterious Sphere","floor":36,"gold_loss":0},{"damage_healed":0,"gold_gain":0,"player_choice":"Ignored","damage_taken":0,"max_hp_gain":0,"max_hp_loss":0,"event_name":"Tomb of Lord Red Mask","floor":38,"gold_loss":0},{"damage_healed":0,"gold_gain":0,"player_choice":"Max HP","damage_taken":0,"max_hp_gain":0,"max_hp_loss":4,"event_name":"Winding Halls","floor":46,"gold_loss":0}],"is_beta":false,"boss_relics":[{"not_picked":["Pandora\u0027s Box","Busted Crown"],"picked":"Snecko Eye"},{"not_picked":["Runic Dome","Black Star"],"picked":"Philosopher\u0027s Stone"}],"items_purged_floors":[19,37,44,54],"is_endless":false,"potions_floor_spawned":[3,11,16,23,24,25,33,35,41],"ascension_level":20,"potion_discard_per_floor":[[],[],[],[],[],[],[],[],[],[],[],[],[],[],[],[],[],[],[],[],[],[],[],[],[],[],[],[],[],[],[],[],[],[],[],[],[],[],[],[],[],[],[],[],[],[],[],[],[],[],[],[],[],[],[],[],[]]}