{"neow_bonuses_skipped_log":["ONE_RANDOM_RARE_CARD","TRANSFORM_TWO_CARDS","BOSS_RELIC"],"neow_costs_skipped_log":["NONE","CURSE","NONE"],"potions_obtained_entropic_brew":[[],[],[],[],[],[],[],[],[],[],[],[],[],[],[],[]],"gold_per_floor":[109,126,52,64,76,111,121,151,151,151,161,192,192,218,218,218],"floor_reached":16,"playtime":900,"items_purged":[],"score":314,"play_id":"0099f32c-7cb6-4fb6-87d9-c2bdc50efe30","local_time":"20221216194303","score_breakdown":["Floors Climbed (16): 80","Enemies Slain (6): 12","Exordium Elites Killed (4): 40","Bosses Slain (0): 0","Champion (1): 25","Ascension (20): 157"],"is_ascension_mode":true,"potions_obtained_alchemize":[[],[],[],[],[],[],[],[],[],[],[],[],[],[],[],[]],"campfire_choices":[{"data":"Sunder","floor":10,"key":"SMITH"},{"data":"Double Energy","floor":15,"key":"SMITH"}],"lesson_learned_per_floor":[[],[],[],[],[],[],[],[],[],[],[],[],[],[],[],[]],"neow_cost":"NONE","improvable_cards":{},"seed_source_timestamp":19637096484626,"shop_contents":[{"floor":3,"relics":["Kunai","Bag of Preparation","Runic Capacitor"],"cards":["Rip and Tear","Leap","Conserve Battery","Self Repair","Good Instincts","Sadistic Nature"],"potions":["CultistPotion","FocusPotion","SpeedPotion"]}],"circlet_count":0,"master_deck":["AscendersBane","Strike_B","Strike_B","Strike_B","Strike_B","Defend_B","Defend_B","Defend_B","Defend_B","Zap","Dualcast","Cold Snap","Reinforced Body","Sunder+1","Sweeping Beam","Compile Driver","Darkness+1","Compile Driver","Double Energy+1","Chill","Coolheaded"],"potion_use_per_floor":[[],[],[],[],[],["FearPotion"],[],["BlessingOfTheForge"],[],[],[],[],[],[],[],["AttackPotion"]],"relics":["Cracked Core","PreservedInsect","Letter Opener","Ginger","Pear","Pen Nib","Bottled Lightning"],"potions_floor_usage":[6,8,16],"damage_taken":[{"damage":1,"enemies":"Cultist","floor":1,"turns":4},{"damage":7,"enemies":"Jaw Worm","floor":2,"turns":4},{"damage":10,"enemies":"Small Slimes","floor":4,"turns":2},{"damage":9,"enemies":"Blue Slaver","floor":5,"turns":3},{"damage":7,"enemies":"Gremlin Nob","floor":6,"turns":3},{"damage":0,"enemies":"Looter","floor":7,"turns":3},{"damage":0,"enemies":"Lagavulin","floor":8,"turns":4},{"damage":4,"enemies":"3 Louse","floor":11,"turns":3},{"damage":8,"enemies":"Gremlin Nob","floor":12,"turns":3},{"damage":21,"enemies":"Lagavulin","floor":14,"turns":7},{"damage":8,"enemies":"Hexaghost","floor":16,"turns":7}],"seed_played":"4004875874118454657","neow_bonus_log":{"cardsObtained":[],"cardsUpgraded":[],"cardsRemoved":[],"cardsTransformed":[],"relicsObtained":["PreservedInsect"],"maxHpGained":0,"goldGained":0,"damageTaken":0,"goldLost":0,"maxHpLost":0},"potions_obtained":[{"floor":4,"key":"Fire Potion"},{"floor":5,"key":"FearPotion"},{"floor":7,"key":"BlessingOfTheForge"},{"floor":11,"key":"AttackPotion"}],"is_trial":false,"path_per_floor":["M","M","$","M","M","E","M","E","T","R","M","E","?","E","R","B"],"character_chosen":"DEFECT","items_purchased":["Sunder"],"campfire_rested":0,"item_purchase_floors":[3],"current_hp_per_floor":[63,56,56,46,37,30,30,30,40,40,36,28,28,7,7,0],"gold":218,"neow_bonus":"RANDOM_COMMON_RELIC","is_prod":false,"is_daily":false,"rewards_skipped":[],"chose_seed":false,"campfire_upgraded":2,"win_rate":0,"floor_exit_playtime":[112,178,223,253,292,319,350,472,484,490,535,614,619,734,741],"timestamp":1671237783,"path_taken":["M","M","$","?","M","E","M","E","T","R","M","E","?","E","R","BOSS"],"build_version":"2022-12-01","purchased_purges":0,"victory":false,"max_hp_per_floor":[71,71,71,71,71,71,71,71,81,81,81,81,81,81,81,81],"relic_stats":{"counters":[11,43],"PreservedInsect":102,"Pen Nib":[1],"Letter Opener":[20],"Ginger":[0],"Bottled Lightning":"Chill","obtain_stats":[{"Pear":9,"PreservedInsect":0,"Pen Nib":12,"Letter Opener":6,"Ginger":8,"Bottled Lightning":14,"Cracked Core":0},{"Pear":7,"PreservedInsect":0,"Pen Nib":9,"Letter Opener":5,"Ginger":7,"Bottled Lightning":10,"Cracked Core":0},{"Pear":23,"PreservedInsect":0,"Pen Nib":29,"Letter Opener":16,"Ginger":23,"Bottled Lightning":36,"Cracked Core":0}]},"card_choices":[{"not_picked":["Compile Driver","Streamline"],"picked":"Cold Snap","floor":1},{"not_picked":["Scrape","Cold Snap"],"picked":"Reinforced Body","floor":2},{"not_picked":["Cold Snap","Scrape"],"picked":"Sweeping Beam","floor":4},{"not_picked":["Cold Snap","Chaos"],"picked":"Compile Driver","floor":5},{"not_picked":["Sweeping Beam","Amplify","Rip and Tear"],"picked":"SKIP","floor":6},{"not_picked":["Tempest","Loop"],"picked":"Darkness","floor":7},{"not_picked":["Melter","Cold Snap"],"picked":"Compile Driver","floor":8},{"not_picked":["Cold Snap","Stack"],"picked":"Double Energy","floor":11},{"not_picked":["Steam","Rainbow"],"picked":"Chill","floor":12},{"not_picked":["Go for the Eyes","Leap"],"picked":"Coolheaded","floor":14}],"player_experience":4754245,"relics_obtained":[{"floor":6,"key":"Letter Opener"},{"floor":8,"key":"Ginger"},{"floor":9,"key":"Pear"},{"floor":12,"key":"Pen Nib"},{"floor":14,"key":"Bottled Lightning"}],"event_choices":[{"damage_healed":0,"gold_gain":0,"player_choice":"Upgraded","damage_taken":0,"max_hp_gain":0,"max_hp_loss":0,"event_name":"Upgrade Shrine","floor":13,"gold_loss":0,"cards_upgraded":["Darkness"]}],"is_beta":false,"boss_relics":[],"items_purged_floors":[],"is_endless":false,"potions_floor_spawned":[4,5,7,11],"killed_by":"Hexaghost","ascension_level":20,"potion_discard_per_floor":[[],[],[],[],[],[],[],[],[],[],[],[],[],[],[],[]]}