{"neow_bonuses_skipped_log":["THREE_CARDS","HUNDRED_GOLD","TWENTY_PERCENT_HP_BONUS"],"neow_costs_skipped_log":["NONE","NONE","CURSE"],"potions_obtained_entropic_brew":[[],[],[],[],[],[],[],[],[],[],[],[],[],[],[],[],[],[],[],[],[],[],[],[],[],[],[],[],[],[],[],[],[],[],[],[],[],[],[],[],[],[],[],[],[],[],[],[],[],[],[],[],[],[],[],[],[]],"gold_per_floor":[110,129,145,145,157,157,186,201,250,250,285,17,35,49,49,121,121,139,139,153,153,47,47,74,74,74,99,112,138,148,167,167,243,243,253,12,12,28,39,39,81,104,104,124,53,73,98,138,138,138,138,138,138,38,78,78],"floor_reached":57,"playtime":6107,"items_purged":["Defend_B","Defend_B"],"score":2826,"play_id":"e24c4e95-b330-46ea-8a6c-7b6bf1888df0","local_time":"20221218173946","score_breakdown":["Floors Climbed (57): 285","Enemies Slain (19): 38","Exordium Elites Killed (2): 20","City Elites Killed (3): 60","Beyond Elites Killed (2): 60","Bosses Slain (5): 750","Collector (1): 25","Librarian: 25","Champion (1): 25","Overkill: 25","Ascension (20): 1263","Heartbreaker: 250"],"is_ascension_mode":true,"potions_obtained_alchemize":[[],[],[],[],[],[],[],[],[],[],[],[],[],[],[],[],[],[],[],[],[],[],[],[],[],[],[],[],[],[],[],[],[],[],[],[],[],[],[],[],[],[],[],[],[],[],[],[],[],[],[],[],[],[],[],[],[]],"campfire_choices":[{"data":"Streamline","floor":6,"key":"SMITH"},{"floor":10,"key":"REST"},{"data":"Sunder","floor":15,"key":"SMITH"},{"data":"Defragment","floor":23,"key":"SMITH"},{"data":"Creative AI","floor":25,"key":"SMITH"},{"data":"Coolheaded","floor":32,"key":"SMITH"},{"floor":40,"key":"RECALL"}],"lesson_learned_per_floor":[[],[],[],[],[],[],[],[],[],[],[],[],[],[],[],[],[],[],[],[],[],[],[],[],[],[],[],[],[],[],[],[],[],[],[],[],[],[],[],[],[],[],[],[],[],[],[],[],[],[],[],[],[],[],[],[],[]],"neow_cost":"NONE","improvable_cards":{},"seed_source_timestamp":7793013456169,"shop_contents":[{"floor":12,"relics":["Du-Vu Doll","Nunchaku"],"cards":["Blizzard","Fusion","Hologram","Trip","Chrysalis"],"potions":["Fruit Juice","Dexterity Potion","AttackPotion"]},{"floor":22,"relics":["Juzu Bracelet","Bronze Scales","ClockworkSouvenir"],"cards":["Lockon","Go for the Eyes","Leap","Fission","Heatsinks","Metamorphosis"],"potions":["PowerPotion","FearPotion","Strength Potion"]},{"floor":36,"relics":["Regal Pillow","Ice Cream"],"cards":["Gash","Sweeping Beam","Rainbow","Multi-Cast","Defragment","Madness","Mayhem"],"potions":["AttackPotion","SteroidPotion","Explosive Potion"]},{"floor":45,"relics":["Omamori","Blue Candle","Sling"],"cards":["Sweeping Beam","Meteor Strike","Multi-Cast","Storm","Good Instincts","Transmutation"],"potions":["LiquidMemories","DistilledChaos","AttackPotion"]},{"floor":54,"relics":["Vajra","Centennial Puzzle","Strange Spoon"],"cards":["Barrage","Hyperbeam","Force Field","Coolheaded","Storm","Discovery","Secret Weapon"],"potions":["SteroidPotion","Dexterity Potion","Strength Potion"]}],"circlet_count":0,"master_deck":["AscendersBane","Defend_B","Dualcast","Sweeping Beam","Rebound","Streamline+1","Darkness","Compile Driver","Cold Snap","Self Repair","Cold Snap","Sunder+1","Hyperbeam","Go for the Eyes","Bite","Bite","Bite","Bite","Bite","Undo","Defragment+1","White Noise","PanicButton","Creative AI+1","Skim","Hologram+1","Compile Driver","Coolheaded+1","Buffer","Defragment+1","Chill+1","Compile Driver+1","Fusion","Go for the Eyes","Glacier","Amplify","Hologram","Capacitor","Loop+1","Skim"],"potion_use_per_floor":[[],[],[],[],[],[],[],[],[],[],[],[],["ColorlessPotion"],[],[],["LiquidBronze","GamblersBrew"],[],[],[],[],[],[],[],[],[],[],[],[],["DuplicationPotion"],[],[],[],[],[],[],[],[],[],[],[],[],[],[],[],[],[],[],[],[],[],[],[],[],[],["Weak Potion","DistilledChaos"],["LiquidBronze"],[]],"relics":["Philosopher\u0027s Stone","Sundial","Gremlin Horn","OrangePellets","Coffee Dripper","Bag of Preparation","DataDisk","Mango","Mercury Hourglass","Fusion Hammer","Frozen Eye","CeramicFish","Singing Bowl","Lantern","Dead Branch"],"potions_floor_usage":[13,16,16,29,55,55,56],"damage_taken":[{"damage":6,"enemies":"Jaw Worm","floor":1,"turns":4},{"damage":0,"enemies":"Small Slimes","floor":2,"turns":2},{"damage":0,"enemies":"2 Louse","floor":3,"turns":2},{"damage":0,"enemies":"2 Fungi Beasts","floor":5,"turns":3},{"damage":35,"enemies":"3 Sentries","floor":7,"turns":6},{"damage":21,"enemies":"Exordium Thugs","floor":8,"turns":5},{"damage":14,"enemies":"Lagavulin","floor":11,"turns":5},{"damage":11,"enemies":"Red Slaver","floor":13,"turns":4},{"damage":0,"enemies":"Large Slime","floor":14,"turns":4},{"damage":16,"enemies":"Hexaghost","floor":16,"turns":7},{"damage":30,"enemies":"3 Byrds","floor":18,"turns":4},{"damage":5,"enemies":"Spheric Guardian","floor":20,"turns":3},{"damage":32,"enemies":"Book of Stabbing","floor":24,"turns":5},{"damage":13,"enemies":"Gremlin Leader","floor":27,"turns":8},{"damage":1,"enemies":"Cultist and Chosen","floor":28,"turns":6},{"damage":20,"enemies":"Slavers","floor":29,"turns":8},{"damage":12,"enemies":"Shelled Parasite and Fungi","floor":30,"turns":4},{"damage":1,"enemies":"Snecko","floor":31,"turns":4},{"damage":26,"enemies":"Collector","floor":33,"turns":9},{"damage":0,"enemies":"3 Shapes","floor":35,"turns":4},{"damage":0,"enemies":"3 Darklings","floor":38,"turns":3},{"damage":0,"enemies":"Spire Growth","floor":39,"turns":13},{"damage":14,"enemies":"Nemesis","floor":41,"turns":9},{"damage":2,"enemies":"Sphere and 2 Shapes","floor":42,"turns":10},{"damage":22,"enemies":"Writhing Mass","floor":44,"turns":12},{"damage":0,"enemies":"4 Shapes","floor":46,"turns":6},{"damage":10,"enemies":"3 Darklings","floor":47,"turns":5},{"damage":0,"enemies":"Reptomancer","floor":48,"turns":10},{"damage":20,"enemies":"Donu and Deca","floor":50,"turns":16},{"damage":1,"enemies":"Time Eater","floor":51,"turns":24},{"damage":72,"enemies":"Shield and Spear","floor":55,"turns":34},{"damage":74,"enemies":"The Heart","floor":56,"turns":12}],"green_key_taken_log":41,"seed_played":"-2663564620430660577","neow_bonus_log":{"cardsObtained":[],"cardsUpgraded":[],"cardsRemoved":[],"cardsTransformed":[],"relicsObtained":["Philosopher\u0027s Stone"],"maxHpGained":0,"goldGained":0,"damageTaken":0,"goldLost":0,"maxHpLost":0},"potions_obtained":[{"floor":2,"key":"LiquidBronze"},{"floor":7,"key":"ColorlessPotion"},{"floor":13,"key":"Explosive Potion"},{"floor":14,"key":"GamblersBrew"},{"floor":16,"key":"DuplicationPotion"},{"floor":27,"key":"Weak Potion"},{"floor":30,"key":"Ancient Potion"},{"floor":31,"key":"DistilledChaos"},{"floor":55,"key":"LiquidBronze"}],"is_trial":false,"path_per_floor":["M","M","M","?","M","R","E","M","T","R","E","$","M","M","R","B",null,"M","?","M","?","$","R","E","R","T","E","M","E","M","M","R","B",null,"M","$","?","M","M","R","E","M","T","M","$","M","M","E","R","B","B",null,"R","$","E","B",null],"character_chosen":"DEFECT","items_purchased":["OrangePellets","Self Repair","Cold Snap","PanicButton","Frozen Eye","Amplify"],"campfire_rested":1,"item_purchase_floors":[12,12,12,22,36,45],"current_hp_per_floor":[58,58,58,63,63,63,28,7,7,29,15,15,11,18,18,9,59,36,36,42,42,42,42,27,27,27,57,66,67,65,67,67,67,67,67,67,67,67,67,67,67,67,67,66,66,67,67,67,67,67,67,67,67,67,67,3],"gold":78,"neow_bonus":"BOSS_RELIC","is_prod":false,"is_daily":false,"rewards_skipped":[{"floor":8,"relics":[],"potions":["SpeedPotion"]},{"floor":28,"relics":[],"potions":["Dexterity Potion"]},{"floor":35,"relics":[],"potions":["Weak Potion"]},{"floor":38,"relics":[],"potions":["Explosive Potion"]},{"floor":42,"relics":[],"potions":["SkillPotion"]},{"floor":47,"relics":[],"potions":["EssenceOfSteel"]}],"chose_seed":false,"campfire_upgraded":5,"win_rate":0,"floor_exit_playtime":[84,114,144,153,192,198,332,399,404,408,511,558,644,712,717,891,952,1044,1059,1108,1169,1187,1197,1368,1378,1381,1594,1760,1920,2024,2084,2102,2268,2311,2367,2435,2474,2583,2775,2782,2999,3202,3207,3451,3500,3573,3692,3931,3941,4204,4489,4500,4502,4527,5281,6107],"timestamp":1671403186,"blue_key_relic_skipped_log":{"floor":9,"relicID":"Tiny Chest"},"path_taken":["M","M","M","?","M","R","E","M","T","R","E","$","M","M","R","BOSS","M","?","M","?","$","R","E","R","T","E","M","E","M","M","R","BOSS","M","$","?","M","M","R","E","M","T","M","?","?","M","E","R","BOSS","BOSS","R","$","E","BOSS"],"build_version":"2022-12-01","purchased_purges":2,"victory":true,"max_hp_per_floor":[71,71,71,76,76,76,76,76,76,76,76,76,76,76,76,76,76,76,53,53,53,53,53,53,53,53,67,67,67,67,67,67,67,67,67,67,67,67,67,67,67,67,67,67,67,67,67,67,67,67,67,67,67,67,67,67],"relic_stats":{"OrangePellets":[52],"Frozen Eye":253.36365,"Gremlin Horn":[42,43],"Singing Bowl":0,"counters":[32,250],"Sundial":[30],"CeramicFish":72,"Dead Branch":[9],"Bag of Preparation":[38],"obtain_stats":[{"Lantern":48,"Gremlin Horn":11,"Singing Bowl":43,"CeramicFish":41,"Dead Branch":55,"Mango":27,"Bag of Preparation":24,"Mercury Hourglass":29,"OrangePellets":12,"Frozen Eye":36,"DataDisk":26,"Sundial":7,"Philosopher\u0027s Stone":0,"Fusion Hammer":34,"Coffee Dripper":17,"Cracked Core":0},{"Lantern":28,"Gremlin Horn":7,"Singing Bowl":24,"CeramicFish":23,"Dead Branch":31,"Mango":14,"Bag of Preparation":13,"Mercury Hourglass":16,"OrangePellets":7,"Frozen Eye":20,"DataDisk":13,"Sundial":5,"Philosopher\u0027s Stone":0,"Fusion Hammer":19,"Coffee Dripper":10,"Cracked Core":0},{"Lantern":164,"Gremlin Horn":27,"Singing Bowl":131,"CeramicFish":122,"Dead Branch":238,"Mango":62,"Bag of Preparation":54,"Mercury Hourglass":76,"OrangePellets":27,"Frozen Eye":97,"DataDisk":54,"Sundial":17,"Philosopher\u0027s Stone":0,"Fusion Hammer":93,"Coffee Dripper":42,"Cracked Core":0}],"Mercury Hourglass":[528]},"card_choices":[{"not_picked":["Go for the Eyes","Beam Cell"],"picked":"Sweeping Beam","floor":1},{"not_picked":["Recycle","Redo"],"picked":"Rebound","floor":2},{"not_picked":["Conserve Battery","Rebound"],"picked":"Streamline","floor":3},{"not_picked":["Recycle","Static Discharge"],"picked":"Darkness","floor":5},{"not_picked":["BootSequence","Fission"],"picked":"Compile Driver","floor":7},{"not_picked":["Leap","Gash"],"picked":"Cold Snap","floor":8},{"not_picked":["Steam Power","Scrape","Stack"],"picked":"SKIP","floor":11},{"not_picked":["Steam Power","Scrape","Stack"],"picked":"SKIP","floor":11},{"not_picked":["Blizzard","All For One","Turbo"],"picked":"SKIP","floor":13},{"not_picked":["Rebound","Beam Cell"],"picked":"Sunder","floor":14},{"not_picked":["Rainbow","Core Surge"],"picked":"Hyperbeam","floor":16},{"not_picked":["Steam","Ball Lightning"],"picked":"Go for the Eyes","floor":18},{"not_picked":["Hologram","Loop"],"picked":"Undo","floor":20},{"not_picked":["Fusion","White Noise"],"picked":"Creative AI","floor":24},{"not_picked":["Conserve Battery","Barrage"],"picked":"Skim","floor":27},{"not_picked":["Turbo","Gash"],"picked":"Hologram+1","floor":28},{"not_picked":["Sweeping Beam","Chill"],"picked":"Compile Driver","floor":29},{"not_picked":["Steam","Gash","Streamline"],"picked":"SKIP","floor":30},{"not_picked":["Darkness","Hologram"],"picked":"Coolheaded","floor":31},{"not_picked":["Rainbow","Core Surge"],"picked":"Buffer","floor":33},{"not_picked":["Streamline+1","Beam Cell","Ball Lightning+1"],"picked":"SKIP","floor":35},{"not_picked":["Steam","Stack+1"],"picked":"Chill+1","floor":38},{"not_picked":["Doom and Gloom","Ball Lightning+1"],"picked":"Compile Driver+1","floor":39},{"not_picked":["Core Surge","Auto Shields"],"picked":"Fusion","floor":41},{"not_picked":["Go for the Eyes","Streamline+1","Gash"],"picked":"SKIP","floor":42},{"not_picked":["Streamline+1","Gash"],"picked":"Go for the Eyes","floor":42},{"not_picked":["Cold Snap","Coolheaded"],"picked":"Glacier","floor":44},{"not_picked":["Streamline","Go for the Eyes+1"],"picked":"Hologram","floor":46},{"not_picked":["Cold Snap","Gash"],"picked":"Capacitor","floor":47},{"not_picked":["Consume+1","Turbo+1"],"picked":"Loop+1","floor":48},{"not_picked":["Conserve Battery","Barrage"],"picked":"Skim","floor":55}],"player_experience":4777915,"relics_obtained":[{"floor":7,"key":"Sundial"},{"floor":11,"key":"Gremlin Horn"},{"floor":24,"key":"Bag of Preparation"},{"floor":26,"key":"DataDisk"},{"floor":27,"key":"Mango"},{"floor":29,"key":"Mercury Hourglass"},{"floor":41,"key":"CeramicFish"},{"floor":43,"key":"Singing Bowl"},{"floor":48,"key":"Lantern"},{"floor":55,"key":"Dead Branch"}],"event_choices":[{"damage_healed":0,"gold_gain":0,"player_choice":"Donut","damage_taken":0,"max_hp_gain":5,"max_hp_loss":0,"event_name":"Big Fish","floor":4,"gold_loss":0},{"damage_healed":0,"gold_gain":0,"player_choice":"Became a vampire","damage_taken":0,"max_hp_gain":0,"max_hp_loss":23,"event_name":"Vampires","floor":19,"gold_loss":0,"cards_obtained":["Bite","Bite","Bite","Bite","Bite"]},{"damage_healed":0,"gold_gain":0,"cards_transformed":["Zap","Defend_B"],"player_choice":"Became Test Subject","damage_taken":0,"max_hp_gain":0,"max_hp_loss":0,"event_name":"Drug Dealer","floor":21,"gold_loss":0,"cards_obtained":["Defragment","White Noise"]},{"damage_healed":0,"gold_gain":0,"player_choice":"Copied","damage_taken":0,"max_hp_gain":0,"max_hp_loss":0,"event_name":"Duplicator","floor":37,"gold_loss":0,"cards_obtained":["Defragment"]}],"is_beta":false,"boss_relics":[{"not_picked":["Astrolabe","Black Star"],"picked":"Coffee Dripper"},{"not_picked":["SacredBark","Calling Bell"],"picked":"Fusion Hammer"}],"items_purged_floors":[36,54],"is_endless":false,"potions_floor_spawned":[2,7,8,13,14,16,27,28,30,31,35,38,42,47,55],"ascension_level":20,"potion_discard_per_floor":[[],[],[],[],[],[],[],[],[],[],[],[],[],["Explosive Potion"],[],[],[],[],[],[],[],[],[],[],[],[],[],[],[],[],["Ancient Potion"],[],[],[],[],[],[],[],[],[],[],[],[],[],[],[],[],[],[],[],[],[],[],[],[],[],[]]}