{"neow_bonuses_skipped_log":["TEN_PERCENT_HP_BONUS","THREE_RARE_CARDS","BOSS_RELIC"],"neow_costs_skipped_log":["NONE","NO_GOLD","NONE"],"potions_obtained_entropic_brew":[[],[],[],[],[],[],[],[],[],[],[],[],[],[],[],[],[],[],[],[],[],[],[],[],[],[],[],[],[],[],[],[],[],[],[],[],[],[],[],[],[],[],[],[],[],[],[],[],[],[],[],[],[],[],[],[]],"gold_per_floor":[114,128,147,160,172,172,203,230,265,15,15,41,53,66,66,138,138,154,169,9,21,41,41,41,41,64,99,99,132,132,22,22,98,98,115,138,154,170,170,170,197,197,197,223,148,163,163,174,174,174,174,174,174,19,48,48],"floor_reached":56,"playtime":7053,"items_purged":["Zap","Defend_B"],"score":1918,"play_id":"7cc3bbe3-6a98-48bb-b368-2d4f646b1359","local_time":"20221220211040","score_breakdown":["Floors Climbed (56): 280","Enemies Slain (17): 34","Exordium Elites Killed (2): 20","City Elites Killed (2): 40","Beyond Elites Killed (2): 60","Bosses Slain (4): 500","Overkill: 25","Ascension (20): 959"],"is_ascension_mode":true,"potions_obtained_alchemize":[[],[],[],[],[],[],[],[],[],[],[],[],[],[],[],[],[],[],[],[],[],[],[],[],[],[],[],[],[],[],[],[],[],[],[],[],[],[],[],[],[],[],[],[],[],[],[],[],[],[],[],[],[],[],[],[]],"campfire_choices":[{"data":"Streamline","floor":6,"key":"SMITH"},{"data":"Dramatic Entrance","floor":11,"key":"SMITH"},{"data":"Loop","floor":15,"key":"SMITH"},{"data":"Biased Cognition","floor":23,"key":"SMITH"},{"data":"Coolheaded","floor":25,"key":"SMITH"},{"floor":28,"key":"REST"},{"floor":30,"key":"REST"},{"data":"Turbo","floor":32,"key":"SMITH"},{"data":"Fission","floor":40,"key":"SMITH"},{"data":"Seek","floor":42,"key":"SMITH"},{"floor":47,"key":"RECALL"},{"data":"Hologram","floor":49,"key":"SMITH"},{"data":"Go for the Eyes","floor":53,"key":"SMITH"}],"lesson_learned_per_floor":[[],[],[],[],[],[],[],[],[],[],[],[],[],[],[],[],[],[],[],[],[],[],[],[],[],[],[],[],[],[],[],[],[],[],[],[],[],[],[],[],[],[],[],[],[],[],[],[],[],[],[],[],[],[],[],[]],"neow_cost":"NONE","improvable_cards":{},"seed_source_timestamp":33236718069591,"shop_contents":[{"floor":10,"relics":["Ancient Tea Set","Molten Egg 2"],"cards":["Rip and Tear","Fusion","Recycle","Dramatic Entrance","Chrysalis"],"potions":["Ancient Potion","SkillPotion","EssenceOfDarkness"]},{"floor":20,"relics":["Potion Belt","CaptainsWheel","Frozen Eye"],"cards":["Melter","Streamline","Hologram","Stack","Deep Breath","HandOfGreed"],"potions":["Swift Potion","FairyPotion","Explosive Potion"]},{"floor":45,"relics":["Blue Candle","Art of War","Strange Spoon"],"cards":["Go for the Eyes","Streamline","Stack","Leap","Hello World","Purity","Secret Technique"],"potions":["EntropicBrew","SkillPotion","DuplicationPotion"]},{"floor":54,"relics":["Akabeko","Orichalcum","Cauldron"],"cards":["Sweeping Beam","Ball Lightning","BootSequence","Reprogram","Loop","Panacea","Magnetism"],"potions":["PotionOfCapacity","Energy Potion"]}],"circlet_count":0,"master_deck":["AscendersBane","Strike_B","Defend_B","Defend_B","Dualcast","Dramatic Entrance+1","Streamline+1","Leap","Ball Lightning","Hologram+1","Conserve Battery","FTL","Loop+1","Self Repair","Cold Snap","Coolheaded+1","Echo Form","Darkness+1","Ball Lightning+1","Aggregate+1","Glacier","Biased Cognition+1","Skim+1","BootSequence+1","Turbo+1","Fission+1","Coolheaded","Redo+1","Seek+1","Double Energy+1","Go for the Eyes+1"],"potion_use_per_floor":[[],[],[],[],[],[],["Swift Potion"],[],[],[],[],["Weak Potion"],[],[],[],[],[],[],[],[],[],[],[],[],[],[],["Strength Potion"],[],["SteroidPotion"],[],[],[],[],[],[],[],[],[],[],[],["Strength Potion","DuplicationPotion"],[],[],[],[],[],[],[],[],[],[],[],[],[],[],["PotionOfCapacity","PowerPotion"]],"relics":["Cracked Core","MawBank","Lantern","OrangePellets","Letter Opener","Astrolabe","Oddly Smooth Stone","Boot","Happy Flower","Coffee Dripper","Nunchaku","Pen Nib","HornCleat","Mercury Hourglass"],"potions_floor_usage":[7,12,27,29,41,41,56,56],"damage_taken":[{"damage":9,"enemies":"2 Louse","floor":1,"turns":2},{"damage":0,"enemies":"Small Slimes","floor":2,"turns":2},{"damage":0,"enemies":"Cultist","floor":3,"turns":3},{"damage":0,"enemies":"Gremlin Gang","floor":4,"turns":3},{"damage":11,"enemies":"Exordium Wildlife","floor":5,"turns":3},{"damage":9,"enemies":"Lagavulin","floor":7,"turns":7},{"damage":0,"enemies":"Large Slime","floor":8,"turns":4},{"damage":1,"enemies":"Gremlin Nob","floor":12,"turns":3},{"damage":0,"enemies":"2 Fungi Beasts","floor":13,"turns":2},{"damage":6,"enemies":"Looter","floor":14,"turns":3},{"damage":13,"enemies":"The Guardian","floor":16,"turns":13},{"damage":19,"enemies":"Chosen","floor":18,"turns":4},{"damage":0,"enemies":"Spheric Guardian","floor":19,"turns":3},{"damage":36,"enemies":"Shelled Parasite and Fungi","floor":21,"turns":8},{"damage":19,"enemies":"Snake Plant","floor":22,"turns":9},{"damage":33,"enemies":"Book of Stabbing","floor":27,"turns":7},{"damage":24,"enemies":"Slavers","floor":29,"turns":6},{"damage":39,"enemies":"Champ","floor":33,"turns":19},{"damage":6,"enemies":"Orb Walker","floor":35,"turns":6},{"damage":4,"enemies":"3 Shapes","floor":37,"turns":6},{"damage":0,"enemies":"Spire Growth","floor":38,"turns":12},{"damage":11,"enemies":"Reptomancer","floor":41,"turns":6},{"damage":18,"enemies":"Nemesis","floor":44,"turns":17},{"damage":3,"enemies":"Maw","floor":46,"turns":7},{"damage":0,"enemies":"4 Shapes","floor":48,"turns":15},{"damage":1,"enemies":"Donu and Deca","floor":50,"turns":18},{"damage":26,"enemies":"Awakened One","floor":51,"turns":28},{"damage":31,"enemies":"Shield and Spear","floor":55,"turns":8},{"damage":50,"enemies":"The Heart","floor":56,"turns":8}],"green_key_taken_log":44,"seed_played":"2548176981841715677","neow_bonus_log":{"cardsObtained":[],"cardsUpgraded":[],"cardsRemoved":[],"cardsTransformed":[],"relicsObtained":[],"maxHpGained":0,"goldGained":0,"damageTaken":0,"goldLost":0,"maxHpLost":0},"potions_obtained":[{"floor":1,"key":"Swift Potion"},{"floor":3,"key":"SteroidPotion"},{"floor":7,"key":"Weak Potion"},{"floor":21,"key":"Strength Potion"},{"floor":27,"key":"Strength Potion"},{"floor":33,"key":"ColorlessPotion"},{"floor":35,"key":"DuplicationPotion"},{"floor":44,"key":"PotionOfCapacity"}],"is_trial":false,"path_per_floor":["M","M","M","M","M","R","E","M","T","$","R","E","M","M","R","B",null,"M","M","$","M","M","R","?","R","T","E","R","E","R","?","R","B",null,"M","T","M","M","?","R","E","R","T","E","$","M","R","M","R","B","B",null,"R","$","E","B"],"character_chosen":"DEFECT","items_purchased":["Self Repair","OrangePellets","Cold Snap","Biased Cognition","PowerPotion"],"campfire_rested":2,"item_purchase_floors":[10,10,10,20,54],"current_hp_per_floor":[55,55,55,55,44,44,35,35,35,35,35,34,34,28,28,22,59,54,61,61,39,34,34,34,34,34,8,29,19,40,40,40,15,57,65,65,68,71,71,71,67,67,67,56,56,60,60,71,71,71,52,66,66,66,49,0],"gold":48,"neow_bonus":"RANDOM_COLORLESS","is_prod":false,"is_daily":false,"rewards_skipped":[{"floor":4,"relics":[],"potions":["PowerPotion"]},{"floor":8,"relics":[],"potions":["Weak Potion"]},{"floor":22,"relics":[],"potions":["FearPotion"]}],"chose_seed":false,"campfire_upgraded":10,"win_rate":0,"floor_exit_playtime":[512,552,594,851,896,902,1085,1273,1293,1360,1368,1453,1509,1541,1560,1759,1982,2114,2169,2185,2357,2519,2561,2588,2601,2622,3006,3020,3243,3285,3325,3353,3731,3758,3881,3959,4117,4287,4293,4299,4585,4597,4607,4938,5059,5196,5228,5392,5403,5722,6210,6221,6236,6294,6520],"timestamp":1671588640,"blue_key_relic_skipped_log":{"floor":43,"relicID":"Peace Pipe"},"path_taken":["M","M","M","M","M","R","E","M","T","$","R","E","M","M","R","BOSS","M","M","$","M","M","R","?","R","T","E","R","E","R","?","R","BOSS","M","?","M","?","?","R","E","R","T","E","$","M","R","M","R","BOSS","BOSS","R","$","E","BOSS"],"build_version":"2022-12-18","purchased_purges":2,"victory":false,"max_hp_per_floor":[71,71,71,71,71,71,71,71,71,71,71,71,71,71,71,71,71,71,71,71,71,71,71,71,71,71,71,71,71,71,71,71,71,71,71,71,71,71,71,71,71,71,71,71,71,71,71,71,71,71,71,71,71,71,71,71],"relic_stats":{"OrangePellets":[29],"Nunchaku":[13],"Happy Flower":[50],"counters":[29,232],"Astrolabe":["Darkness","Ball Lightning","Aggregate"],"Pen Nib":[11],"Letter Opener":[588],"MawBank":36,"Boot":[28],"obtain_stats":[{"Lantern":9,"Happy Flower":29,"Astrolabe":17,"Oddly Smooth Stone":26,"Pen Nib":41,"Letter Opener":12,"MawBank":7,"Boot":27,"Mercury Hourglass":55,"OrangePellets":10,"Nunchaku":36,"HornCleat":44,"Coffee Dripper":34,"Cracked Core":0},{"Lantern":7,"Happy Flower":17,"Astrolabe":11,"Oddly Smooth Stone":15,"Pen Nib":22,"Letter Opener":8,"MawBank":6,"Boot":16,"Mercury Hourglass":28,"OrangePellets":7,"Nunchaku":19,"HornCleat":23,"Coffee Dripper":18,"Cracked Core":0},{"Lantern":24,"Happy Flower":82,"Astrolabe":45,"Oddly Smooth Stone":69,"Pen Nib":131,"Letter Opener":27,"MawBank":20,"Boot":76,"Mercury Hourglass":224,"OrangePellets":24,"Nunchaku":107,"HornCleat":148,"Coffee Dripper":101,"Cracked Core":0}],"Mercury Hourglass":[24]},"card_choices":[{"not_picked":["Purity","Forethought"],"picked":"Dramatic Entrance","floor":0},{"not_picked":["Chaos","Loop"],"picked":"Streamline","floor":1},{"not_picked":["Lockon","White Noise"],"picked":"Leap","floor":2},{"not_picked":["Skim","Fusion"],"picked":"Ball Lightning","floor":3},{"not_picked":["Aggregate","Sweeping Beam"],"picked":"Hologram","floor":4},{"not_picked":["Hologram","Steam Power"],"picked":"Conserve Battery","floor":5},{"not_picked":["Go for the Eyes","Steam Power"],"picked":"FTL","floor":7},{"not_picked":["Meteor Strike","Leap"],"picked":"Loop","floor":8},{"not_picked":["Consume","Beam Cell","Gash"],"picked":"SKIP","floor":12},{"not_picked":["Scrape","Lockon","Heatsinks"],"picked":"SKIP","floor":13},{"not_picked":["Streamline","Gash"],"picked":"Coolheaded","floor":14},{"not_picked":["Amplify","Core Surge"],"picked":"Echo Form","floor":16},{"not_picked":["Rebound","Gash","Barrage"],"picked":"SKIP","floor":18},{"not_picked":["Conserve Battery","Steam Power"],"picked":"Glacier","floor":19},{"not_picked":["Meteor Strike","Streamline","Gash"],"picked":"SKIP","floor":21},{"not_picked":["Barrage","Lockon"],"picked":"Skim","floor":22},{"not_picked":["Hyperbeam","Melter+1"],"picked":"BootSequence+1","floor":27},{"not_picked":["Beam Cell","Steam+1"],"picked":"Turbo","floor":29},{"not_picked":["Rainbow","Creative AI"],"picked":"Fission","floor":33},{"not_picked":["Melter+1","Ball Lightning"],"picked":"Coolheaded","floor":35},{"not_picked":["Turbo","FTL"],"picked":"Redo+1","floor":37},{"not_picked":["Rebound","Loop","Stack"],"picked":"SKIP","floor":38},{"not_picked":["Doom and Gloom","Beam Cell"],"picked":"Seek","floor":41},{"not_picked":["Cold Snap","Coolheaded"],"picked":"Double Energy+1","floor":44},{"not_picked":["Sunder","Leap","Double Energy"],"picked":"SKIP","floor":46},{"not_picked":["Gash","Rebound"],"picked":"Go for the Eyes","floor":48},{"not_picked":["Scrape","FTL+1","Doom and Gloom"],"picked":"SKIP","floor":55}],"player_experience":4801756,"relics_obtained":[{"floor":7,"key":"MawBank"},{"floor":9,"key":"Lantern"},{"floor":12,"key":"Letter Opener"},{"floor":26,"key":"Oddly Smooth Stone"},{"floor":27,"key":"Boot"},{"floor":29,"key":"Happy Flower"},{"floor":36,"key":"Nunchaku"},{"floor":41,"key":"Pen Nib"},{"floor":44,"key":"HornCleat"},{"floor":55,"key":"Mercury Hourglass"}],"event_choices":[{"damage_healed":0,"gold_gain":0,"player_choice":"Ignored","damage_taken":0,"max_hp_gain":0,"max_hp_loss":0,"event_name":"The Mausoleum","floor":24,"gold_loss":0},{"cards_removed":["Strike_B"],"damage_healed":0,"gold_gain":0,"player_choice":"Upgrade and Remove","damage_taken":0,"max_hp_gain":0,"max_hp_loss":0,"event_name":"Designer","floor":31,"gold_loss":110,"cards_upgraded":["Skim"]},{"damage_healed":0,"gold_gain":0,"player_choice":"Ignored","damage_taken":0,"max_hp_gain":0,"max_hp_loss":0,"event_name":"Tomb of Lord Red Mask","floor":39,"gold_loss":0}],"is_beta":false,"boss_relics":[{"not_picked":["Ectoplasm","Inserter"],"picked":"Astrolabe"},{"not_picked":["SacredBark","Pandora\u0027s Box"],"picked":"Coffee Dripper"}],"items_purged_floors":[45,54],"is_endless":false,"potions_floor_spawned":[1,3,4,7,8,21,22,27,33,35,44],"killed_by":"The Heart","ascension_level":20,"potion_discard_per_floor":[[],[],[],[],[],[],[],[],[],[],[],[],[],[],[],[],[],[],[],[],[],[],[],[],[],[],[],[],[],[],[],[],[],[],["ColorlessPotion"],[],[],[],[],[],[],[],[],[],[],[],[],[],[],[],[],[],[],[],[],[]]}