{"neow_bonuses_skipped_log":["THREE_CARDS","THREE_RARE_CARDS","BOSS_RELIC"],"neow_costs_skipped_log":["NONE","NO_GOLD","NONE"],"potions_obtained_entropic_brew":[[],[],[],[],[],[],[],[],[],[],[],[],[],[],[],[],[],[],[],[],[],[],[],[],[],[],[],[],[],[],[],[],[],[],[],[],[],[],[],[],[],[]],"gold_per_floor":[112,129,142,161,176,176,207,91,139,165,180,198,198,235,235,315,315,338,71,71,71,95,95,131,154,154,188,20,47,47,73,73,160,160,186,213,247,269,290,290,318,318],"floor_reached":42,"playtime":4767,"items_purged":["Strike_B","Zap"],"score":1114,"play_id":"0ede4c18-e090-43be-aba6-30dc2c0da095","local_time":"20221214204549","score_breakdown":["Floors Climbed (42): 210","Enemies Slain (16): 32","Exordium Elites Killed (3): 30","City Elites Killed (3): 60","Beyond Elites Killed (0): 0","Bosses Slain (2): 150","Perfect (1): 50","Overkill: 25","Ascension (20): 557"],"is_ascension_mode":true,"potions_obtained_alchemize":[[],[],[],[],[],[],[],[],[],[],[],[],[],[],[],[],[],[],[],[],[],[],[],[],[],[],[],[],[],[],[],[],[],[],[],[],[],[],[],[],[],[]],"campfire_choices":[{"data":"Streamline","floor":6,"key":"SMITH"},{"floor":13,"key":"REST"},{"data":"Defragment","floor":15,"key":"SMITH"},{"data":"Coolheaded","floor":23,"key":"SMITH"},{"data":"Double Energy","floor":30,"key":"SMITH"},{"data":"Go for the Eyes","floor":32,"key":"SMITH"},{"floor":40,"key":"RECALL"}],"lesson_learned_per_floor":[[],[],[],[],[],[],[],[],[],[],[],[],[],[],[],[],[],[],[],[],[],[],[],[],[],[],[],[],[],[],[],[],[],[],[],[],[],[],[],[],[],[]],"neow_cost":"NONE","improvable_cards":{"Genetic Algorithm":[25]},"seed_source_timestamp":39553254783353,"shop_contents":[{"floor":8,"relics":["Matryoshka","Torii","HandDrill"],"cards":["Lockon","Go for the Eyes","Tempest","Capacitor","Trip","HandOfGreed"],"potions":["EssenceOfDarkness","LiquidBronze","DuplicationPotion"]},{"floor":19,"relics":["Singing Bowl","Darkstone Periapt"],"cards":["Rebound","Hyperbeam","Chaos","Coolheaded","Self Repair","Bandage Up","Metamorphosis"],"potions":["AttackPotion","BlessingOfTheForge","DuplicationPotion"]},{"floor":28,"relics":["Calipers","Centennial Puzzle"],"cards":["Lockon","Compile Driver","Steam","Turbo","Static Discharge","Forethought","Panache"],"potions":["SneckoOil","LiquidMemories","ColorlessPotion"]}],"circlet_count":0,"master_deck":["AscendersBane","Strike_B","Strike_B","Strike_B+1","Defend_B","Defend_B","Defend_B","Defend_B","Dualcast","Beam Cell","Sweeping Beam","Streamline+1","Go for the Eyes+1","Compile Driver","Defragment+1","BootSequence","Coolheaded+1","Glacier","Hyperbeam+1","Hello World","Rainbow","Doom and Gloom","Genetic Algorithm","Core Surge","Compile Driver","Double Energy+1","Glacier","All For One","Static Discharge+1","Redo","Barrage","Stack","Loop","Hologram"],"potion_use_per_floor":[[],[],[],[],[],[],["Energy Potion"],[],[],["Block Potion"],[],["LiquidMemories"],[],["ColorlessPotion"],[],["PowerPotion"],[],["Fire Potion"],[],[],[],[],[],["AttackPotion"],[],[],["Fire Potion"],[],["Swift Potion"],[],["Dexterity Potion"],[],["SkillPotion"],[],[],["DistilledChaos"],[],[],[],[],["GamblersBrew"],["PowerPotion","Dexterity Potion"]],"relics":["Cracked Core","Ancient Tea Set","Ornamental Fan","MealTicket","White Beast Statue","CeramicFish","Coffee Dripper","Sling","Enchiridion","Shuriken","Whetstone","Nunchaku","Runic Capacitor","Incense Burner","SlaversCollar","Turnip"],"potions_floor_usage":[7,10,12,14,16,18,24,27,29,31,33,36,41,42,42],"damage_taken":[{"damage":0,"enemies":"Cultist","floor":1,"turns":3},{"damage":1,"enemies":"2 Louse","floor":2,"turns":4},{"damage":14,"enemies":"Small Slimes","floor":3,"turns":2},{"damage":6,"enemies":"2 Fungi Beasts","floor":4,"turns":3},{"damage":11,"enemies":"Exordium Wildlife","floor":5,"turns":4},{"damage":3,"enemies":"Gremlin Nob","floor":7,"turns":3},{"damage":19,"enemies":"3 Sentries","floor":10,"turns":7},{"damage":8,"enemies":"Large Slime","floor":11,"turns":6},{"damage":1,"enemies":"3 Louse","floor":12,"turns":2},{"damage":8,"enemies":"Lagavulin","floor":14,"turns":8},{"damage":2,"enemies":"Hexaghost","floor":16,"turns":13},{"damage":8,"enemies":"2 Thieves","floor":18,"turns":3},{"damage":2,"enemies":"Shell Parasite","floor":22,"turns":2},{"damage":35,"enemies":"Book of Stabbing","floor":24,"turns":5},{"damage":0,"enemies":"Cultist and Chosen","floor":25,"turns":3},{"damage":4,"enemies":"Gremlin Leader","floor":27,"turns":6},{"damage":2,"enemies":"Centurion and Healer","floor":29,"turns":5},{"damage":11,"enemies":"Slavers","floor":31,"turns":4},{"damage":0,"enemies":"Collector","floor":33,"turns":8},{"damage":0,"enemies":"3 Shapes","floor":35,"turns":9},{"damage":22,"enemies":"3 Darklings","floor":36,"turns":6},{"damage":12,"enemies":"Mind Bloom Boss Battle","floor":37,"turns":6},{"damage":0,"enemies":"Writhing Mass","floor":38,"turns":5},{"damage":0,"enemies":"Spire Growth","floor":39,"turns":6},{"damage":13,"enemies":"Sphere and 2 Shapes","floor":41,"turns":19},{"damage":12,"enemies":"Jaw Worm Horde","floor":42,"turns":2}],"green_key_taken_log":24,"seed_played":"1059919587613358265","neow_bonus_log":{"cardsObtained":[],"cardsUpgraded":[],"cardsRemoved":[],"cardsTransformed":[],"relicsObtained":["Ancient Tea Set"],"maxHpGained":0,"goldGained":0,"damageTaken":0,"goldLost":0,"maxHpLost":0},"potions_obtained":[{"floor":3,"key":"Energy Potion"},{"floor":5,"key":"Block Potion"},{"floor":7,"key":"LiquidMemories"},{"floor":10,"key":"Explosive Potion"},{"floor":11,"key":"PowerPotion"},{"floor":12,"key":"ColorlessPotion"},{"floor":14,"key":"Fire Potion"},{"floor":16,"key":"SmokeBomb"},{"floor":18,"key":"FairyPotion"},{"floor":22,"key":"AttackPotion"},{"floor":24,"key":"Fire Potion"},{"floor":27,"key":"Swift Potion"},{"floor":29,"key":"Dexterity Potion"},{"floor":31,"key":"SkillPotion"},{"floor":33,"key":"Explosive Potion"},{"floor":35,"key":"DistilledChaos"},{"floor":36,"key":"PowerPotion"},{"floor":38,"key":"GamblersBrew"},{"floor":41,"key":"Dexterity Potion"}],"is_trial":false,"path_per_floor":["M","M","M","M","M","R","E","$","T","E","M","M","R","E","R","B",null,"M","$","?","?","M","R","E","M","T","E","$","M","R","E","R","B",null,"M","M","?","M","M","R","M","M"],"character_chosen":"DEFECT","items_purchased":["BootSequence","Sling","Runic Capacitor"],"campfire_rested":1,"item_purchase_floors":[8,19,28],"current_hp_per_floor":[64,63,49,43,32,32,29,29,29,10,2,1,22,14,14,12,56,48,63,63,42,40,40,5,5,5,1,16,14,14,3,3,3,54,54,32,20,20,20,20,7,0],"gold":318,"neow_bonus":"RANDOM_COMMON_RELIC","is_prod":false,"is_daily":false,"rewards_skipped":[{"floor":25,"relics":[],"potions":["Block Potion"]},{"floor":37,"relics":[],"potions":["PotionOfCapacity"]},{"floor":39,"relics":[],"potions":["AttackPotion"]}],"chose_seed":false,"campfire_upgraded":5,"win_rate":0,"floor_exit_playtime":[128,187,233,313,426,442,614,672,674,796,869,1027,1031,1220,1226,1633,1686,1759,1826,1846,1855,1916,1921,2077,2206,2215,2455,2464,2551,2570,2682,2689,2999,3246,3495,3760,3997,4170,4344,4358,4579],"timestamp":1671068749,"path_taken":["M","M","M","?","M","R","E","$","T","E","M","M","R","E","R","BOSS","M","$","?","?","M","R","E","M","T","E","$","M","R","E","R","BOSS","M","M","?","M","M","R","M","M"],"build_version":"2022-12-01","purchased_purges":2,"victory":false,"max_hp_per_floor":[71,71,71,71,71,71,71,71,71,71,71,71,71,71,71,71,71,71,71,71,71,71,71,71,71,71,71,71,71,71,71,71,71,71,71,71,71,71,71,71,71,71],"relic_stats":{"Nunchaku":[12],"counters":[26,144],"Ornamental Fan":[152],"Shuriken":[26],"CeramicFish":135,"MealTicket":30,"Turnip":[5],"Whetstone":["Hyperbeam","Strike_B"],"Ancient Tea Set":[14],"obtain_stats":[{"CeramicFish":14,"Enchiridion":21,"Runic Capacitor":28,"Incense Burner":31,"Whetstone":26,"Ancient Tea Set":0,"Sling":19,"White Beast Statue":10,"SlaversCollar":34,"Nunchaku":27,"Ornamental Fan":7,"Shuriken":24,"MealTicket":9,"Turnip":37,"Coffee Dripper":17,"Cracked Core":0},{"CeramicFish":10,"Enchiridion":12,"Runic Capacitor":16,"Incense Burner":18,"Whetstone":15,"Ancient Tea Set":0,"Sling":12,"White Beast Statue":7,"SlaversCollar":19,"Nunchaku":16,"Ornamental Fan":6,"Shuriken":14,"MealTicket":6,"Turnip":22,"Coffee Dripper":11,"Cracked Core":0},{"CeramicFish":42,"Enchiridion":58,"Runic Capacitor":74,"Incense Burner":83,"Whetstone":68,"Ancient Tea Set":0,"Sling":58,"White Beast Statue":26,"SlaversCollar":91,"Nunchaku":74,"Ornamental Fan":19,"Shuriken":65,"MealTicket":19,"Turnip":112,"Coffee Dripper":55,"Cracked Core":0}],"White Beast Statue":[0.002640000000000001,0.0,0.11179200000000004,0.0,0.45788800000000024,0.0,0.3700800000000002,0.0,0.05688000000000003,0.0,7.200000000000003E-4,7.624558080000003]},"card_choices":[{"not_picked":["Redo","Go for the Eyes"],"picked":"Beam Cell","floor":1},{"not_picked":["Coolheaded","Barrage"],"picked":"Sweeping Beam","floor":2},{"not_picked":["Go for the Eyes","Steam"],"picked":"Streamline","floor":3},{"not_picked":["Turbo","Multi-Cast"],"picked":"Go for the Eyes","floor":4},{"not_picked":["Leap","Capacitor"],"picked":"Compile Driver","floor":5},{"not_picked":["Undo","Sunder"],"picked":"Defragment","floor":7},{"not_picked":["Compile Driver","Rebound"],"picked":"Coolheaded","floor":10},{"not_picked":["Gash","Hello World"],"picked":"Glacier","floor":11},{"not_picked":["Go for the Eyes","Static Discharge"],"picked":"Hyperbeam","floor":12},{"not_picked":["Meteor Strike","Gash"],"picked":"Hello World","floor":14},{"not_picked":["Creative AI","Thunder Strike"],"picked":"Rainbow","floor":16},{"not_picked":["Turbo","Melter"],"picked":"Doom and Gloom","floor":18},{"not_picked":["Rebound","Gash"],"picked":"Genetic Algorithm","floor":22},{"not_picked":["Go for the Eyes+1","Storm"],"picked":"Core Surge","floor":24},{"not_picked":["Aggregate","Sweeping Beam"],"picked":"Compile Driver","floor":25},{"not_picked":["Gash","Thunder Strike"],"picked":"Double Energy","floor":27},{"not_picked":["Leap","Rip and Tear+1"],"picked":"Glacier","floor":29},{"not_picked":["Go for the Eyes","Aggregate","Conserve Battery"],"picked":"SKIP","floor":31},{"not_picked":["Core Surge","Rainbow"],"picked":"All For One","floor":33},{"not_picked":["Gash","Conserve Battery"],"picked":"Static Discharge+1","floor":35},{"not_picked":["Cold Snap","Genetic Algorithm"],"picked":"Redo","floor":36},{"not_picked":["Steam","Gash+1"],"picked":"Barrage","floor":37},{"not_picked":["Rainbow","Reprogram"],"picked":"Stack","floor":38},{"not_picked":["Beam Cell","Rebound"],"picked":"Loop","floor":39},{"not_picked":["Gash","Barrage+1"],"picked":"Hologram","floor":41}],"player_experience":4723101,"relics_obtained":[{"floor":7,"key":"Ornamental Fan"},{"floor":9,"key":"MealTicket"},{"floor":10,"key":"White Beast Statue"},{"floor":14,"key":"CeramicFish"},{"floor":21,"key":"Enchiridion"},{"floor":24,"key":"Shuriken"},{"floor":26,"key":"Whetstone"},{"floor":27,"key":"Nunchaku"},{"floor":31,"key":"Incense Burner"},{"floor":37,"key":"Turnip"}],"event_choices":[{"damage_healed":0,"gold_gain":0,"player_choice":"Ignored","damage_taken":0,"max_hp_gain":0,"max_hp_loss":0,"event_name":"The Mausoleum","floor":20,"gold_loss":0},{"damage_healed":0,"gold_gain":0,"player_choice":"Obtained Book","damage_taken":21,"max_hp_gain":0,"max_hp_loss":0,"event_name":"Cursed Tome","floor":21,"gold_loss":0},{"damage_healed":0,"gold_gain":0,"player_choice":"Fight","damage_taken":0,"max_hp_gain":0,"max_hp_loss":0,"event_name":"MindBloom","floor":37,"gold_loss":0}],"is_beta":false,"boss_relics":[{"not_picked":["FrozenCore","Ectoplasm"],"picked":"Coffee Dripper"},{"not_picked":["SacredBark","Black Star"],"picked":"SlaversCollar"}],"items_purged_floors":[8,19],"is_endless":false,"potions_floor_spawned":[3,5,7,10,11,12,14,16,18,22,24,25,27,29,31,33,35,36,37,38,39,41],"killed_by":"Jaw Worm Horde","ascension_level":20,"potion_discard_per_floor":[[],[],[],[],[],[],[],[],[],[],["Explosive Potion"],[],[],[],[],[],[],[],[],[],[],["SmokeBomb"],[],[],[],[],[],[],[],[],[],[],[],[],["FairyPotion"],[],[],["Explosive Potion"],[],[],[],[]]}