{"neow_bonuses_skipped_log":["REMOVE_CARD","RANDOM_COLORLESS_2","BOSS_RELIC"],"neow_costs_skipped_log":["NONE","TEN_PERCENT_HP_LOSS","NONE"],"potions_obtained_entropic_brew":[[],[],[],[],[],[],[],[],[],[],[],[],[],[],[],[],[],[],[],[],[],[],[],[],[],[],[],[],[],[],[],[],[],[],[],[],[],[],[],[],[],[],[],[],[],[],[],[],[],[],[],[],[],[],[],[],[]],"gold_per_floor":[213,228,245,258,12,12,0,16,63,96,96,96,107,107,107,184,184,156,168,168,7,22,22,57,257,257,272,303,321,111,36,36,114,114,134,134,159,159,172,172,184,184,184,184,184,218,69,103,103,103,103,103,103,28,59,59],"floor_reached":57,"playtime":4854,"items_purged":["Defend_B","Strike_B","Defend_B","Defend_B"],"score":2721,"play_id":"b1ced59b-b9da-42dc-80f5-3b37214820d4","local_time":"20221215212236","score_breakdown":["Floors Climbed (57): 285","Enemies Slain (14): 28","Exordium Elites Killed (1): 10","City Elites Killed (2): 40","Beyond Elites Killed (2): 60","Bosses Slain (5): 750","Money Money (1038): 25","Champion (1): 25","Overkill: 25","Ascension (20): 1223","Heartbreaker: 250"],"is_ascension_mode":true,"potions_obtained_alchemize":[[],[],[],[],[],[],[],[],[],[],[],[],[],[],[],[],[],[],[],[],[],[],[],[],[],[],[],[],[],[],[],[],[],[],[],[],[],[],[],[],[],[],[],[],[],[],[],[],[],[],[],[],[],[],[],[],[]],"campfire_choices":[{"data":"Defragment","floor":6,"key":"SMITH"},{"data":"Biased Cognition","floor":11,"key":"SMITH"},{"floor":15,"key":"REST"},{"data":"Seek","floor":23,"key":"SMITH"},{"data":"Coolheaded","floor":32,"key":"SMITH"},{"data":"Defragment","floor":40,"key":"SMITH"},{"data":"Hologram","floor":42,"key":"SMITH"},{"data":"Ghostly","floor":45,"key":"SMITH"},{"floor":49,"key":"RECALL"},{"data":"Ghostly","floor":53,"key":"SMITH"}],"lesson_learned_per_floor":[[],[],[],[],[],[],[],[],[],[],[],[],[],[],[],[],[],[],[],[],[],[],[],[],[],[],[],[],[],[],[],[],[],[],[],[],[],[],[],[],[],[],[],[],[],[],[],[],[],[],[],[],[],[],[],[],[]],"neow_cost":"NONE","improvable_cards":{},"seed_source_timestamp":34346147443303,"shop_contents":[{"floor":5,"relics":["Cables","Shuriken"],"cards":["Beam Cell","Sweeping Beam","Steam","Genetic Algorithm","Storm","Bandage Up","HandOfGreed"],"potions":["Strength Potion","LiquidBronze","SteroidPotion"]},{"floor":21,"relics":["Singing Bowl","Lee\u0027s Waffle"],"cards":["Ball Lightning","Compile Driver","Redo","Undo","Static Discharge","Flash of Steel","Chrysalis"],"potions":["EssenceOfSteel","GamblersBrew","EssenceOfSteel"]},{"floor":30,"relics":["Unceasing Top","Prayer Wheel"],"cards":["Go for the Eyes","FTL","Double Energy","Stack","Hello World","Finesse","Violence"],"potions":["Explosive Potion","AttackPotion","ColorlessPotion"]},{"floor":47,"relics":["Ornamental Fan","Toy Ornithopter"],"cards":["Compile Driver","Lockon","Stack","Seek","Storm","Swift Strike","Secret Weapon"],"potions":["EssenceOfSteel","Block Potion","Fire Potion"]},{"floor":54,"relics":["HornCleat","Ice Cream","TheAbacus"],"cards":["Melter","Sweeping Beam","Consume","Chill","Static Discharge","Mind Blast","Master of Strategy"],"potions":["BlessingOfTheForge","ColorlessPotion","LiquidMemories"]}],"circlet_count":0,"master_deck":["AscendersBane","Defend_B","Zap","Dualcast","Conserve Battery","Glacier","Biased Cognition+1","Defragment+1","Darkness+1","Melter","Seek+1","Core Surge","Coolheaded+1","Self Repair","Ghostly+1","Ghostly","Ghostly+1","Coolheaded+1","Reinforced Body+1","Compile Driver","Redo","Reboot","Reinforced Body","Recycle","Blind","Secret Technique","Defragment+1","Go for the Eyes","Hologram+1","Skim+1"],"potion_use_per_floor":[[],[],[],[],[],[],[],[],[],["Block Potion"],[],[],[],[],[],[],[],[],[],[],[],[],[],["Explosive Potion"],[],[],[],[],[],[],[],[],[],[],[],[],[],[],[],[],[],[],[],[],[],[],[],[],[],[],[],[],[],[],[],["Ancient Potion","DuplicationPotion"],[]],"relics":["Cracked Core","Frozen Eye","Happy Flower","Mercury Hourglass","Velvet Choker","Centennial Puzzle","PreservedInsect","Nunchaku","Membership Card","Runic Pyramid","Emotion Chip","Kunai","Sundial","Toolbox","Orichalcum","White Beast Statue"],"potions_floor_usage":[10,24,56,56],"damage_taken":[{"damage":7,"enemies":"Small Slimes","floor":1,"turns":4},{"damage":0,"enemies":"2 Louse","floor":2,"turns":3},{"damage":8,"enemies":"Jaw Worm","floor":3,"turns":7},{"damage":10,"enemies":"3 Louse","floor":4,"turns":5},{"damage":0,"enemies":"Red Slaver","floor":8,"turns":3},{"damage":11,"enemies":"3 Sentries","floor":10,"turns":17},{"damage":17,"enemies":"Exordium Thugs","floor":13,"turns":3},{"damage":3,"enemies":"Hexaghost","floor":16,"turns":9},{"damage":0,"enemies":"2 Thieves","floor":18,"turns":4},{"damage":0,"enemies":"Chosen","floor":19,"turns":5},{"damage":6,"enemies":"Snake Plant","floor":22,"turns":5},{"damage":18,"enemies":"Gremlin Leader","floor":24,"turns":7},{"damage":12,"enemies":"Cultist and Chosen","floor":27,"turns":6},{"damage":1,"enemies":"Book of Stabbing","floor":28,"turns":5},{"damage":0,"enemies":"Snecko","floor":29,"turns":10},{"damage":4,"enemies":"Automaton","floor":33,"turns":9},{"damage":0,"enemies":"3 Shapes","floor":35,"turns":6},{"damage":1,"enemies":"Mind Bloom Boss Battle","floor":37,"turns":6},{"damage":0,"enemies":"3 Darklings","floor":39,"turns":6},{"damage":0,"enemies":"Maw","floor":41,"turns":6},{"damage":8,"enemies":"Reptomancer","floor":46,"turns":6},{"damage":1,"enemies":"Nemesis","floor":48,"turns":9},{"damage":3,"enemies":"Donu and Deca","floor":50,"turns":12},{"damage":3,"enemies":"Awakened One","floor":51,"turns":15},{"damage":0,"enemies":"Shield and Spear","floor":55,"turns":11},{"damage":23,"enemies":"The Heart","floor":56,"turns":12}],"green_key_taken_log":48,"seed_played":"-3143698435505118334","neow_bonus_log":{"cardsObtained":[],"cardsUpgraded":[],"cardsRemoved":[],"cardsTransformed":[],"relicsObtained":[],"maxHpGained":0,"goldGained":100,"damageTaken":0,"goldLost":0,"maxHpLost":0},"potions_obtained":[{"floor":2,"key":"Block Potion"},{"floor":8,"key":"LiquidBronze"},{"floor":13,"key":"Energy Potion"},{"floor":16,"key":"Explosive Potion"},{"floor":22,"key":"DuplicationPotion"},{"floor":28,"key":"PowerPotion"},{"floor":35,"key":"Ancient Potion"}],"is_trial":false,"path_per_floor":["M","M","M","M","$","R","?","M","T","E","R","?","M","?","R","B",null,"M","M","?","$","M","R","E","?","T","M","E","M","$","?","R","B",null,"M","?","?","?","M","R","M","R","T","?","R","E","$","E","R","B","B",null,"R","$","E","B",null],"character_chosen":"DEFECT","items_purchased":["Frozen Eye","Centennial Puzzle","Membership Card","Toolbox"],"campfire_rested":1,"item_purchase_floors":[5,21,30,47],"current_hp_per_floor":[57,57,49,39,39,39,39,39,39,28,28,21,4,4,25,22,59,59,59,35,35,35,35,24,24,24,19,25,32,32,32,32,35,35,35,25,31,26,33,33,35,35,35,35,35,34,34,35,35,35,35,35,35,35,35,19],"gold":59,"neow_bonus":"HUNDRED_GOLD","is_prod":false,"is_daily":false,"rewards_skipped":[{"floor":19,"relics":[],"potions":["Explosive Potion"]},{"floor":39,"relics":[],"potions":["PowerPotion"]},{"floor":46,"relics":[],"potions":["EntropicBrew"]},{"floor":55,"relics":[],"potions":["LiquidBronze"]}],"chose_seed":false,"campfire_upgraded":8,"win_rate":0,"floor_exit_playtime":[67,104,164,269,377,392,406,453,460,689,695,709,773,802,821,979,1049,1108,1221,1268,1278,1363,1370,1550,1607,1642,1855,2065,2166,2268,2297,2303,2522,2555,2685,2697,2813,2825,2960,2967,3103,3122,3124,3127,3133,3270,3339,3515,3518,3791,4119,4132,4150,4183,4495,4854],"timestamp":1671157356,"blue_key_relic_skipped_log":{"floor":26,"relicID":"Molten Egg 2"},"path_taken":["M","M","M","M","$","R","?","M","T","E","R","?","M","?","R","BOSS","M","M","?","$","M","R","E","?","T","M","E","?","$","?","R","BOSS","M","?","?","?","M","R","?","R","T","?","R","E","$","E","R","BOSS","BOSS","R","$","E","BOSS"],"build_version":"2022-12-01","purchased_purges":4,"victory":true,"max_hp_per_floor":[71,71,71,71,71,71,71,71,71,71,71,71,71,71,71,71,71,71,71,35,35,35,35,35,35,35,35,35,35,35,35,35,35,35,35,35,35,35,35,35,35,35,35,35,35,35,35,35,35,35,35,35,35,35,35,35],"relic_stats":{"Happy Flower":[56],"counters":[26,189],"PreservedInsect":244,"Orichalcum":[18],"White Beast Statue":[0.0,0.0,0.0,1.0,0.0,0.0,0.0,0.0,0.0,0.0,0.0,0.0],"Mercury Hourglass":[576],"Frozen Eye":392.38107,"Centennial Puzzle":[32],"Nunchaku":[8],"Emotion Chip":[24,3,15,6,0],"Sundial":[12],"Membership Card":272,"Kunai":[1],"obtain_stats":[{"Happy Flower":9,"Velvet Choker":17,"PreservedInsect":24,"Orichalcum":48,"White Beast Statue":55,"Mercury Hourglass":10,"Frozen Eye":5,"Centennial Puzzle":21,"Nunchaku":28,"Emotion Chip":37,"Sundial":46,"Toolbox":47,"Membership Card":30,"Kunai":43,"Cracked Core":0,"Runic Pyramid":34},{"Happy Flower":5,"Velvet Choker":8,"PreservedInsect":12,"Orichalcum":22,"White Beast Statue":25,"Mercury Hourglass":6,"Frozen Eye":4,"Centennial Puzzle":10,"Nunchaku":14,"Emotion Chip":18,"Sundial":21,"Toolbox":21,"Membership Card":15,"Kunai":20,"Cracked Core":0,"Runic Pyramid":16},{"Happy Flower":22,"Velvet Choker":51,"PreservedInsect":71,"Orichalcum":139,"White Beast Statue":177,"Mercury Hourglass":39,"Frozen Eye":19,"Centennial Puzzle":60,"Nunchaku":82,"Emotion Chip":113,"Sundial":131,"Toolbox":131,"Membership Card":92,"Kunai":125,"Cracked Core":0,"Runic Pyramid":101}]},"card_choices":[{"not_picked":["Redo","Go for the Eyes"],"picked":"Conserve Battery","floor":1},{"not_picked":["Leap","Sweeping Beam"],"picked":"Glacier","floor":2},{"not_picked":["Go for the Eyes","Compile Driver"],"picked":"Biased Cognition","floor":3},{"not_picked":["Rebound","Consume"],"picked":"Defragment","floor":4},{"not_picked":["Sweeping Beam","Compile Driver"],"picked":"Darkness","floor":8},{"not_picked":["Beam Cell","Melter","Storm"],"picked":"SKIP","floor":10},{"not_picked":["Beam Cell","Storm"],"picked":"Melter","floor":10},{"not_picked":["Melter","BootSequence"],"picked":"Seek","floor":13},{"not_picked":["Electrodynamics","Meteor Strike"],"picked":"Core Surge","floor":16},{"not_picked":["Beam Cell","Force Field"],"picked":"Coolheaded+1","floor":18},{"not_picked":["Conserve Battery","Darkness"],"picked":"Self Repair","floor":19},{"not_picked":["Stack","Conserve Battery"],"picked":"Coolheaded","floor":22},{"not_picked":["Barrage","Rebound"],"picked":"Reinforced Body+1","floor":24},{"not_picked":["Rebound","Conserve Battery"],"picked":"Compile Driver","floor":27},{"not_picked":["Turbo+1","Reprogram","Thunder Strike"],"picked":"SKIP","floor":28},{"not_picked":["Scrape","Cold Snap"],"picked":"Redo","floor":29},{"not_picked":["Streamline","Gash"],"picked":"Recycle","floor":35},{"not_picked":["Jack Of All Trades","Transmutation"],"picked":"Blind","floor":36},{"not_picked":["Enlightenment","Bandage Up"],"picked":"Secret Technique","floor":36},{"not_picked":["HandOfGreed","Chrysalis","Discovery"],"picked":"SKIP","floor":36},{"not_picked":["Darkness","Reprogram"],"picked":"Defragment","floor":37},{"not_picked":["Go for the Eyes","Steam","Consume+1"],"picked":"SKIP","floor":39},{"not_picked":["Steam","Consume+1"],"picked":"Go for the Eyes","floor":39},{"not_picked":["Rebound","Coolheaded"],"picked":"Hologram","floor":41},{"not_picked":["Rebound","White Noise"],"picked":"Skim+1","floor":46},{"not_picked":["Turbo+1","Cold Snap","FTL"],"picked":"SKIP","floor":48},{"not_picked":["Steam","Reboot","Hyperbeam"],"picked":"SKIP","floor":55}],"player_experience":4736737,"relics_obtained":[{"floor":9,"key":"Happy Flower"},{"floor":10,"key":"Mercury Hourglass"},{"floor":24,"key":"PreservedInsect"},{"floor":28,"key":"Nunchaku"},{"floor":37,"key":"Emotion Chip"},{"floor":43,"key":"Kunai"},{"floor":46,"key":"Sundial"},{"floor":48,"key":"Orichalcum"},{"floor":55,"key":"White Beast Statue"}],"event_choices":[{"damage_healed":0,"gold_gain":0,"player_choice":"Left Gold","damage_taken":0,"max_hp_gain":0,"max_hp_loss":0,"event_name":"World of Goop","floor":7,"gold_loss":12},{"cards_removed":["Strike_B"],"damage_healed":0,"gold_gain":0,"player_choice":"Card Removal","damage_taken":7,"max_hp_gain":0,"max_hp_loss":0,"event_name":"Golden Wing","floor":12,"gold_loss":0},{"damage_healed":0,"gold_gain":0,"player_choice":"Grow","damage_taken":0,"max_hp_gain":0,"max_hp_loss":0,"event_name":"Living Wall","floor":14,"gold_loss":0,"cards_upgraded":["Darkness"]},{"damage_healed":0,"gold_gain":0,"player_choice":"Became a Ghost","damage_taken":0,"max_hp_gain":0,"max_hp_loss":36,"event_name":"Ghosts","floor":20,"gold_loss":0,"cards_obtained":["Ghostly","Ghostly","Ghostly"]},{"damage_healed":0,"gold_gain":250,"player_choice":"Bet on Owner","damage_taken":0,"max_hp_gain":0,"max_hp_loss":0,"event_name":"The Joust","floor":25,"gold_loss":50},{"damage_healed":0,"gold_gain":0,"cards_transformed":["Strike_B","Strike_B"],"player_choice":"Transformed Cards","damage_taken":0,"max_hp_gain":0,"max_hp_loss":0,"event_name":"Designer","floor":31,"gold_loss":75,"cards_obtained":["Reboot","Reinforced Body"]},{"damage_healed":0,"gold_gain":0,"player_choice":"Memory 3","damage_taken":10,"max_hp_gain":0,"max_hp_loss":0,"event_name":"SensoryStone","floor":36,"gold_loss":0},{"damage_healed":0,"gold_gain":0,"player_choice":"Fight","damage_taken":0,"max_hp_gain":0,"max_hp_loss":0,"event_name":"MindBloom","floor":37,"gold_loss":0},{"damage_healed":0,"gold_gain":0,"player_choice":"Damaged","damage_taken":5,"max_hp_gain":0,"max_hp_loss":0,"event_name":"Wheel of Change","floor":38,"gold_loss":0},{"damage_healed":0,"gold_gain":0,"player_choice":"Ignored","damage_taken":0,"max_hp_gain":0,"max_hp_loss":0,"event_name":"Tomb of Lord Red Mask","floor":44,"gold_loss":0}],"is_beta":false,"boss_relics":[{"not_picked":["Sozu","SlaversCollar"],"picked":"Velvet Choker"},{"not_picked":["Tiny House","Calling Bell"],"picked":"Runic Pyramid"}],"items_purged_floors":[5,30,47,54],"is_endless":false,"potions_floor_spawned":[2,8,13,16,19,22,28,35,39,46,55],"ascension_level":20,"potion_discard_per_floor":[[],[],[],[],[],[],[],[],[],[],[],[],[],[],[],["LiquidBronze"],[],[],[],[],[],["Energy Potion"],[],[],[],[],[],[],[],[],[],[],[],[],["PowerPotion"],[],[],[],[],[],[],[],[],[],[],[],[],[],[],[],[],[],[],[],[],[],[]]}