{"neow_bonuses_skipped_log":["RANDOM_COLORLESS","TEN_PERCENT_HP_BONUS","REMOVE_TWO"],"neow_costs_skipped_log":["NONE","NONE","NO_GOLD"],"potions_obtained_entropic_brew":[[],[],[],[],[],[],[],[],[],[],[],[],[],[],[],[],[],[],[],[],[],[],[],[],[],[],[],[],[],[],[],[],[],[],[],[],[],[],[],[],[],[],[],[],[],[],[],[],[],[],[]],"gold_per_floor":[111,121,12,30,30,57,76,76,76,87,87,117,82,102,102,179,179,195,207,132,57,75,75,75,75,75,93,121,134,144,155,155,226,226,244,269,281,281,0,0,29,47,47,75,95,125,138,56,56,56,56],"floor_reached":51,"playtime":4837,"items_purged":["Strike_B"],"score":1542,"play_id":"4a3d4f6f-4fc6-48c1-9ceb-cbd279612aaf","local_time":"20221223225451","score_breakdown":["Floors Climbed (51): 255","Enemies Slain (18): 36","Exordium Elites Killed (2): 20","City Elites Killed (1): 20","Beyond Elites Killed (3): 90","Bosses Slain (3): 300","Collector (1): 25","Librarian: 25","Overkill: 25","Ascension (20): 746"],"is_ascension_mode":true,"potions_obtained_alchemize":[[],[],[],[],[],[],[],[],[],[],[],[],[],[],[],[],[],[],[],[],[],[],[],[],[],[],[],[],[],[],[],[],[],[],[],[],[],[],[],[],[],[],[],[],[],[],[],[],[],[],[]],"campfire_choices":[{"data":"Go for the Eyes","floor":8,"key":"SMITH"},{"data":"Rip and Tear","floor":11,"key":"SMITH"},{"data":"Darkness","floor":15,"key":"SMITH"},{"floor":23,"key":"REST"},{"floor":25,"key":"REST"},{"floor":32,"key":"RECALL"},{"data":"Zap","floor":40,"key":"PURGE"},{"data":"Doubt","floor":49,"key":"PURGE"}],"lesson_learned_per_floor":[[],[],[],[],[],[],[],[],[],[],[],[],[],[],[],[],[],[],[],[],[],[],[],[],[],[],[],[],[],[],[],[],[],[],[],[],[],[],[],[],[],[],[],[],[],[],[],[],[],[],[]],"neow_cost":"NONE","improvable_cards":{"Genetic Algorithm":[61]},"seed_source_timestamp":25302002465352,"shop_contents":[{"floor":3,"relics":["Mango","Blue Candle","Membership Card"],"cards":["FTL","Recycle","Turbo","Storm","Enlightenment","Chrysalis"],"potions":["SteroidPotion","EssenceOfDarkness"]},{"floor":21,"relics":["Eternal Feather","InkBottle","ClockworkSouvenir"],"cards":["Barrage","Gash","Steam","Conserve Battery","Hello World+1","PanicButton","Transmutation"],"potions":["Fire Potion","Explosive Potion","BlessingOfTheForge"]},{"floor":39,"relics":["Boot","War Paint"],"cards":["Rip and Tear","Hyperbeam","Hello World+1","Trip","HandOfGreed"],"potions":["Explosive Potion","Fire Potion","CultistPotion"]},{"floor":48,"relics":["Toy Ornithopter","Toxic Egg 2","Chemical X"],"cards":["Beam Cell","Undo","Creative AI+1","Madness","Metamorphosis"],"potions":["Fire Potion","Energy Potion","Fire Potion"]}],"circlet_count":0,"master_deck":["AscendersBane","Strike_B","Strike_B","Defend_B","Defend_B","Defend_B","Dualcast","Rebound","BootSequence","Ball Lightning","Go for the Eyes+1","Storm","Echo Form","Genetic Algorithm","Rip and Tear+1","Darkness+1","Biased Cognition+1","Compile Driver","Conserve Battery","Compile Driver","Heatsinks+1","Self Repair+1","Self Repair+1","Chill","Turbo","Core Surge","Redo+1","Static Discharge+1","Coolheaded","Hologram","Electrodynamics+1","Undo","Meteor Strike","Compile Driver+1","Compile Driver","Hologram","Cold Snap"],"potion_use_per_floor":[[],[],[],[],[],["Fire Potion"],[],[],[],["Regen Potion"],[],[],[],[],[],["ColorlessPotion"],[],[],[],[],[],["AttackPotion"],[],[],[],[],[],["Fire Potion"],["SkillPotion"],["LiquidBronze"],[],[],["Block Potion","Regen Potion"],[],["Energy Potion"],[],[],[],[],[],["EssenceOfSteel"],[],[],["Energy Potion"],[],["Explosive Potion"],[],[],[],["Dexterity Potion","LiquidMemories"],[]],"relics":["SacredBark","Emotion Chip","TungstenRod","Frozen Egg 2","Fusion Hammer","White Beast Statue","Blood Vial","Cursed Key","Peace Pipe","Toolbox","FossilizedHelix","Ginger","Bottled Flame"],"potions_floor_usage":[6,10,16,22,28,29,30,33,33,35,41,44,46,50,50],"damage_taken":[{"damage":2,"enemies":"2 Louse","floor":1,"turns":3},{"damage":9,"enemies":"Jaw Worm","floor":2,"turns":5},{"damage":1,"enemies":"Cultist","floor":4,"turns":3},{"damage":20,"enemies":"3 Sentries","floor":6,"turns":7},{"damage":7,"enemies":"2 Fungi Beasts","floor":7,"turns":4},{"damage":9,"enemies":"Blue Slaver","floor":10,"turns":4},{"damage":11,"enemies":"Lagavulin","floor":12,"turns":9},{"damage":16,"enemies":"Exordium Wildlife","floor":14,"turns":5},{"damage":14,"enemies":"Slime Boss","floor":16,"turns":6},{"damage":9,"enemies":"Shell Parasite","floor":18,"turns":5},{"damage":14,"enemies":"2 Thieves","floor":19,"turns":5},{"damage":16,"enemies":"Chosen and Byrds","floor":22,"turns":4},{"damage":26,"enemies":"Centurion and Healer","floor":27,"turns":8},{"damage":17,"enemies":"Slavers","floor":28,"turns":5},{"damage":17,"enemies":"Snake Plant","floor":29,"turns":4},{"damage":23,"enemies":"Chosen and Byrds","floor":30,"turns":5},{"damage":3,"enemies":"Cultist and Chosen","floor":31,"turns":5},{"damage":88,"enemies":"Collector","floor":33,"turns":13},{"damage":3,"enemies":"3 Shapes","floor":35,"turns":9},{"damage":9,"enemies":"Mind Bloom Boss Battle","floor":36,"turns":9},{"damage":20,"enemies":"Orb Walker","floor":37,"turns":4},{"damage":24,"enemies":"Nemesis","floor":41,"turns":7},{"damage":24,"enemies":"3 Darklings","floor":42,"turns":6},{"damage":68,"enemies":"Giant Head","floor":44,"turns":9},{"damage":0,"enemies":"Writhing Mass","floor":45,"turns":6},{"damage":6,"enemies":"Reptomancer","floor":46,"turns":6},{"damage":0,"enemies":"Transient","floor":47,"turns":6},{"damage":63,"enemies":"Time Eater","floor":50,"turns":8},{"damage":38,"enemies":"Awakened One","floor":51,"turns":2}],"green_key_taken_log":6,"seed_played":"9028248383022662347","neow_bonus_log":{"cardsObtained":[],"cardsUpgraded":[],"cardsRemoved":[],"cardsTransformed":[],"relicsObtained":["SacredBark"],"maxHpGained":0,"goldGained":0,"damageTaken":0,"goldLost":0,"maxHpLost":0},"potions_obtained":[{"floor":1,"key":"Regen Potion"},{"floor":7,"key":"ColorlessPotion"},{"floor":14,"key":"LiquidBronze"},{"floor":16,"key":"LiquidBronze"},{"floor":19,"key":"AttackPotion"},{"floor":27,"key":"Fire Potion"},{"floor":28,"key":"SkillPotion"},{"floor":29,"key":"Regen Potion"},{"floor":30,"key":"BlessingOfTheForge"},{"floor":31,"key":"Block Potion"},{"floor":33,"key":"Energy Potion"},{"floor":35,"key":"LiquidMemories"},{"floor":36,"key":"BlessingOfTheForge"},{"floor":37,"key":"EssenceOfSteel"},{"floor":41,"key":"Block Potion"},{"floor":42,"key":"Energy Potion"},{"floor":44,"key":"Explosive Potion"},{"floor":46,"key":"AttackPotion"},{"floor":47,"key":"Dexterity Potion"}],"is_trial":false,"path_per_floor":["M","M","$","M","?","E","M","R","T","M","R","E","?","M","R","B",null,"M","M","?","$","M","R","?","R","T","M","E","M","M","M","R","B",null,"M","?","M","?","$","R","E","M","T","E","M","E","M","$","R","B","B"],"character_chosen":"DEFECT","items_purchased":["Fire Potion","Ball Lightning","Toolbox","Coolheaded","Hologram","Hologram","Cold Snap"],"campfire_rested":2,"item_purchase_floors":[3,3,39,39,39,48,48],"current_hp_per_floor":[62,53,53,52,52,32,25,25,25,43,43,32,49,33,33,19,58,49,35,35,35,19,40,40,61,61,35,18,23,22,51,51,25,60,71,71,71,71,71,71,71,71,71,23,55,71,71,71,71,28,0],"gold":56,"neow_bonus":"BOSS_RELIC","is_prod":false,"is_daily":false,"rewards_skipped":[{"floor":4,"relics":[],"potions":["Block Potion"]},{"floor":45,"relics":[],"potions":["SkillPotion"]}],"chose_seed":false,"campfire_upgraded":3,"win_rate":0,"floor_exit_playtime":[208,255,278,357,368,533,616,635,638,707,713,852,875,971,976,1100,1166,1245,1322,1346,1466,1784,1793,1800,1805,1809,1903,1998,2091,2180,2351,2355,2686,2722,2871,3005,3097,3100,3149,3160,3326,3482,3498,3726,3881,4113,4280,4329,4335,4737],"timestamp":1671854091,"blue_key_relic_skipped_log":{"floor":43,"relicID":"Meat on the Bone"},"path_taken":["M","M","$","M","?","E","M","R","T","M","R","E","?","M","R","BOSS","M","M","?","$","M","R","?","R","T","M","E","M","M","M","R","BOSS","M","?","M","?","?","R","E","M","T","E","M","E","M","$","R","BOSS","BOSS"],"build_version":"2022-12-18","purchased_purges":1,"victory":false,"max_hp_per_floor":[71,71,71,71,71,71,71,71,71,71,71,71,71,71,71,71,71,71,71,71,71,71,71,71,71,71,71,71,71,71,71,71,71,71,71,71,71,71,71,71,71,71,71,71,71,71,71,71,71,71,71],"relic_stats":{"Blood Vial":16,"Peace Pipe":2,"Emotion Chip":[95,64,13,15,3],"Bottled Flame":"Meteor Strike","counters":[29,172],"Ginger":[9],"Cursed Key":1,"obtain_stats":[{"SacredBark":0,"Ginger":44,"Frozen Egg 2":12,"Cursed Key":34,"White Beast Statue":26,"Blood Vial":28,"Peace Pipe":36,"Emotion Chip":6,"Bottled Flame":46,"Toolbox":39,"Fusion Hammer":17,"Cracked Core":0,"TungstenRod":9,"FossilizedHelix":41},{"SacredBark":0,"Ginger":24,"Frozen Egg 2":7,"Cursed Key":18,"White Beast Statue":12,"Blood Vial":14,"Peace Pipe":20,"Emotion Chip":4,"Bottled Flame":26,"Toolbox":21,"Fusion Hammer":9,"Cracked Core":0,"TungstenRod":5,"FossilizedHelix":22},{"SacredBark":0,"Ginger":144,"Frozen Egg 2":35,"Cursed Key":100,"White Beast Statue":60,"Blood Vial":73,"Peace Pipe":118,"Emotion Chip":18,"Bottled Flame":156,"Toolbox":122,"Fusion Hammer":46,"Cracked Core":0,"TungstenRod":22,"FossilizedHelix":129}],"TungstenRod":70,"White Beast Statue":[0.0,0.023354880000000015,0.0,0.25910118400000015,0.0,0.49384089600000036,0.0,0.20870400000000014,0.0,0.014999040000000009,0.0,7.0671088640000015],"FossilizedHelix":[140]},"card_choices":[{"not_picked":["Skim","Blizzard"],"picked":"Rebound","floor":1},{"not_picked":["Leap","Conserve Battery"],"picked":"BootSequence","floor":2},{"not_picked":["Steam","Scrape"],"picked":"Go for the Eyes","floor":4},{"not_picked":["Reinforced Body","Sunder"],"picked":"Echo Form","floor":6},{"not_picked":["Turbo","Leap"],"picked":"Genetic Algorithm","floor":7},{"not_picked":["Redo","Turbo"],"picked":"Rip and Tear","floor":10},{"not_picked":["Force Field","Rip and Tear","Tempest"],"picked":"SKIP","floor":12},{"not_picked":["White Noise","Cold Snap"],"picked":"Darkness","floor":14},{"not_picked":["Rainbow","Meteor Strike"],"picked":"Biased Cognition+1","floor":16},{"not_picked":["Rip and Tear","Blizzard"],"picked":"Compile Driver","floor":18},{"not_picked":["Reinforced Body","FTL"],"picked":"Conserve Battery","floor":19},{"not_picked":["Compile Driver","Beam Cell","Hello World+1"],"picked":"SKIP","floor":22},{"not_picked":["Compile Driver","Beam Cell","Hello World+1"],"picked":"SKIP","floor":22},{"not_picked":["Beam Cell","Hello World+1"],"picked":"Compile Driver","floor":22},{"not_picked":["FTL","Turbo"],"picked":"Heatsinks+1","floor":27},{"not_picked":["Cold Snap","Capacitor+1"],"picked":"Self Repair+1","floor":28},{"not_picked":["Lockon","Ball Lightning+1"],"picked":"Self Repair+1","floor":29},{"not_picked":["Beam Cell","Streamline"],"picked":"Chill","floor":30},{"not_picked":["Stack","Leap"],"picked":"Turbo","floor":31},{"not_picked":["Machine Learning+1","All For One"],"picked":"Core Surge","floor":33},{"not_picked":["Barrage","Steam"],"picked":"Redo+1","floor":35},{"not_picked":["Melter+1","Barrage","Consume"],"picked":"SKIP","floor":36},{"not_picked":["Beam Cell+1","Leap"],"picked":"Static Discharge+1","floor":37},{"not_picked":["Rebound+1","Beam Cell"],"picked":"Electrodynamics+1","floor":41},{"not_picked":["Sweeping Beam+1","Redo"],"picked":"Undo","floor":42},{"not_picked":["Beam Cell+1","Consume","Streamline+1"],"picked":"SKIP","floor":44},{"not_picked":["Conserve Battery+1","Sweeping Beam"],"picked":"Meteor Strike","floor":45},{"not_picked":["Turbo","Beam Cell+1"],"picked":"Compile Driver+1","floor":46},{"not_picked":["Self Repair+1","Genetic Algorithm"],"picked":"Compile Driver","floor":47}],"player_experience":4824461,"relics_obtained":[{"floor":6,"key":"Emotion Chip"},{"floor":9,"key":"TungstenRod"},{"floor":12,"key":"Frozen Egg 2"},{"floor":26,"key":"White Beast Statue"},{"floor":28,"key":"Blood Vial"},{"floor":36,"key":"Peace Pipe"},{"floor":41,"key":"FossilizedHelix"},{"floor":44,"key":"Ginger"},{"floor":46,"key":"Bottled Flame"}],"event_choices":[{"damage_healed":0,"gold_gain":0,"cards_transformed":["Defend_B"],"player_choice":"Change","damage_taken":0,"max_hp_gain":0,"max_hp_loss":0,"event_name":"Living Wall","floor":5,"gold_loss":0,"cards_obtained":["Storm"]},{"damage_healed":17,"gold_gain":0,"player_choice":"Healed","damage_taken":0,"max_hp_gain":0,"max_hp_loss":0,"event_name":"The Cleric","floor":13,"gold_loss":35},{"cards_removed":["Strike_B"],"damage_healed":0,"gold_gain":0,"player_choice":"Gave Gold","damage_taken":0,"max_hp_gain":0,"max_hp_loss":0,"event_name":"Beggar","floor":20,"gold_loss":75},{"damage_healed":0,"gold_gain":0,"player_choice":"Ignored","damage_taken":0,"max_hp_gain":0,"max_hp_loss":0,"event_name":"Vampires","floor":24,"gold_loss":0},{"damage_healed":0,"gold_gain":0,"player_choice":"Fight","damage_taken":0,"max_hp_gain":0,"max_hp_loss":0,"event_name":"MindBloom","floor":36,"gold_loss":0},{"damage_healed":0,"gold_gain":0,"player_choice":"Ignored","damage_taken":0,"max_hp_gain":0,"max_hp_loss":0,"event_name":"Tomb of Lord Red Mask","floor":38,"gold_loss":0}],"is_beta":false,"boss_relics":[{"not_picked":["Runic Dome","Coffee Dripper"],"picked":"Fusion Hammer"},{"not_picked":["Black Star","Busted Crown"],"picked":"Cursed Key"}],"items_purged_floors":[21],"is_endless":false,"potions_floor_spawned":[1,4,7,14,16,19,27,28,29,30,31,33,35,36,37,41,42,44,45,46,47],"killed_by":"Awakened One","ascension_level":20,"potion_discard_per_floor":[[],[],[],[],[],[],[],[],[],[],[],[],[],[],[],[],[],[],["LiquidBronze"],[],[],[],[],[],[],[],[],[],[],[],["BlessingOfTheForge"],[],[],[],[],[],["BlessingOfTheForge"],[],[],[],[],["Block Potion"],[],[],[],[],["AttackPotion"],[],[],[],[]]}