{"neow_bonuses_skipped_log":["REMOVE_CARD","TEN_PERCENT_HP_BONUS","THREE_RARE_CARDS"],"potions_obtained_entropic_brew":[[],[],[],[],[],[],[],[],[],[],[],[],[],[],[],[],[],[],[],[],[],[],[],["Explosive Potion","SmokeBomb","SkillPotion","Explosive Potion"],[],[],[],[],[],[],[],[],[]],"neow_costs_skipped_log":["NONE","NONE","PERCENT_DAMAGE"],"gold_per_floor":[114,84,104,123,135,135,147,173,199,229,242,242,257,268,268,344,344,355,355,370,387,51,51,80,96,96,96,115,127,160,176,176,176],"floor_reached":33,"playtime":2764,"items_purged":["Zap"],"score":610,"play_id":"51776be6-2d47-41df-94e5-c831151b1658","local_time":"20221225161601","score_breakdown":["Floors Climbed (33): 165","Enemies Slain (15): 30","Exordium Elites Killed (2): 20","City Elites Killed (2): 40","Bosses Slain (1): 50","Ascension (20): 305"],"is_ascension_mode":true,"potions_obtained_alchemize":[[],[],[],[],[],[],[],[],[],[],[],[],[],[],[],[],[],[],[],[],[],[],[],[],[],[],[],[],[],[],[],[],[]],"campfire_choices":[{"data":"Sweeping Beam","floor":6,"key":"SMITH"},{"floor":12,"key":"REST"},{"floor":15,"key":"REST"},{"data":"Sunder","floor":23,"key":"SMITH"},{"data":"Hyperbeam","floor":27,"key":"SMITH"},{"data":"Coolheaded","floor":32,"key":"SMITH"}],"lesson_learned_per_floor":[[],[],[],[],[],[],[],[],[],[],[],[],[],[],[],[],[],[],[],[],[],[],[],[],[],[],[],[],[],[],[],[],[]],"neow_cost":"NONE","improvable_cards":{},"seed_source_timestamp":12160321873103,"shop_contents":[{"floor":22,"relics":["Lantern","Blue Candle","HandDrill"],"cards":["Sweeping Beam","Lockon","Leap","Loop","Magnetism"],"potions":["Strength Potion","Fire Potion"]}],"circlet_count":0,"master_deck":["AscendersBane","Strike_B","Strike_B","Strike_B","Strike_B","Defend_B","Defend_B","Defend_B","Defend_B","Dualcast","Cold Snap","Sweeping Beam+1","Hello World","Tempest","Conserve Battery","Redo","Self Repair","Chill","Echo Form","Sunder+1","Coolheaded+1","Blind","Hyperbeam+1","Coolheaded","Beam Cell","Ball Lightning+1","Conserve Battery"],"potion_use_per_floor":[[],[],[],[],[],[],[],["Swift Potion","Weak Potion"],[],[],["ColorlessPotion"],[],[],[],[],["SpeedPotion"],[],[],[],[],["Regen Potion"],[],[],["PowerPotion","DistilledChaos","EntropicBrew","SkillPotion"],[],[],[],[],[],[],[],[],["Explosive Potion","Dexterity Potion","DuplicationPotion","SkillPotion"]],"relics":["Nuclear Battery","Orichalcum","Bag of Marbles","Potion Belt","Coffee Dripper","MealTicket","Gremlin Horn","Bronze Scales"],"potions_floor_usage":[8,8,11,16,21,24,24,24,24,33,33,33,33],"damage_taken":[{"damage":7,"enemies":"Small Slimes","floor":1,"turns":3},{"damage":4,"enemies":"Cultist","floor":3,"turns":4},{"damage":5,"enemies":"Jaw Worm","floor":4,"turns":4},{"damage":2,"enemies":"Looter","floor":5,"turns":4},{"damage":1,"enemies":"2 Fungi Beasts","floor":7,"turns":3},{"damage":16,"enemies":"Gremlin Nob","floor":8,"turns":4},{"damage":22,"enemies":"Lagavulin","floor":10,"turns":4},{"damage":4,"enemies":"Exordium Wildlife","floor":11,"turns":2},{"damage":6,"enemies":"Red Slaver","floor":13,"turns":2},{"damage":5,"enemies":"Blue Slaver","floor":14,"turns":3},{"damage":18,"enemies":"The Guardian","floor":16,"turns":14},{"damage":22,"enemies":"Shell Parasite","floor":18,"turns":8},{"damage":18,"enemies":"3 Byrds","floor":20,"turns":5},{"damage":51,"enemies":"Shelled Parasite and Fungi","floor":21,"turns":7},{"damage":15,"enemies":"Book of Stabbing","floor":24,"turns":5},{"damage":17,"enemies":"Snecko","floor":25,"turns":9},{"damage":7,"enemies":"Centurion and Healer","floor":28,"turns":5},{"damage":13,"enemies":"Chosen and Byrds","floor":29,"turns":3},{"damage":8,"enemies":"Gremlin Leader","floor":30,"turns":6},{"damage":25,"enemies":"Shelled Parasite and Fungi","floor":31,"turns":7},{"damage":29,"enemies":"Automaton","floor":33,"turns":6}],"seed_played":"-8263758528329437476","neow_bonus_log":{"cardsObtained":[],"cardsUpgraded":[],"cardsRemoved":[],"cardsTransformed":[],"relicsObtained":["Nuclear Battery"],"maxHpGained":0,"goldGained":0,"damageTaken":0,"goldLost":0,"maxHpLost":0},"potions_obtained":[{"floor":2,"key":"Weak Potion"},{"floor":2,"key":"Ancient Potion"},{"floor":5,"key":"Swift Potion"},{"floor":8,"key":"ColorlessPotion"},{"floor":14,"key":"SpeedPotion"},{"floor":16,"key":"PowerPotion"},{"floor":18,"key":"DistilledChaos"},{"floor":20,"key":"Regen Potion"},{"floor":25,"key":"DuplicationPotion"},{"floor":28,"key":"SkillPotion"},{"floor":30,"key":"Dexterity Potion"}],"is_trial":false,"path_per_floor":["M","?","M","M","M","R","M","E","T","E","M","R","M","M","R","B",null,"M","?","M","M","$","R","E","M","T","R","M","M","E","M","R","B"],"character_chosen":"DEFECT","items_purchased":["Coolheaded","EntropicBrew","Blind"],"campfire_rested":2,"item_purchase_floors":[22,22,22],"current_hp_per_floor":[57,57,53,48,46,46,45,29,29,7,3,24,18,13,34,23,59,51,51,47,25,25,25,24,21,21,21,28,22,28,17,17,0],"gold":176,"neow_bonus":"BOSS_RELIC","is_prod":false,"is_daily":false,"rewards_skipped":[{"floor":7,"relics":[],"potions":["EssenceOfSteel"]},{"floor":29,"relics":[],"potions":["Weak Potion"]}],"chose_seed":false,"campfire_upgraded":4,"win_rate":0,"floor_exit_playtime":[74,81,106,138,271,276,338,437,442,506,569,579,619,655,659,881,1027,1178,1225,1327,1472,1631,1637,1805,1973,1977,1987,2063,2174,2322,2500,2508],"timestamp":1672002961,"path_taken":["M","?","M","M","M","R","M","E","T","E","M","R","?","M","R","BOSS","M","?","M","M","$","R","E","M","T","R","M","M","E","M","R","BOSS"],"build_version":"2022-12-18","purchased_purges":1,"victory":false,"max_hp_per_floor":[71,71,71,71,71,71,71,71,71,71,71,71,71,71,71,71,71,71,71,71,71,71,71,71,71,71,71,71,71,71,71,71,71],"relic_stats":{"Gremlin Horn":[9,9],"counters":[21,108],"Bronze Scales":[36],"MealTicket":0,"Orichalcum":[156],"obtain_stats":[{"Potion Belt":10,"Gremlin Horn":26,"Bronze Scales":30,"MealTicket":24,"Bag of Marbles":9,"Coffee Dripper":17,"Orichalcum":8,"Cracked Core":0,"Nuclear Battery":0},{"Potion Belt":7,"Gremlin Horn":16,"Bronze Scales":19,"MealTicket":15,"Bag of Marbles":6,"Coffee Dripper":11,"Orichalcum":6,"Cracked Core":0,"Nuclear Battery":0},{"Potion Belt":26,"Gremlin Horn":81,"Bronze Scales":95,"MealTicket":72,"Bag of Marbles":22,"Coffee Dripper":47,"Orichalcum":22,"Cracked Core":0,"Nuclear Battery":0}]},"card_choices":[{"not_picked":["Rebound","Coolheaded"],"picked":"Cold Snap","floor":1},{"not_picked":["Force Field","Go for the Eyes","Scrape"],"picked":"SKIP","floor":3},{"not_picked":["Go for the Eyes","Double Energy"],"picked":"Sweeping Beam","floor":4},{"not_picked":["Chaos","Blizzard","Barrage"],"picked":"SKIP","floor":5},{"not_picked":["Barrage","Static Discharge"],"picked":"Hello World","floor":7},{"not_picked":["Aggregate","Beam Cell"],"picked":"Tempest","floor":8},{"not_picked":["Hello World","Stack"],"picked":"Conserve Battery","floor":10},{"not_picked":["Gash","Multi-Cast"],"picked":"Redo","floor":11},{"not_picked":["Stack","Fusion"],"picked":"Self Repair","floor":13},{"not_picked":["Beam Cell","Sweeping Beam"],"picked":"Chill","floor":14},{"not_picked":["Multi-Cast","Reboot"],"picked":"Echo Form","floor":16},{"not_picked":["Turbo","Gash","Streamline"],"picked":"SKIP","floor":18},{"not_picked":["Self Repair","BootSequence","White Noise","Streamline","Genetic Algorithm","Undo","Turbo","Hologram","Storm","Go for the Eyes","Darkness","Aggregate","Lockon","Leap","Steam","Blizzard","Conserve Battery","Beam Cell","Sweeping Beam"],"picked":"Sunder","floor":19},{"not_picked":["Streamline","Redo","Sunder"],"picked":"SKIP","floor":20},{"not_picked":["Aggregate","Blizzard","Consume"],"picked":"SKIP","floor":21},{"not_picked":["Hologram","Beam Cell"],"picked":"Hyperbeam","floor":24},{"not_picked":["Fusion+1","Conserve Battery"],"picked":"Coolheaded","floor":25},{"not_picked":["Gash","Streamline","Auto Shields"],"picked":"SKIP","floor":28},{"not_picked":["Gash","Streamline","Auto Shields"],"picked":"SKIP","floor":28},{"not_picked":["Coolheaded","Amplify"],"picked":"Beam Cell","floor":29},{"not_picked":["Sweeping Beam","Streamline"],"picked":"Ball Lightning+1","floor":30},{"not_picked":["Barrage","Self Repair"],"picked":"Conserve Battery","floor":31}],"player_experience":4859477,"relics_obtained":[{"floor":8,"key":"Orichalcum"},{"floor":9,"key":"Bag of Marbles"},{"floor":10,"key":"Potion Belt"},{"floor":24,"key":"MealTicket"},{"floor":26,"key":"Gremlin Horn"},{"floor":30,"key":"Bronze Scales"}],"event_choices":[{"damage_healed":0,"gold_gain":0,"player_choice":"Bought 2 Potions","damage_taken":0,"max_hp_gain":0,"max_hp_loss":0,"event_name":"The Woman in Blue","floor":2,"gold_loss":0},{"damage_healed":0,"gold_gain":0,"player_choice":"Read","damage_taken":0,"max_hp_gain":0,"max_hp_loss":0,"event_name":"The Library","floor":19,"gold_loss":0,"cards_obtained":["Sunder"]}],"is_beta":false,"boss_relics":[{"not_picked":["Snecko Eye","Astrolabe"],"picked":"Coffee Dripper"}],"items_purged_floors":[22],"is_endless":false,"potions_floor_spawned":[5,7,8,14,16,18,20,25,28,29,30],"killed_by":"Automaton","ascension_level":20,"potion_discard_per_floor":[[],[],[],[],["Ancient Potion"],[],[],[],[],[],[],[],[],[],[],[],[],[],[],[],[],[],[],[],[],[],[],["SmokeBomb"],[],["Explosive Potion"],[],[],[]]}