{"neow_bonuses_skipped_log":["REMOVE_CARD","TEN_PERCENT_HP_BONUS","BOSS_RELIC"],"neow_costs_skipped_log":["NONE","NONE","NONE"],"potions_obtained_entropic_brew":[[],[],[],[],[],[],[],[],[],[],[],[],[],[],[],[],[],[],[],[],[],[],[],[],[],[],[],[],[]],"gold_per_floor":[111,161,173,193,207,232,244,271,310,332,369,401,33,52,52,130,130,140,159,159,159,159,159,188,188,211,237,237,237],"floor_reached":29,"playtime":6261,"items_purged":[],"score":600,"play_id":"802a3f3a-873a-4c3f-9f71-d03bb77533bd","local_time":"20230127180037","score_breakdown":["Floors Climbed (29): 145","Enemies Slain (10): 20","Exordium Elites Killed (2): 20","City Elites Killed (2): 40","Bosses Slain (1): 50","Champion (1): 25","Ascension (20): 300"],"is_ascension_mode":true,"potions_obtained_alchemize":[["ColorlessPotion"],[],["Explosive Potion"],[],["ColorlessPotion"],["GamblersBrew"],[],["DistilledChaos"],[],["PowerPotion"],[],["FairyPotion"],[],[],[],["SkillPotion"],[],["Weak Potion"],[],[],[],[],[],["Fire Potion"],[],[],[],[],["Swift Potion"]],"campfire_choices":[{"floor":7,"key":"REST"},{"data":"Glass Knife","floor":15,"key":"SMITH"},{"floor":23,"key":"REST"},{"floor":25,"key":"REST"}],"lesson_learned_per_floor":[[],[],[],[],[],[],[],[],[],[],[],[],[],[],[],[],[],[],[],[],[],[],[],[],[],[],[],[],[]],"neow_cost":"TEN_PERCENT_HP_LOSS","improvable_cards":{},"seed_source_timestamp":28114159471971,"shop_contents":[{"floor":13,"relics":["MealTicket","OrangePellets"],"cards":["Underhanded Strike","Quick Slash","Deadly Poison","Escape Plan","Caltrops","Enlightenment","Transmutation"],"potions":["Fruit Juice","ColorlessPotion"]}],"circlet_count":0,"master_deck":["AscendersBane","Strike_G","Strike_G","Strike_G","Strike_G","Strike_G","Defend_G","Defend_G","Defend_G","Defend_G","Defend_G","Survivor+1","Neutralize","Venomology","Backflip","Blade Dance","Dagger Spray","Skewer","Deadly Poison","Sucker Punch","Glass Knife+1","Deadly Poison","Wraith Form v2","Terror","PiercingWail+1","Ghostly","Ghostly","Ghostly","Necronomicurse","Bouncing Flask+1","Backflip"],"potion_use_per_floor":[[],[],[],[],["ColorlessPotion"],["FearPotion","GamblersBrew","Explosive Potion"],[],["Energy Potion"],[],[],["DistilledChaos","PowerPotion"],[],[],[],[],["CultistPotion","SkillPotion","FairyPotion"],[],[],[],[],[],[],[],["AttackPotion"],[],[],[],[],["DistilledChaos","Fire Potion","Swift Potion"]],"relics":["Ring of the Snake","MawBank","Nunchaku","Snake Skull","Paper Crane","Fusion Hammer","Necronomicon","Akabeko","Art of War","War Paint","Toxic Egg 2"],"potions_floor_usage":[5,6,6,6,8,11,11,16,16,24,29,29,29],"damage_taken":[{"damage":3,"enemies":"Small Slimes","floor":1,"turns":6},{"damage":0,"enemies":"Cultist","floor":3,"turns":4},{"damage":0,"enemies":"Jaw Worm","floor":4,"turns":4},{"damage":6,"enemies":"Looter","floor":5,"turns":4},{"damage":35,"enemies":"Lagavulin","floor":6,"turns":5},{"damage":14,"enemies":"Exordium Thugs","floor":8,"turns":8},{"damage":0,"enemies":"2 Fungi Beasts","floor":10,"turns":3},{"damage":8,"enemies":"Gremlin Nob","floor":11,"turns":3},{"damage":1,"enemies":"Large Slime","floor":12,"turns":7},{"damage":1,"enemies":"Looter","floor":14,"turns":3},{"damage":17,"enemies":"Hexaghost","floor":16,"turns":8},{"damage":3,"enemies":"Spheric Guardian","floor":18,"turns":5},{"damage":0,"enemies":"Chosen","floor":19,"turns":3},{"damage":2,"enemies":"Gremlin Leader","floor":24,"turns":6},{"damage":0,"enemies":"Book of Stabbing","floor":27,"turns":5},{"damage":27,"enemies":"Slavers","floor":29,"turns":8}],"seed_played":"-7769564394552352097","neow_bonus_log":{"cardsObtained":[],"cardsUpgraded":[],"cardsRemoved":[],"cardsTransformed":[],"relicsObtained":[],"maxHpGained":0,"goldGained":0,"damageTaken":0,"goldLost":0,"maxHpLost":6},"potions_obtained":[{"floor":5,"key":"FearPotion"},{"floor":6,"key":"Energy Potion"},{"floor":16,"key":"DistilledChaos"},{"floor":18,"key":"AttackPotion"}],"is_trial":false,"path_per_floor":["M","?","M","M","M","E","R","M","T","M","E","M","$","M","R","B",null,"M","M","?","?","?","R","E","R","T","E","T","E"],"character_chosen":"THE_SILENT","items_purchased":["Paper Crane","CultistPotion"],"campfire_rested":3,"item_purchase_floors":[13,13],"current_hp_per_floor":[56,50,50,50,44,9,27,13,13,13,5,4,4,3,3,9,47,44,44,30,24,3,13,11,21,21,21,21,0],"gold":237,"neow_bonus":"THREE_RARE_CARDS","is_prod":false,"is_daily":false,"rewards_skipped":[{"floor":3,"relics":[],"potions":["Weak Potion"]},{"floor":14,"relics":[],"potions":["Poison Potion"]},{"floor":24,"relics":[],"potions":["LiquidBronze"]}],"chose_seed":false,"campfire_upgraded":1,"win_rate":0,"floor_exit_playtime":[340,372,460,722,1024,1394,1398,1600,1622,1761,2659,3238,3554,3669,3701,3988,4159,4778,4835,4918,5046,5057,5069,5451,5456,5461,5736,5757],"timestamp":1674860437,"path_taken":["M","?","M","M","M","E","R","?","T","M","E","M","$","M","R","BOSS","M","M","?","?","?","R","E","R","T","E","?","E"],"build_version":"2022-12-18","purchased_purges":0,"victory":false,"max_hp_per_floor":[60,60,60,60,60,60,60,60,60,60,60,60,60,60,60,60,60,60,60,30,35,35,35,35,35,35,35,35,35],"relic_stats":{"Nunchaku":[11],"counters":[16,82],"Snake Skull":[22],"Necronomicon":[4],"Art of War":[7],"War Paint":["Survivor","Bouncing Flask"],"MawBank":84,"obtain_stats":[{"Nunchaku":9,"Snake Skull":11,"Fusion Hammer":17,"Necronomicon":22,"Art of War":26,"Paper Crane":13,"War Paint":27,"Toxic Egg 2":28,"MawBank":6,"Akabeko":24,"Ring of the Snake":0},{"Nunchaku":6,"Snake Skull":8,"Fusion Hammer":11,"Necronomicon":13,"Art of War":14,"Paper Crane":9,"War Paint":15,"Toxic Egg 2":15,"MawBank":5,"Akabeko":14,"Ring of the Snake":0},{"Nunchaku":31,"Snake Skull":37,"Fusion Hammer":55,"Necronomicon":63,"Art of War":69,"Paper Crane":44,"War Paint":74,"Toxic Egg 2":74,"MawBank":23,"Akabeko":69,"Ring of the Snake":0}],"Ring of the Snake":[32]},"card_choices":[{"not_picked":["Envenom","A Thousand Cuts"],"picked":"Venomology","floor":0},{"not_picked":["Catalyst","Deflect"],"picked":"Backflip","floor":1},{"not_picked":["Skewer","Poisoned Stab"],"picked":"Blade Dance","floor":3},{"not_picked":["Backflip","Cloak And Dagger"],"picked":"Dagger Spray","floor":4},{"not_picked":["Dodge and Roll","Escape Plan","Heel Hook"],"picked":"SKIP","floor":5},{"not_picked":["Concentrate","Well Laid Plans"],"picked":"Skewer","floor":6},{"not_picked":["Outmaneuver","Acrobatics"],"picked":"Deadly Poison","floor":8},{"not_picked":["Deflect","Distraction"],"picked":"Sucker Punch","floor":10},{"not_picked":["Bane","Eviscerate"],"picked":"Glass Knife","floor":11},{"not_picked":["Infinite Blades","Sucker Punch"],"picked":"Deadly Poison","floor":12},{"not_picked":["Deadly Poison","Accuracy","Expertise"],"picked":"SKIP","floor":14},{"not_picked":["Deadly Poison","Accuracy","Expertise"],"picked":"SKIP","floor":14},{"not_picked":["After Image","Grand Finale"],"picked":"Wraith Form v2","floor":16},{"not_picked":["Noxious Fumes","Bouncing Flask"],"picked":"Terror","floor":18},{"not_picked":["Prepared","Outmaneuver"],"picked":"PiercingWail+1","floor":19},{"not_picked":["Bouncing Flask","Sucker Punch","Cloak And Dagger"],"picked":"SKIP","floor":24},{"not_picked":["Sucker Punch","Cloak And Dagger"],"picked":"Bouncing Flask","floor":24},{"not_picked":["Backstab+1","Quick Slash"],"picked":"Backflip","floor":27}],"player_experience":5100492,"relics_obtained":[{"floor":6,"key":"MawBank"},{"floor":9,"key":"Nunchaku"},{"floor":11,"key":"Snake Skull"},{"floor":22,"key":"Necronomicon"},{"floor":24,"key":"Akabeko"},{"floor":26,"key":"Art of War"},{"floor":27,"key":"War Paint"},{"floor":28,"key":"Toxic Egg 2"}],"event_choices":[{"damage_healed":0,"gold_gain":50,"player_choice":"Touch","damage_taken":6,"max_hp_gain":0,"max_hp_loss":0,"event_name":"FaceTrader","floor":2,"gold_loss":0},{"damage_healed":0,"gold_gain":0,"player_choice":"Became a Ghost","damage_taken":0,"max_hp_gain":0,"max_hp_loss":30,"event_name":"Ghosts","floor":20,"gold_loss":0,"cards_obtained":["Ghostly","Ghostly","Ghostly"]},{"damage_healed":0,"gold_gain":0,"player_choice":"Shed Blood","damage_taken":11,"max_hp_gain":5,"max_hp_loss":0,"event_name":"Forgotten Altar","floor":21,"gold_loss":0},{"damage_healed":0,"gold_gain":0,"player_choice":"Obtained Book","damage_taken":21,"max_hp_gain":0,"max_hp_loss":0,"event_name":"Cursed Tome","floor":22,"gold_loss":0}],"is_beta":false,"boss_relics":[{"not_picked":["HoveringKite","Calling Bell"],"picked":"Fusion Hammer"}],"items_purged_floors":[],"is_endless":false,"potions_floor_spawned":[3,5,6,14,16,18,24],"killed_by":"Slavers","ascension_level":20,"potion_discard_per_floor":[[],[],[],[],["ColorlessPotion"],[],[],[],[],[],[],[],[],[],[],[],[],["Weak Potion"],[],[],[],[],[],[],[],[],[],[],[]]}