{"neow_bonuses_skipped_log":["UPGRADE_CARD","THREE_ENEMY_KILL","BOSS_RELIC"],"potions_obtained_entropic_brew":[[],[],[],[],[],[],[],[],[],[],[],[],[],[],[],[],[],[],[],[],[],[],[],[],[],[],[],[],[],[],[],[],[],[],[],[],[],[],[],[],[],[],[],[],[],[],[],[],[],[],[],[],[],[],[],[],[]],"neow_costs_skipped_log":["NONE","NONE","NONE"],"gold_per_floor":[364,6,26,0,18,51,201,233,233,259,272,272,34,50,50,124,124,94,104,29,29,29,59,59,85,85,85,85,96,116,150,150,224,224,235,235,249,249,269,298,298,339,339,367,407,407,430,453,453,453,453,453,453,68,106,106],"floor_reached":57,"playtime":9516,"items_purged":["Doubt","Strike_G"],"score":3265,"play_id":"678f3907-806f-4bb6-a7f4-40074319412c","local_time":"20230121155412","falling_options_log":["Acrobatics","Wraith Form v2+1"],"score_breakdown":["Floors Climbed (57): 285","Enemies Slain (15): 30","Exordium Elites Killed (3): 30","City Elites Killed (3): 60","Beyond Elites Killed (3): 90","Bosses Slain (5): 750","Money Money (1178): 25","Librarian: 25","Well Fed: 25","Champion (5): 125","Perfect (1): 50","Overkill: 25","C-c-c-combo: 25","Ascension (20): 1470","Heartbreaker: 250"],"is_ascension_mode":true,"potions_obtained_alchemize":[[],[],[],[],[],[],[],[],[],[],[],[],[],[],[],[],[],[],[],[],[],[],[],[],[],[],[],[],[],[],[],[],[],[],[],[],[],[],[],[],[],[],[],[],[],[],[],[],[],[],[],[],[],[],[],[],[]],"campfire_choices":[{"floor":12,"key":"REST"},{"data":"Wraith Form v2","floor":15,"key":"SMITH"},{"data":"Wraith Form v2","floor":24,"key":"SMITH"},{"floor":28,"key":"REST"},{"data":"Setup","floor":32,"key":"SMITH"},{"data":"Catalyst","floor":41,"key":"SMITH"},{"floor":46,"key":"RECALL"},{"data":"Burst","floor":49,"key":"SMITH"},{"data":"Tactician","floor":53,"key":"SMITH"}],"lesson_learned_per_floor":[[],[],[],[],[],[],[],[],[],[],[],[],[],[],[],[],[],[],[],[],[],[],[],[],[],[],[],[],[],[],[],[],[],[],[],[],[],[],[],[],[],[],[],[],[],[],[],[],[],[],[],[],[],[],[],[],[]],"neow_cost":"PERCENT_DAMAGE","improvable_cards":{},"seed_source_timestamp":2402648805790,"shop_contents":[{"floor":2,"relics":["Ancient Tea Set"],"cards":["Dagger Spray","Reflex","Deflect","A Thousand Cuts","Deep Breath","The Bomb"],"potions":["Regen Potion","EssenceOfSteel","Explosive Potion"]},{"floor":13,"relics":["Centennial Puzzle","Oddly Smooth Stone"],"cards":["Predator","Flying Knee","Cloak And Dagger","Leg Sweep","Noxious Fumes","Panacea","Secret Weapon"],"potions":["ColorlessPotion","BlessingOfTheForge","Energy Potion"]},{"floor":21,"relics":["White Beast Statue","Juzu Bracelet","Toolbox"],"cards":["Dagger Spray","Dagger Throw","Blade Dance","Terror","Well Laid Plans","Finesse","Violence"],"potions":["Block Potion","Explosive Potion","AttackPotion"]},{"floor":54,"relics":["Gremlin Horn","Anchor","Strange Spoon"],"cards":["Flying Knee","Slice","Phantasmal Killer+1","Distraction+1","Accuracy","Impatience+1","Sadistic Nature"],"potions":["CunningPotion","SmokeBomb","CultistPotion"]}],"circlet_count":0,"master_deck":["AscendersBane","Strike_G","Defend_G","Defend_G","Defend_G","Defend_G","Survivor","Neutralize","Underhanded Strike","Skewer","Noxious Fumes","Bane","Calculated Gamble+1","Predator","Acrobatics","Wraith Form v2+1","Blade Dance","Wraith Form v2+1","Setup+1","Reflex+1","Poisoned Stab+1","Prepared","Deflect","Tactician+1","Burst+1","Blur+1","Catalyst+1","PiercingWail","Crippling Poison+1","Wraith Form v2","Acrobatics+1","Cloak And Dagger+1","Prepared+1","Reflex+1","Crippling Poison+1"],"potion_use_per_floor":[[],[],[],[],[],["SteroidPotion"],[],["AttackPotion"],[],[],[],[],[],[],[],["BlessingOfTheForge"],[],[],[],[],[],[],["LiquidBronze"],[],["Energy Potion"],[],[],[],[],[],[],[],[],[],[],[],[],[],[],[],[],[],[],[],["Explosive Potion"],[],[],[],[],[],[],[],[],[],["SteroidPotion"],["PowerPotion"],[]],"relics":["Ring of the Snake","TwistedFunnel","Bag of Marbles","Ginger","StoneCalendar","Mango","Strawberry","OrangePellets","Runic Pyramid","Akabeko","Art of War","Nunchaku","The Courier","Empty Cage","Omamori","CeramicFish","Kunai","Toxic Egg 2","Blood Vial","Boot","Letter Opener"],"potions_floor_usage":[6,8,16,23,25,45,55,56],"damage_taken":[{"damage":8,"enemies":"2 Louse","floor":1,"turns":6},{"damage":2,"enemies":"Jaw Worm","floor":3,"turns":3},{"damage":0,"enemies":"Small Slimes","floor":5,"turns":4},{"damage":0,"enemies":"Gremlin Nob","floor":6,"turns":1},{"damage":17,"enemies":"Lagavulin","floor":8,"turns":5},{"damage":24,"enemies":"3 Sentries","floor":10,"turns":7},{"damage":0,"enemies":"Exordium Wildlife","floor":11,"turns":3},{"damage":0,"enemies":"Large Slime","floor":14,"turns":4},{"damage":1,"enemies":"Slime Boss","floor":16,"turns":7},{"damage":16,"enemies":"2 Thieves","floor":18,"turns":4},{"damage":13,"enemies":"3 Byrds","floor":19,"turns":6},{"damage":12,"enemies":"Book of Stabbing","floor":23,"turns":7},{"damage":16,"enemies":"Slavers","floor":25,"turns":5},{"damage":2,"enemies":"Centurion and Healer","floor":29,"turns":7},{"damage":0,"enemies":"Shelled Parasite and Fungi","floor":30,"turns":7},{"damage":2,"enemies":"Book of Stabbing","floor":31,"turns":7},{"damage":4,"enemies":"Automaton","floor":33,"turns":11},{"damage":1,"enemies":"Orb Walker","floor":35,"turns":3},{"damage":0,"enemies":"3 Shapes","floor":37,"turns":5},{"damage":1,"enemies":"Transient","floor":39,"turns":6},{"damage":0,"enemies":"Reptomancer","floor":40,"turns":7},{"damage":0,"enemies":"Nemesis","floor":42,"turns":7},{"damage":9,"enemies":"4 Shapes","floor":44,"turns":4},{"damage":0,"enemies":"Reptomancer","floor":45,"turns":7},{"damage":0,"enemies":"Maw","floor":47,"turns":7},{"damage":4,"enemies":"Jaw Worm Horde","floor":48,"turns":5},{"damage":0,"enemies":"Awakened One","floor":50,"turns":27},{"damage":4,"enemies":"Time Eater","floor":51,"turns":10},{"damage":0,"enemies":"Shield and Spear","floor":55,"turns":9},{"damage":73,"enemies":"The Heart","floor":56,"turns":10}],"green_key_taken_log":40,"seed_played":"-6714420220372060087","neow_bonus_log":{"cardsObtained":[],"cardsUpgraded":[],"cardsRemoved":[],"cardsTransformed":[],"relicsObtained":[],"maxHpGained":0,"goldGained":250,"damageTaken":15,"goldLost":0,"maxHpLost":0},"potions_obtained":[{"floor":3,"key":"SteroidPotion"},{"floor":5,"key":"AttackPotion"},{"floor":8,"key":"BlessingOfTheForge"},{"floor":11,"key":"Dexterity Potion"},{"floor":18,"key":"LiquidBronze"},{"floor":19,"key":"Energy Potion"},{"floor":23,"key":"PowerPotion"},{"floor":31,"key":"Fire Potion"},{"floor":40,"key":"Explosive Potion"},{"floor":45,"key":"FearPotion"},{"floor":47,"key":"SteroidPotion"}],"is_trial":false,"path_per_floor":["M","$","M","?","M","E","?","E","T","E","M","R","$","M","R","B",null,"M","M","?","$","?","E","R","E","T","?","R","M","M","E","R","B",null,"M","?","M","?","M","E","R","E","T","M","E","R","M","M","R","B","B",null,"R","$","E","B",null],"character_chosen":"THE_SILENT","items_purchased":["TwistedFunnel","Bag of Marbles","Skewer","OrangePellets","Reflex+1","Blood Vial","Boot"],"campfire_rested":2,"item_purchase_floors":[2,2,2,13,54,54,54],"current_hp_per_floor":[36,36,34,34,34,34,34,17,31,14,14,40,40,40,40,39,75,59,46,46,46,46,34,34,18,18,18,44,42,42,40,40,36,74,73,73,73,73,72,72,72,72,72,63,63,63,63,59,59,59,55,79,79,79,81,10],"gold":106,"neow_bonus":"TWO_FIFTY_GOLD","is_prod":false,"is_daily":false,"rewards_skipped":[{"floor":33,"relics":[],"potions":["BlessingOfTheForge"]},{"floor":35,"relics":[],"potions":["Weak Potion"]},{"floor":39,"relics":[],"potions":["Ancient Potion"]}],"chose_seed":false,"campfire_upgraded":6,"win_rate":0,"floor_exit_playtime":[209,258,301,329,414,471,497,803,808,1100,1283,1288,1528,1705,1713,1917,2015,2189,2447,2607,2613,2629,2924,2974,3273,3291,3386,3397,3654,3795,3964,4027,4720,4793,4968,5008,5164,5206,5375,5698,5705,6094,6103,6411,6863,6882,7137,7271,7291,8246,8651,8664,8678,8811,9110,9516],"timestamp":1674334452,"blue_key_relic_skipped_log":{"floor":26,"relicID":"Darkstone Periapt"},"path_taken":["M","$","M","?","M","E","?","E","T","E","M","R","$","M","R","BOSS","M","M","?","$","?","E","R","E","T","?","R","?","M","E","R","BOSS","M","?","M","?","M","E","R","E","T","?","E","R","M","M","R","BOSS","BOSS","R","$","E","BOSS"],"build_version":"2022-12-18","purchased_purges":2,"victory":true,"max_hp_per_floor":[66,66,66,66,66,66,66,66,80,87,87,87,87,87,87,87,87,87,87,87,87,87,87,87,87,87,87,87,87,87,87,87,87,87,87,87,87,87,87,87,87,87,87,87,87,87,87,87,87,87,87,87,87,87,87,87],"relic_stats":{"counters":[30,201],"CeramicFish":63,"StoneCalendar":[534],"The Courier":99,"Omamori":0,"Ginger":[23],"Letter Opener":[30],"Boot":[11],"Blood Vial":4,"OrangePellets":[39],"Nunchaku":[30],"Art of War":[37],"Kunai":[42],"obtain_stats":[{"TwistedFunnel":2,"CeramicFish":42,"StoneCalendar":8,"Mango":9,"The Courier":31,"Omamori":40,"Ginger":6,"Letter Opener":55,"Empty Cage":34,"Boot":54,"Akabeko":22,"Blood Vial":54,"OrangePellets":13,"Nunchaku":25,"Strawberry":10,"Bag of Marbles":2,"Art of War":23,"Kunai":43,"Toxic Egg 2":45,"Ring of the Snake":0,"Runic Pyramid":17},{"TwistedFunnel":1,"CeramicFish":22,"StoneCalendar":5,"Mango":5,"The Courier":16,"Omamori":21,"Ginger":4,"Letter Opener":29,"Empty Cage":17,"Boot":28,"Akabeko":11,"Blood Vial":28,"OrangePellets":7,"Nunchaku":13,"Strawberry":6,"Bag of Marbles":1,"Art of War":12,"Kunai":22,"Toxic Egg 2":24,"Ring of the Snake":0,"Runic Pyramid":9},{"TwistedFunnel":6,"CeramicFish":122,"StoneCalendar":19,"Mango":19,"The Courier":83,"Omamori":115,"Ginger":14,"Letter Opener":191,"Empty Cage":94,"Boot":182,"Akabeko":50,"Blood Vial":182,"OrangePellets":29,"Nunchaku":62,"Strawberry":26,"Bag of Marbles":6,"Art of War":57,"Kunai":122,"Toxic Egg 2":133,"Ring of the Snake":0,"Runic Pyramid":40}],"Ring of the Snake":[60]},"card_choices":[{"not_picked":["Acrobatics","PiercingWail"],"picked":"Underhanded Strike","floor":1},{"not_picked":["Flechettes","Underhanded Strike"],"picked":"Noxious Fumes","floor":3},{"not_picked":["Quick Slash","Choke"],"picked":"Bane","floor":5},{"not_picked":["Dodge and Roll","Finisher"],"picked":"Calculated Gamble","floor":6},{"not_picked":["Bouncing Flask","Catalyst"],"picked":"Predator","floor":8},{"not_picked":["Escape Plan","PiercingWail"],"picked":"Acrobatics","floor":10},{"not_picked":["Quick Slash","Terror"],"picked":"Wraith Form v2","floor":11},{"not_picked":["Flying Knee","Skewer"],"picked":"Blade Dance","floor":14},{"not_picked":["Unload","Envenom"],"picked":"Wraith Form v2","floor":16},{"not_picked":["Cloak And Dagger","Underhanded Strike+1"],"picked":"Setup","floor":18},{"not_picked":["Well Laid Plans","Underhanded Strike"],"picked":"Reflex+1","floor":19},{"not_picked":["Accuracy","Expertise"],"picked":"Poisoned Stab+1","floor":23},{"not_picked":["Skewer","Dash"],"picked":"Prepared","floor":25},{"not_picked":["Outmaneuver","Finisher"],"picked":"Deflect","floor":29},{"not_picked":["Noxious Fumes","Predator"],"picked":"Tactician","floor":30},{"not_picked":["Riddle With Holes","Slice","Blade Dance"],"picked":"SKIP","floor":31},{"not_picked":["Bullet Time","Phantasmal Killer"],"picked":"Burst","floor":33},{"not_picked":["Escape Plan","Deadly Poison","Prepared"],"picked":"SKIP","floor":35},{"not_picked":["Escape Plan","Deadly Poison","Prepared"],"picked":"SKIP","floor":35},{"not_picked":["Backstab","Sucker Punch"],"picked":"Blur+1","floor":37},{"not_picked":["Well Laid Plans","Crippling Poison"],"picked":"Catalyst","floor":39},{"not_picked":["Noxious Fumes","Concentrate"],"picked":"PiercingWail","floor":40},{"not_picked":["Terror","Prepared"],"picked":"Crippling Poison+1","floor":42},{"not_picked":["Skewer","Acrobatics"],"picked":"Wraith Form v2","floor":44},{"not_picked":["Riddle With Holes","Prepared+1"],"picked":"Acrobatics+1","floor":45},{"not_picked":["Bane","Eviscerate"],"picked":"Cloak And Dagger+1","floor":47},{"not_picked":["Cloak And Dagger+1","Deflect+1"],"picked":"Prepared+1","floor":48},{"not_picked":["Quick Slash","Reflex+1"],"picked":"Crippling Poison+1","floor":55}],"player_experience":5042323,"relics_obtained":[{"floor":6,"key":"Ginger"},{"floor":8,"key":"StoneCalendar"},{"floor":9,"key":"Mango"},{"floor":10,"key":"Strawberry"},{"floor":23,"key":"Art of War"},{"floor":25,"key":"Nunchaku"},{"floor":31,"key":"The Courier"},{"floor":40,"key":"Omamori"},{"floor":42,"key":"CeramicFish"},{"floor":43,"key":"Kunai"},{"floor":45,"key":"Toxic Egg 2"},{"floor":55,"key":"Letter Opener"}],"event_choices":[{"damage_healed":0,"gold_gain":0,"player_choice":"Left Gold","damage_taken":0,"max_hp_gain":0,"max_hp_loss":0,"event_name":"World of Goop","floor":4,"gold_loss":26},{"damage_healed":0,"gold_gain":150,"player_choice":"AGREE","damage_taken":0,"max_hp_gain":0,"max_hp_loss":0,"event_name":"Liars Game","floor":7,"gold_loss":0,"cards_obtained":["Doubt"]},{"cards_removed":["Defend_G"],"damage_healed":0,"gold_gain":0,"player_choice":"Gave Gold","damage_taken":0,"max_hp_gain":0,"max_hp_loss":0,"event_name":"Beggar","floor":20,"gold_loss":75},{"damage_healed":0,"gold_gain":0,"player_choice":"Opened","damage_taken":0,"relics_obtained":["Akabeko"],"max_hp_gain":0,"max_hp_loss":0,"event_name":"The Mausoleum","floor":22,"gold_loss":0,"cards_obtained":["Writhe"]},{"cards_removed":["Writhe"],"damage_healed":0,"gold_gain":0,"player_choice":"Removed Curses","damage_taken":0,"max_hp_gain":0,"max_hp_loss":0,"event_name":"Fountain of Cleansing","floor":27,"gold_loss":0},{"cards_removed":["Strike_G"],"damage_healed":0,"gold_gain":0,"player_choice":"Removed Attack","damage_taken":0,"max_hp_gain":0,"max_hp_loss":0,"event_name":"Falling","floor":36,"gold_loss":0},{"damage_healed":0,"gold_gain":0,"player_choice":"Forge","damage_taken":0,"max_hp_gain":0,"max_hp_loss":0,"event_name":"Accursed Blacksmith","floor":38,"gold_loss":0,"cards_upgraded":["Calculated Gamble"]}],"is_beta":false,"boss_relics":[{"not_picked":["Busted Crown","Tiny House"],"picked":"Runic Pyramid"},{"not_picked":["Sozu","Philosopher\u0027s Stone"],"picked":"Empty Cage"}],"items_purged_floors":[13,54],"is_endless":false,"potions_floor_spawned":[3,5,8,11,18,19,23,31,33,35,39,40,45,47],"ascension_level":20,"potion_discard_per_floor":[[],[],[],[],[],[],[],[],[],[],[],[],[],[],[],[],[],[],["Dexterity Potion"],[],[],[],[],[],[],[],[],[],[],[],[],[],[],[],[],[],[],[],[],["Fire Potion"],[],[],[],[],[],[],["FearPotion"],[],[],[],[],[],[],[],[],[],[]]}