{"neow_bonuses_skipped_log":["REMOVE_CARD","ONE_RARE_RELIC","BOSS_RELIC"],"neow_costs_skipped_log":["NONE","CURSE","NONE"],"potions_obtained_entropic_brew":[[],[],[],[],[],[],[],[],[],[],[],[],[],[],[],[]],"gold_per_floor":[217,229,246,27,27,27,57,69,369,369,380,415,427,459,459,459],"floor_reached":16,"playtime":1711,"items_purged":[],"score":294,"play_id":"2d034de7-f851-4808-90ab-a8de7037276c","local_time":"20230127161406","score_breakdown":["Floors Climbed (16): 80","Enemies Slain (6): 12","Exordium Elites Killed (3): 30","Bosses Slain (0): 0","Champion (1): 25","Ascension (20): 147"],"is_ascension_mode":true,"potions_obtained_alchemize":[[],[],[],[],[],[],[],[],[],[],[],[],[],[],[],[]],"campfire_choices":[{"data":"Dagger Spray","floor":6,"key":"SMITH"},{"data":"Blade Dance","floor":10,"key":"SMITH"},{"data":"Tactician","floor":15,"key":"SMITH"}],"lesson_learned_per_floor":[[],[],[],[],[],[],[],[],[],[],[],[],[],[],[],[]],"neow_cost":"NONE","improvable_cards":{},"seed_source_timestamp":26367845473932,"shop_contents":[{"floor":4,"relics":["Torii","Frozen Eye"],"cards":["Dagger Spray","Unload","Blade Dance","Backflip","Tools of the Trade","Deep Breath","The Bomb"],"potions":["Ancient Potion","SkillPotion"]}],"circlet_count":0,"master_deck":["AscendersBane","Strike_G","Strike_G","Strike_G","Strike_G","Strike_G","Defend_G","Defend_G","Defend_G","Defend_G","Survivor","Neutralize","Dagger Spray+1","Acrobatics","Flying Knee","Blade Dance+1","Acrobatics","Cloak And Dagger","Eviscerate","Tactician+1"],"potion_use_per_floor":[[],[],[],[],[],[],["Fire Potion"],[],[],[],[],["Explosive Potion"],[],[],[],["Poison Potion","LiquidBronze"]],"relics":["Ring of the Snake","PreservedInsect","Du-Vu Doll","Old Coin","Calipers","Incense Burner"],"potions_floor_usage":[7,12,16,16],"damage_taken":[{"damage":0,"enemies":"2 Louse","floor":1,"turns":4},{"damage":2,"enemies":"Cultist","floor":2,"turns":5},{"damage":2,"enemies":"Small Slimes","floor":3,"turns":5},{"damage":20,"enemies":"Lagavulin","floor":7,"turns":5},{"damage":0,"enemies":"Blue Slaver","floor":8,"turns":5},{"damage":0,"enemies":"Large Slime","floor":11,"turns":4},{"damage":0,"enemies":"Gremlin Nob","floor":12,"turns":2},{"damage":1,"enemies":"Red Slaver","floor":13,"turns":3},{"damage":7,"enemies":"3 Sentries","floor":14,"turns":3},{"damage":27,"enemies":"Hexaghost","floor":16,"turns":7}],"seed_played":"-1370734112865209297","neow_bonus_log":{"cardsObtained":[],"cardsUpgraded":[],"cardsRemoved":[],"cardsTransformed":[],"relicsObtained":[],"maxHpGained":0,"goldGained":100,"damageTaken":0,"goldLost":0,"maxHpLost":0},"potions_obtained":[{"floor":7,"key":"Poison Potion"},{"floor":11,"key":"Explosive Potion"},{"floor":13,"key":"LiquidBronze"}],"is_trial":false,"path_per_floor":["M","M","M","$","?","R","E","M","T","R","M","E","M","E","R","B"],"character_chosen":"THE_SILENT","items_purchased":["PreservedInsect","Fire Potion"],"campfire_rested":0,"item_purchase_floors":[4,4],"current_hp_per_floor":[59,57,55,55,55,55,35,35,35,35,35,35,34,27,27,0],"gold":459,"neow_bonus":"HUNDRED_GOLD","is_prod":false,"is_daily":false,"rewards_skipped":[],"chose_seed":false,"campfire_upgraded":3,"win_rate":0,"floor_exit_playtime":[178,310,355,451,470,478,624,696,705,720,809,895,988,1064,1080],"timestamp":1674854046,"path_taken":["M","M","M","$","?","R","E","M","T","R","M","E","?","E","R","BOSS"],"build_version":"2022-12-18","purchased_purges":0,"victory":false,"max_hp_per_floor":[66,66,66,66,66,66,66,66,66,66,66,66,66,66,66,66],"relic_stats":{"Calipers":[0],"counters":[10,43],"PreservedInsect":84,"obtain_stats":[{"Du-Vu Doll":7,"Calipers":12,"PreservedInsect":4,"Incense Burner":14,"Ring of the Snake":0,"Old Coin":9},{"Du-Vu Doll":4,"Calipers":7,"PreservedInsect":3,"Incense Burner":9,"Ring of the Snake":0,"Old Coin":5},{"Du-Vu Doll":19,"Calipers":30,"PreservedInsect":14,"Incense Burner":36,"Ring of the Snake":0,"Old Coin":24}],"Ring of the Snake":[20]},"card_choices":[{"not_picked":["Sucker Punch","Deadly Poison"],"picked":"Dagger Spray","floor":1},{"not_picked":["Blur","Dagger Spray"],"picked":"Acrobatics","floor":2},{"not_picked":["Escape Plan","Dodge and Roll"],"picked":"Flying Knee","floor":3},{"not_picked":["Acrobatics","Underhanded Strike"],"picked":"Blade Dance","floor":7},{"not_picked":["Bane","Heel Hook"],"picked":"Acrobatics","floor":8},{"not_picked":["Bane","Prepared","Flying Knee"],"picked":"SKIP","floor":11},{"not_picked":["Outmaneuver","Slice"],"picked":"Cloak And Dagger","floor":12},{"not_picked":["Infinite Blades","Finisher"],"picked":"Eviscerate","floor":13},{"not_picked":["Finisher","Prepared"],"picked":"Tactician","floor":14}],"player_experience":5098781,"relics_obtained":[{"floor":7,"key":"Du-Vu Doll"},{"floor":9,"key":"Old Coin"},{"floor":12,"key":"Calipers"},{"floor":14,"key":"Incense Burner"}],"event_choices":[{"cards_removed":["Defend_G"],"damage_healed":0,"gold_gain":0,"player_choice":"Offered Basic","damage_taken":0,"max_hp_gain":0,"max_hp_loss":0,"event_name":"Bonfire Elementals","floor":5,"gold_loss":0}],"is_beta":false,"boss_relics":[],"items_purged_floors":[],"is_endless":false,"potions_floor_spawned":[7,11,13],"killed_by":"Hexaghost","ascension_level":20,"potion_discard_per_floor":[[],[],[],[],[],[],[],[],[],[],[],[],[],[],[],[]]}