{"neow_bonuses_skipped_log":["THREE_CARDS","TEN_PERCENT_HP_BONUS","BOSS_RELIC"],"neow_costs_skipped_log":["NONE","NONE","NONE"],"potions_obtained_entropic_brew":[[],[],[],[],[],[],[],[],[],[],[],[],[],[],[],[],[],[],[],[],[],[],[],[],[],[],[],[],[],[],[],[],[],[],[],[],[],[],[],[],[],[],[],[],[],[],[],[],[],[],[],[],[],[],[],[],[]],"gold_per_floor":[113,132,132,142,167,167,197,197,197,211,222,249,313,330,330,409,409,423,85,85,98,114,114,142,142,142,173,190,223,233,233,233,307,307,317,207,223,223,242,277,277,307,331,29,57,70,70,95,95,95,95,95,95,9,52,52],"floor_reached":57,"playtime":10490,"items_purged":["Defend_G","Strike_G+1"],"score":3149,"play_id":"8d974f24-638e-49bf-9b21-4af947839791","local_time":"20230119174712","score_breakdown":["Floors Climbed (57): 285","Enemies Slain (16): 32","Exordium Elites Killed (2): 20","City Elites Killed (3): 60","Beyond Elites Killed (3): 90","Bosses Slain (5): 750","Librarian: 25","Champion (6): 150","Perfect (1): 50","Ascension (20): 1437","Heartbreaker: 250"],"is_ascension_mode":true,"potions_obtained_alchemize":[[],[],[],[],[],[],[],[],[],[],[],[],[],[],[],[],[],[],[],[],[],[],[],[],[],[],[],[],[],[],[],[],[],[],[],[],[],[],[],[],[],[],[],[],["Explosive Potion"],["Strength Potion"],[],[],[],["Regen Potion"],["Explosive Potion"],[],[],[],["GamblersBrew"],["Energy Potion"],[]],"campfire_choices":[{"data":"Noxious Fumes","floor":6.0,"key":"SMITH"},{"data":"Night Terror","floor":8.0,"key":"SMITH"},{"data":"Skewer","floor":15.0,"key":"SMITH"},{"data":"Doppelganger","floor":23.0,"key":"SMITH"},{"data":"1","floor":25,"key":"LIFT"},{"data":"Well Laid Plans","floor":32,"key":"SMITH"},{"data":"Venomology","floor":41,"key":"SMITH"},{"floor":47,"key":"RECALL"},{"data":"Prepared","floor":49,"key":"SMITH"},{"data":"2","floor":53,"key":"LIFT"}],"lesson_learned_per_floor":[[],[],[],[],[],[],[],[],[],[],[],[],[],[],[],[],[],[],[],[],[],[],[],[],[],[],[],[],[],[],[],[],[],[],[],[],[],[],[],[],[],[],[],[],[],[],[],[],[],[],[],[],[],[],[],[],[]],"neow_cost":"TEN_PERCENT_HP_LOSS","improvable_cards":{},"seed_source_timestamp":16314028790198,"shop_contents":[{"floor":19,"relics":["Turnip","MealTicket"],"cards":["Dagger Throw","Dash","Accuracy","Trip","Magnetism"],"potions":["Block Potion","Energy Potion","CultistPotion"]},{"floor":44,"relics":["CaptainsWheel","Strawberry"],"cards":["Flying Knee","Glass Knife","Storm of Steel","Noxious Fumes","Swift Strike","Sadistic Nature"],"potions":["Explosive Potion","Regen Potion","DuplicationPotion"]},{"floor":54,"relics":["Pen Nib","Bag of Marbles","Lee\u0027s Waffle"],"cards":["Grand Finale","Skewer","Setup","Terror","Caltrops","Dramatic Entrance","Magnetism"],"potions":["PowerPotion","Fire Potion"]}],"circlet_count":0,"master_deck":["AscendersBane","Strike_G+1","Strike_G+1","Defend_G+1","Defend_G+1","Defend_G+1","Survivor+1","Neutralize+1","Doppelganger+1","Calculated Gamble+1","Dagger Spray+1","Noxious Fumes+1","Dash+1","Night Terror+1","Skewer+1","Terror+1","Endless Agony+1","Tactician+1","Burst+1","Finisher+1","Acrobatics+1","Leg Sweep+1","Calculated Gamble+1","Deflect+1","PiercingWail+1","Blade Dance+1","Backflip+1","Tools of the Trade+1","Calculated Gamble+1","Tools of the Trade+1","Wraith Form v2+1","PiercingWail+1","Backflip","Venomology+1","Dagger Throw+1","Prepared+1","PiercingWail","Deflect+1"],"special_seed":0,"potion_use_per_floor":[[],[],[],[],[],[],[],[],[],[],[],[],[],[],[],["GamblersBrew"],[],[],[],[],[],[],[],["LiquidMemories"],[],[],[],[],[],[],[],[],[],[],[],[],[],[],[],[],[],[],[],[],["Swift Potion","Explosive Potion"],[],[],[],[],["Weak Potion","Regen Potion"],["Explosive Potion"],[],[],[],["DistilledChaos"],["GamblersBrew","DuplicationPotion","Energy Potion"],[]],"relics":["Ring of the Snake","Anchor","Lantern","Pocketwatch","Shuriken","Unceasing Top","Coffee Dripper","DollysMirror","Girya","Meat on the Bone","Eternal Feather","Snake Skull","Runic Pyramid","Mark of the Bloom","Nunchaku","Pear","Chemical X","CeramicFish","Kunai"],"potions_floor_usage":[24,45,45,50,50,51,55,56,56,56],"damage_taken":[{"damage":4.0,"enemies":"Jaw Worm","floor":1.0,"turns":7.0},{"damage":3.0,"enemies":"Small Slimes","floor":2.0,"turns":4.0},{"damage":0.0,"enemies":"2 Louse","floor":4.0,"turns":2.0},{"damage":10.0,"enemies":"3 Sentries","floor":7.0,"turns":6.0},{"damage":0.0,"enemies":"Exordium Thugs","floor":10.0,"turns":3.0},{"damage":0.0,"enemies":"Blue Slaver","floor":11.0,"turns":5.0},{"damage":8.0,"enemies":"Gremlin Nob","floor":12.0,"turns":3.0},{"damage":2.0,"enemies":"3 Sentries","floor":13.0,"turns":5.0},{"damage":0.0,"enemies":"Lots of Slimes","floor":14.0,"turns":2.0},{"damage":12.0,"enemies":"Slime Boss","floor":16.0,"turns":8.0},{"damage":0.0,"enemies":"Spheric Guardian","floor":18.0,"turns":2.0},{"damage":0.0,"enemies":"Chosen","floor":21.0,"turns":2.0},{"damage":0.0,"enemies":"Snake Plant","floor":22.0,"turns":2.0},{"damage":0,"enemies":"Gremlin Leader","floor":24,"turns":4},{"damage":0,"enemies":"Slavers","floor":27,"turns":6},{"damage":0,"enemies":"Centurion and Healer","floor":28,"turns":4},{"damage":2,"enemies":"Gremlin Leader","floor":29,"turns":4},{"damage":19,"enemies":"Cultist and Chosen","floor":30,"turns":6},{"damage":9,"enemies":"Champ","floor":33,"turns":10},{"damage":7,"enemies":"3 Darklings","floor":35,"turns":7},{"damage":0,"enemies":"3 Shapes","floor":37,"turns":7},{"damage":0,"enemies":"Writhing Mass","floor":39,"turns":8},{"damage":0,"enemies":"Reptomancer","floor":40,"turns":4},{"damage":0,"enemies":"Giant Head","floor":42,"turns":6},{"damage":0,"enemies":"Reptomancer","floor":45,"turns":5},{"damage":0,"enemies":"Sphere and 2 Shapes","floor":46,"turns":7},{"damage":0,"enemies":"3 Darklings","floor":48,"turns":3},{"damage":1,"enemies":"Donu and Deca","floor":50,"turns":9},{"damage":0,"enemies":"Awakened One","floor":51,"turns":10},{"damage":0,"enemies":"Shield and Spear","floor":55,"turns":6},{"damage":47,"enemies":"The Heart","floor":56,"turns":11}],"green_key_taken_log":12,"seed_played":"-4133453988813810106","neow_bonus_log":{"cardsObtained":["Doppelganger","Calculated Gamble"],"cardsUpgraded":[],"cardsRemoved":[],"cardsTransformed":["Strike_G","Defend_G"],"relicsObtained":[],"maxHpGained":0,"goldGained":0,"damageTaken":0,"goldLost":0,"maxHpLost":6},"potions_obtained":[{"floor":4.0,"key":"BlessingOfTheForge"},{"floor":7.0,"key":"LiquidMemories"},{"floor":12.0,"key":"BlessingOfTheForge"},{"floor":13.0,"key":"GamblersBrew"},{"floor":18.0,"key":"DuplicationPotion"},{"floor":24,"key":"SteroidPotion"},{"floor":33,"key":"Swift Potion"},{"floor":46,"key":"Weak Potion"}],"is_trial":false,"path_per_floor":["M","M","?","M","T","R","E","R","T","M","M","E","?","M","R","B",null,"M","$","?","M","M","R","E","R","T","E","M","E","M","?","R","B",null,"M","?","M","?","M","E","R","E","T","$","E","M","R","M","R","B","B",null,"R","$","E","B",null],"character_chosen":"THE_SILENT","items_purchased":["Acrobatics","Leg Sweep","DollysMirror","Prepared","Chemical X","DistilledChaos"],"campfire_rested":0,"item_purchase_floors":[19,19,19,44,44,54],"current_hp_per_floor":[55,52,52,52,52,52,42,42,42,42,42,34,32,32,32,20,50,50,50,50,50,50,50,50,50,50,50,50,48,41,41,59,50,58,51,51,51,51,51,51,51,51,51,51,51,51,51,51,51,50,50,50,50,50,50,3],"gold":52,"neow_bonus":"TRANSFORM_TWO_CARDS","is_prod":false,"is_daily":false,"rewards_skipped":[{"floor":28,"relics":[],"potions":["Energy Potion"]},{"floor":30,"relics":[],"potions":["PowerPotion"]},{"floor":37,"relics":[],"potions":["Fire Potion"]},{"floor":39,"relics":[],"potions":["Swift Potion"]},{"floor":40,"relics":[],"potions":["DistilledChaos"]}],"chose_seed":false,"campfire_upgraded":7,"win_rate":0,"floor_exit_playtime":[297,365,408,467,474,481,720,727,732,843,902,987,1184,1221,1257,1490,1559,1735,1925,1944,2102,2201,2275,2428,2458,2461,2643,2718,2871,3175,3190,3231,3681,4179,4433,4516,4624,4714,5292,5489,5539,5823,5834,5952,6342,6523,6529,6624,6636,7046,7490,7500,7508,7608,7969,10490],"timestamp":1674168432,"blue_key_relic_skipped_log":{"floor":43,"relicID":"Oddly Smooth Stone"},"path_taken":["M","M","?","M","?","R","E","R","T","M","M","E","?","M","R","BOSS","M","$","?","?","M","R","E","R","T","E","M","E","M","?","R","BOSS","M","?","?","?","M","E","R","E","T","$","E","M","R","M","R","BOSS","BOSS","R","$","E","BOSS"],"build_version":"2022-12-18","purchased_purges":2,"victory":true,"max_hp_per_floor":[60,60,60,60,60,60,60,60,60,60,60,60,60,60,60,60,60,60,60,60,60,60,60,60,60,60,60,60,60,60,60,60,60,60,60,60,60,60,60,60,60,70,70,70,70,70,70,70,70,70,70,70,70,70,70,70],"relic_stats":{"Girya":2,"Mark of the Bloom":136,"counters":[31,168],"CeramicFish":18,"Eternal Feather":18,"Snake Skull":[88],"Nunchaku":[16],"Shuriken":[71],"Chemical X":[19],"Kunai":[4],"obtain_stats":[{"Girya":24,"Lantern":7,"Mark of the Bloom":38,"Pear":42,"CeramicFish":45,"Eternal Feather":27,"Snake Skull":29,"Anchor":5,"Nunchaku":40,"Shuriken":12,"DollysMirror":19,"Coffee Dripper":17,"Chemical X":44,"Kunai":55,"Unceasing Top":13,"Ring of the Snake":0,"Pocketwatch":9,"Meat on the Bone":26,"Runic Pyramid":34},{"Girya":14,"Lantern":4,"Mark of the Bloom":21,"Pear":24,"CeramicFish":25,"Eternal Feather":15,"Snake Skull":17,"Anchor":3,"Nunchaku":23,"Shuriken":7,"DollysMirror":11,"Coffee Dripper":10,"Chemical X":24,"Kunai":30,"Unceasing Top":7,"Ring of the Snake":0,"Pocketwatch":4,"Meat on the Bone":14,"Runic Pyramid":19},{"Girya":55,"Lantern":19,"Mark of the Bloom":99,"Pear":117,"CeramicFish":122,"Eternal Feather":61,"Snake Skull":69,"Anchor":13,"Nunchaku":111,"Shuriken":30,"DollysMirror":47,"Coffee Dripper":45,"Chemical X":117,"Kunai":157,"Unceasing Top":30,"Ring of the Snake":0,"Pocketwatch":19,"Meat on the Bone":55,"Runic Pyramid":85}],"Unceasing Top":[0],"Ring of the Snake":[64],"Pocketwatch":[106],"Meat on the Bone":12},"card_choices":[{"not_picked":["Bane","Deadly Poison"],"picked":"Dagger Spray","floor":1.0},{"not_picked":["PiercingWail","Concentrate"],"picked":"Noxious Fumes","floor":2.0},{"not_picked":["Underhanded Strike","Backflip"],"picked":"Dash","floor":4.0},{"not_picked":["Cloak And Dagger","Catalyst"],"picked":"Night Terror","floor":7.0},{"not_picked":["Acrobatics","Slice"],"picked":"Skewer","floor":10.0},{"not_picked":["Infinite Blades","Acrobatics"],"picked":"Terror","floor":11.0},{"not_picked":["Skewer","Poisoned Stab"],"picked":"Endless Agony","floor":12.0},{"not_picked":["Quick Slash","Underhanded Strike","Endless Agony"],"picked":"SKIP","floor":13.0},{"not_picked":["Concentrate","Expertise"],"picked":"Tactician","floor":14.0},{"not_picked":["Unload","Envenom"],"picked":"Burst","floor":16.0},{"not_picked":["Dagger Spray","Infinite Blades"],"picked":"Finisher","floor":18.0},{"not_picked":["Crippling Poison","Cloak And Dagger"],"picked":"Deflect+1","floor":21.0},{"not_picked":["Accuracy","Flying Knee+1"],"picked":"PiercingWail+1","floor":22.0},{"not_picked":["Backstab","Bane"],"picked":"Blade Dance","floor":24},{"not_picked":["Sucker Punch+1","Bouncing Flask"],"picked":"Well Laid Plans","floor":27},{"not_picked":["Well Laid Plans","Infinite Blades"],"picked":"Backflip+1","floor":28},{"not_picked":["Bouncing Flask","Cloak And Dagger"],"picked":"Tools of the Trade","floor":29},{"not_picked":["Dodge and Roll","Deadly Poison"],"picked":"Calculated Gamble","floor":30},{"not_picked":["Die Die Die","Doppelganger"],"picked":"Wraith Form v2","floor":33},{"not_picked":["Leg Sweep","Choke","All Out Attack"],"picked":"SKIP","floor":35},{"not_picked":["Slice","Deadly Poison+1"],"picked":"PiercingWail","floor":37},{"not_picked":["Slice","Skewer"],"picked":"Backflip","floor":39},{"not_picked":["Well Laid Plans+1","Deadly Poison"],"picked":"Venomology","floor":40},{"not_picked":["Sucker Punch+1","Backstab+1"],"picked":"Dagger Throw+1","floor":42},{"not_picked":["Night Terror","Masterful Stab","Dagger Spray+1"],"picked":"SKIP","floor":45},{"not_picked":["Blur","Poisoned Stab","Slice"],"picked":"SKIP","floor":46},{"not_picked":["Noxious Fumes","Masterful Stab+1"],"picked":"PiercingWail","floor":48},{"not_picked":["Expertise","Well Laid Plans"],"picked":"Deflect+1","floor":55}],"player_experience":5024025,"relics_obtained":[{"floor":5.0,"key":"Anchor"},{"floor":7.0,"key":"Lantern"},{"floor":9.0,"key":"Pocketwatch"},{"floor":12.0,"key":"Shuriken"},{"floor":24,"key":"Girya"},{"floor":26,"key":"Meat on the Bone"},{"floor":27,"key":"Eternal Feather"},{"floor":29,"key":"Snake Skull"},{"floor":40,"key":"Nunchaku"},{"floor":42,"key":"Pear"},{"floor":45,"key":"CeramicFish"},{"floor":55,"key":"Kunai"}],"event_choices":[{"damage_healed":0.0,"max_hp_gain":0.0,"max_hp_loss":0.0,"gold_gain":0.0,"event_name":"Living Wall","player_choice":"Grow","floor":3.0,"gold_loss":0.0,"damage_taken":0.0,"cards_upgraded":["Dagger Spray"]},{"damage_healed":0.0,"max_hp_gain":0.0,"max_hp_loss":0.0,"gold_gain":0.0,"event_name":"Dead Adventurer","player_choice":"Searched \u00272\u0027 times","floor":13.0,"gold_loss":0.0,"damage_taken":0.0,"relics_obtained":["Unceasing Top"]},{"damage_healed":0.0,"max_hp_gain":0.0,"max_hp_loss":0.0,"gold_gain":0.0,"event_name":"Upgrade Shrine","player_choice":"Upgraded","floor":20.0,"gold_loss":0.0,"damage_taken":0.0,"cards_upgraded":["Finisher"]},{"damage_healed":0,"gold_gain":0,"cards_transformed":["Strike_G"],"player_choice":"Transformed","damage_taken":0,"max_hp_gain":0,"max_hp_loss":0,"event_name":"Transmorgrifier","floor":31,"gold_loss":0,"cards_obtained":["Tools of the Trade"]},{"cards_removed":["Well Laid Plans"],"damage_healed":0,"gold_gain":0,"player_choice":"Upgrade and Remove","damage_taken":0,"max_hp_gain":0,"max_hp_loss":0,"event_name":"Designer","floor":36,"gold_loss":110,"cards_upgraded":["Strike_G"]},{"damage_healed":0,"gold_gain":0,"player_choice":"Upgrade","damage_taken":0,"relics_obtained":["Mark of the Bloom"],"max_hp_gain":0,"max_hp_loss":0,"event_name":"MindBloom","floor":38,"gold_loss":0,"cards_upgraded":["Strike_G","Strike_G","Defend_G","Defend_G","Defend_G","Survivor","Neutralize","Calculated Gamble","Dash","Terror","Endless Agony","Tactician","Burst","Acrobatics","Leg Sweep","Calculated Gamble","Blade Dance","Tools of the Trade","Calculated Gamble","Tools of the Trade","Wraith Form v2","PiercingWail"]}],"is_beta":false,"boss_relics":[{"not_picked":["Empty Cage","Astrolabe"],"picked":"Coffee Dripper"},{"not_picked":["Snecko Eye","Philosopher\u0027s Stone"],"picked":"Runic Pyramid"}],"items_purged_floors":[19,44],"is_endless":false,"potions_floor_spawned":[4,7,12,13,18,24,28,30,33,37,39,40,46],"ascension_level":20,"potion_discard_per_floor":[[],[],[],[],[],[],[],[],[],[],[],["BlessingOfTheForge"],["BlessingOfTheForge"],[],[],[],[],[],[],[],[],[],[],[],[],[],[],[],[],[],[],[],["SteroidPotion"],[],[],[],[],[],[],[],[],[],[],[],[],["Strength Potion"],[],[],[],[],[],[],[],[],[],[],[]]}