{"neow_bonuses_skipped_log":["THREE_ENEMY_KILL","RANDOM_COLORLESS_2","BOSS_RELIC"],"potions_obtained_entropic_brew":[[],[],[],[],[],[],[],[],[],[],[],[],[],[],[],[],[],[],[],[],[],[],[],[],[],[],[],[],[],[],[],[],[],[],[],[],[],[],[],[],[],[],[],[],[],[],[],[],[],[],[],[],[],[],[],[],[]],"neow_costs_skipped_log":["NONE","PERCENT_DAMAGE","NONE"],"gold_per_floor":[115,115,129,145,162,162,173,173,248,273,198,198,198,232,232,309,309,321,321,321,75,75,102,102,114,138,138,80,5,30,44,44,118,118,129,404,415,43,63,63,118,135,212,212,212,243,78,105,105,125,125,125,125,46,71,71],"floor_reached":57,"playtime":10519,"items_purged":["Strike_G"],"score":3112,"play_id":"e7a1e55f-f3e4-4a2c-8710-22200d78018b","local_time":"20230122165705","score_breakdown":["Floors Climbed (57): 285","Enemies Slain (13): 26","Exordium Elites Killed (2): 20","City Elites Killed (2): 40","Beyond Elites Killed (2): 60","Bosses Slain (5): 750","Money Money (1082): 25","Librarian: 25","Champion (4): 100","Perfect (2): 100","C-c-c-combo: 25","Ascension (20): 1406","Heartbreaker: 250"],"is_ascension_mode":true,"potions_obtained_alchemize":[[],[],[],[],[],[],[],[],[],[],[],[],[],[],[],[],[],[],[],[],[],[],[],[],[],[],[],[],[],["Dexterity Potion"],["Regen Potion"],[],["EssenceOfSteel"],[],["Energy Potion"],[],["SteroidPotion"],[],["ColorlessPotion"],[],["AttackPotion"],["AttackPotion"],[],[],[],["Poison Potion"],[],["Energy Potion","EssenceOfSteel"],[],[],["BlessingOfTheForge","Ancient Potion"],[],[],[],[],[],[]],"campfire_choices":[{"data":"Deadly Poison","floor":6,"key":"SMITH"},{"data":"Noxious Fumes","floor":8,"key":"SMITH"},{"data":"Quick Slash","floor":12,"key":"SMITH"},{"data":"Neutralize","floor":15,"key":"SMITH"},{"floor":24,"key":"REST"},{"data":"Venomology","floor":27,"key":"SMITH"},{"data":"Footwork","floor":32,"key":"SMITH"},{"floor":40,"key":"RECALL"},{"data":"Catalyst","floor":45,"key":"SMITH"},{"data":"After Image","floor":49,"key":"SMITH"},{"data":"Dash","floor":53,"key":"SMITH"}],"lesson_learned_per_floor":[[],[],[],[],[],[],[],[],[],[],[],[],[],[],[],[],[],[],[],[],[],[],[],[],[],[],[],[],[],[],[],[],[],[],[],[],[],[],[],[],[],[],[],[],[],[],[],[],[],[],[],[],[],[],[],[],[]],"neow_cost":"NONE","improvable_cards":{},"seed_source_timestamp":3870845396996,"shop_contents":[{"floor":21,"relics":["Shovel","HandDrill"],"cards":["Predator","Dagger Spray","Prepared","Blade Dance","Accuracy","Jack Of All Trades","Chrysalis"],"potions":["Block Potion","Block Potion","Block Potion"]},{"floor":28,"relics":["Bottled Tornado","Boot","OrangePellets"],"cards":["Eviscerate","Sucker Punch","Deflect","Noxious Fumes","PanicButton","The Bomb"],"potions":["SkillPotion","Weak Potion","Fruit Juice"]},{"floor":38,"relics":["White Beast Statue","Bronze Scales"],"cards":["Sucker Punch","Slice","Dodge and Roll","Cloak And Dagger","Accuracy","Panacea"],"potions":["AttackPotion","Energy Potion","PowerPotion"]},{"floor":44,"relics":["Turnip","Letter Opener","Medical Kit"],"cards":["Flying Knee","Unload","Phantasmal Killer","Escape Plan","Caltrops","Trip","The Bomb"],"potions":["Fire Potion","BlessingOfTheForge","Dexterity Potion"]},{"floor":47,"relics":["CeramicFish","Omamori"],"cards":["Quick Slash","Sucker Punch","Acrobatics","PiercingWail","Accuracy","Purity","Magnetism"],"potions":["Energy Potion","Strength Potion","BlessingOfTheForge"]},{"floor":54,"relics":["Incense Burner","Mummified Hand","Frozen Eye"],"cards":["Quick Slash","Underhanded Strike","Reflex","Outmaneuver","Wraith Form v2","Bandage Up","Thinking Ahead"],"potions":["Weak Potion","LiquidBronze"]}],"circlet_count":0,"master_deck":["AscendersBane","Strike_G","Strike_G","Defend_G","Defend_G","Defend_G","Defend_G","Survivor","Neutralize+1","Quick Slash+1","Noxious Fumes+1","Underhanded Strike","Backstab","Deadly Poison+1","Footwork+1","Blade Dance","Corpse Explosion","Deflect","Catalyst+1","Necronomicurse","Choke+1","Venomology+1","PiercingWail","Outmaneuver","PiercingWail","After Image","Dash+1","Regret","After Image+1","Magnetism","Calculated Gamble+1","Concentrate","Dodge and Roll+1","Venomology","Blur+1","PiercingWail"],"potion_use_per_floor":[[],[],[],[],[],[],[],[],[],["FearPotion"],[],[],[],[],[],["EssenceOfSteel"],[],[],[],[],[],[],["CunningPotion","SteroidPotion"],[],[],[],[],[],[],["ColorlessPotion"],["Regen Potion"],[],[],[],["SkillPotion"],[],["Dexterity Potion"],[],[],[],["ColorlessPotion"],["AttackPotion"],[],[],[],[],[],["Poison Potion","Energy Potion"],[],[],["Dexterity Potion","BlessingOfTheForge","DistilledChaos"],[],[],[],[],["DuplicationPotion","PowerPotion"],[]],"relics":["Ring of the Snake","TungstenRod","Akabeko","Snake Skull","Runic Pyramid","Necronomicon","Oddly Smooth Stone","Blue Candle","Bag of Preparation","Lantern","Happy Flower","SlaversCollar","DollysMirror","Torii","HornCleat","Toolbox","Dream Catcher","CaptainsWheel"],"potions_floor_usage":[10,16,23,23,30,31,35,37,41,42,48,48,51,51,51,56,56],"damage_taken":[{"damage":0,"enemies":"2 Louse","floor":1,"turns":3},{"damage":0,"enemies":"Cultist","floor":3,"turns":3},{"damage":9,"enemies":"Small Slimes","floor":4,"turns":4},{"damage":4,"enemies":"Blue Slaver","floor":5,"turns":4},{"damage":0,"enemies":"Exordium Wildlife","floor":7,"turns":2},{"damage":3,"enemies":"Gremlin Nob","floor":10,"turns":3},{"damage":7,"enemies":"3 Sentries","floor":14,"turns":6},{"damage":15,"enemies":"Hexaghost","floor":16,"turns":8},{"damage":7,"enemies":"2 Thieves","floor":18,"turns":4},{"damage":11,"enemies":"Gremlin Leader","floor":23,"turns":7},{"damage":0,"enemies":"3 Byrds","floor":25,"turns":3},{"damage":0,"enemies":"Slavers","floor":30,"turns":2},{"damage":0,"enemies":"Centurion and Healer","floor":31,"turns":7},{"damage":0,"enemies":"Collector","floor":33,"turns":3},{"damage":0,"enemies":"Orb Walker","floor":35,"turns":3},{"damage":0,"enemies":"3 Shapes","floor":37,"turns":9},{"damage":0,"enemies":"Spire Growth","floor":39,"turns":27},{"damage":0,"enemies":"Giant Head","floor":41,"turns":18},{"damage":0,"enemies":"3 Darklings","floor":42,"turns":54},{"damage":8,"enemies":"4 Shapes","floor":46,"turns":24},{"damage":0,"enemies":"Reptomancer","floor":48,"turns":6},{"damage":0,"enemies":"Awakened One","floor":50,"turns":18},{"damage":6,"enemies":"Time Eater","floor":51,"turns":10},{"damage":0,"enemies":"Shield and Spear","floor":55,"turns":8},{"damage":14,"enemies":"The Heart","floor":56,"turns":4}],"green_key_taken_log":48,"seed_played":"-6521277104352042809","neow_bonus_log":{"cardsObtained":[],"cardsUpgraded":[],"cardsRemoved":[],"cardsTransformed":[],"relicsObtained":[],"maxHpGained":0,"goldGained":0,"damageTaken":0,"goldLost":0,"maxHpLost":0},"potions_obtained":[{"floor":4,"key":"EssenceOfSteel"},{"floor":7,"key":"FearPotion"},{"floor":10,"key":"CunningPotion"},{"floor":16,"key":"AttackPotion"},{"floor":18,"key":"SteroidPotion"},{"floor":25,"key":"ColorlessPotion"},{"floor":33,"key":"SkillPotion"},{"floor":35,"key":"DistilledChaos"},{"floor":48,"key":"Dexterity Potion"},{"floor":55,"key":"PowerPotion"}],"is_trial":false,"path_per_floor":["M","?","M","M","M","R","M","R","T","E","?","R","?","E","R","B",null,"M","?","?","$","T","E","R","M","T","R","$","?","E","M","R","B",null,"M","?","M","$","M","R","E","M","T","$","R","M","$","E","R","B","B",null,"R","$","E","B",null],"character_chosen":"THE_SILENT","items_purchased":["Oddly Smooth Stone","PiercingWail","DollysMirror","Magnetism","Toolbox","DuplicationPotion"],"campfire_rested":1,"item_purchase_floors":[21,28,38,38,47,54],"current_hp_per_floor":[59,59,59,50,46,46,46,46,46,43,43,43,43,36,36,21,55,48,48,31,31,31,20,39,39,39,39,39,39,39,54,54,54,63,63,63,63,63,63,63,63,63,63,63,63,55,55,55,55,55,49,62,62,62,62,48],"gold":71,"neow_bonus":"THREE_CARDS","is_prod":false,"is_daily":false,"rewards_skipped":[{"floor":39,"relics":[],"potions":["Explosive Potion"]},{"floor":46,"relics":[],"potions":["Explosive Potion"]}],"chose_seed":false,"campfire_upgraded":9,"win_rate":0,"floor_exit_playtime":[248,267,342,459,609,630,687,767,784,903,910,952,983,1157,1197,1405,1484,1655,1810,1846,1950,2015,2500,2506,2600,2609,2635,2678,2690,2922,3022,3037,3237,3430,3516,3586,3823,4082,4993,4998,5768,7154,7159,7223,7237,7719,7776,8029,8058,8565,9263,9275,9348,9412,9813,10519],"timestamp":1674424625,"blue_key_relic_skipped_log":{"floor":9,"relicID":"Bottled Flame"},"path_taken":["M","?","M","M","?","R","M","R","T","E","?","R","?","E","R","BOSS","M","?","?","$","?","E","R","M","T","R","?","?","E","M","R","BOSS","M","?","?","$","M","R","E","M","T","$","R","?","?","E","R","BOSS","BOSS","R","$","E","BOSS"],"build_version":"2022-12-18","purchased_purges":1,"victory":true,"max_hp_per_floor":[66,66,66,66,66,66,66,66,66,66,66,66,66,66,66,66,66,66,66,66,66,66,66,66,66,66,66,66,66,66,66,66,66,66,66,66,66,66,66,66,66,66,66,66,66,66,66,66,66,66,66,66,66,66,66,66],"relic_stats":{"Dream Catcher":0,"Happy Flower":[63],"Torii":0,"counters":[25,240],"Blue Candle":[1787],"Snake Skull":[198],"Necronomicon":[54],"Bag of Preparation":[30],"obtain_stats":[{"Lantern":26,"Happy Flower":30,"Torii":41,"Blue Candle":22,"Oddly Smooth Stone":21,"Snake Skull":14,"Bag of Preparation":23,"Akabeko":13,"SlaversCollar":34,"Dream Catcher":48,"CaptainsWheel":55,"HornCleat":43,"DollysMirror":38,"Toolbox":47,"Necronomicon":20,"TungstenRod":10,"Ring of the Snake":0,"Runic Pyramid":17},{"Lantern":11,"Happy Flower":12,"Torii":18,"Blue Candle":9,"Oddly Smooth Stone":9,"Snake Skull":7,"Bag of Preparation":10,"Akabeko":6,"SlaversCollar":14,"Dream Catcher":21,"CaptainsWheel":24,"HornCleat":19,"DollysMirror":16,"Toolbox":20,"Necronomicon":9,"TungstenRod":6,"Ring of the Snake":0,"Runic Pyramid":8},{"Lantern":47,"Happy Flower":49,"Torii":116,"Blue Candle":37,"Oddly Smooth Stone":37,"Snake Skull":25,"Bag of Preparation":44,"Akabeko":19,"SlaversCollar":59,"Dream Catcher":200,"CaptainsWheel":236,"HornCleat":170,"DollysMirror":71,"Toolbox":194,"Necronomicon":37,"TungstenRod":19,"Ring of the Snake":0,"Runic Pyramid":33}],"TungstenRod":1831,"Ring of the Snake":[50]},"card_choices":[{"not_picked":["Flying Knee","Setup"],"picked":"Quick Slash","floor":0},{"not_picked":["Bane","Deadly Poison"],"picked":"Noxious Fumes","floor":1},{"not_picked":["Accuracy","Cloak And Dagger"],"picked":"Underhanded Strike","floor":3},{"not_picked":["Outmaneuver","Predator"],"picked":"Backstab","floor":4},{"not_picked":["Outmaneuver","Prepared"],"picked":"Deadly Poison","floor":5},{"not_picked":["Sucker Punch","Quick Slash"],"picked":"Footwork","floor":7},{"not_picked":["Tactician","Reflex","Footwork"],"picked":"SKIP","floor":10},{"not_picked":["Riddle With Holes","Accuracy"],"picked":"Blade Dance","floor":14},{"not_picked":["Malaise","Tools of the Trade"],"picked":"Corpse Explosion","floor":16},{"not_picked":["Infinite Blades","Bane"],"picked":"Deflect","floor":18},{"not_picked":["Terror","Backflip","Blade Dance","PiercingWail","Concentrate","Caltrops","Bane","Escape Plan","Slice","Acrobatics","Reflex","Quick Slash","Tactician","Underhanded Strike","Dagger Throw","Deadly Poison","Outmaneuver","Sucker Punch","Dodge and Roll"],"picked":"Catalyst","floor":19},{"not_picked":["Underhanded Strike","Infinite Blades"],"picked":"Choke+1","floor":23},{"not_picked":["Infinite Blades","Dagger Throw"],"picked":"Venomology","floor":25},{"not_picked":["Deflect","Cloak And Dagger"],"picked":"Outmaneuver","floor":30},{"not_picked":["Finisher","Footwork"],"picked":"PiercingWail","floor":31},{"not_picked":["Corpse Explosion","Burst"],"picked":"After Image","floor":33},{"not_picked":["Prepared","Endless Agony+1"],"picked":"Dash","floor":35},{"not_picked":["Cloak And Dagger+1","Dagger Spray+1","Flying Knee"],"picked":"SKIP","floor":37},{"not_picked":["Flying Knee","Blade Dance+1"],"picked":"Calculated Gamble+1","floor":39},{"not_picked":["Well Laid Plans","Flechettes+1"],"picked":"Concentrate","floor":41},{"not_picked":["Reflex","Deflect+1"],"picked":"Dodge and Roll+1","floor":42},{"not_picked":["Dagger Spray","Dagger Throw"],"picked":"Venomology","floor":46},{"not_picked":["Concentrate+1","Sucker Punch+1"],"picked":"Blur+1","floor":48},{"not_picked":["Expertise","Prepared"],"picked":"PiercingWail","floor":55}],"player_experience":5051839,"relics_obtained":[{"floor":10,"key":"TungstenRod"},{"floor":14,"key":"Snake Skull"},{"floor":20,"key":"Necronomicon"},{"floor":22,"key":"Blue Candle"},{"floor":23,"key":"Bag of Preparation"},{"floor":26,"key":"Lantern"},{"floor":30,"key":"Happy Flower"},{"floor":41,"key":"Torii"},{"floor":43,"key":"HornCleat"},{"floor":48,"key":"Dream Catcher"},{"floor":55,"key":"CaptainsWheel"}],"event_choices":[{"cards_removed":["Defend_G"],"damage_healed":0,"gold_gain":0,"player_choice":"Offered Basic","damage_taken":0,"max_hp_gain":0,"max_hp_loss":0,"event_name":"Bonfire Elementals","floor":2,"gold_loss":0},{"cards_removed":["Strike_G"],"damage_healed":0,"gold_gain":0,"player_choice":"Card Removal","damage_taken":0,"max_hp_gain":0,"max_hp_loss":0,"event_name":"The Cleric","floor":11,"gold_loss":75},{"damage_healed":0,"gold_gain":0,"player_choice":"Searched \u00271\u0027 times","damage_taken":0,"relics_obtained":["Akabeko"],"max_hp_gain":0,"max_hp_loss":0,"event_name":"Dead Adventurer","floor":13,"gold_loss":0},{"damage_healed":0,"gold_gain":0,"player_choice":"Read","damage_taken":0,"max_hp_gain":0,"max_hp_loss":0,"event_name":"The Library","floor":19,"gold_loss":0,"cards_obtained":["Catalyst"]},{"damage_healed":0,"gold_gain":0,"player_choice":"Obtained Book","damage_taken":21,"max_hp_gain":0,"max_hp_loss":0,"event_name":"Cursed Tome","floor":20,"gold_loss":0},{"cards_removed":["Strike_G"],"damage_healed":0,"gold_gain":0,"player_choice":"Gave Gold","damage_taken":0,"max_hp_gain":0,"max_hp_loss":0,"event_name":"Beggar","floor":29,"gold_loss":75},{"damage_healed":0,"gold_gain":275,"player_choice":"Desecrate","damage_taken":0,"max_hp_gain":0,"max_hp_loss":0,"event_name":"Golden Shrine","floor":36,"gold_loss":0,"cards_obtained":["Regret"]}],"is_beta":false,"boss_relics":[{"not_picked":["Astrolabe","Black Star"],"picked":"Runic Pyramid"},{"not_picked":["Velvet Choker","Runic Dome"],"picked":"SlaversCollar"}],"items_purged_floors":[21],"is_endless":false,"potions_floor_spawned":[4,7,10,16,18,25,33,35,39,46,48,55],"ascension_level":20,"potion_discard_per_floor":[[],[],[],[],[],[],[],[],[],[],[],[],[],[],[],[],[],["AttackPotion"],[],[],[],[],[],[],[],[],[],[],[],[],[],[],["EssenceOfSteel"],[],["Energy Potion"],[],[],[],["SteroidPotion"],[],[],[],[],[],[],["AttackPotion"],[],["EssenceOfSteel"],[],[],[],[],[],[],["Ancient Potion"],[],[]]}