{"neow_bonuses_skipped_log":["TRANSFORM_CARD","THREE_SMALL_POTIONS","BOSS_RELIC"],"neow_costs_skipped_log":["NONE","NONE","NONE"],"potions_obtained_entropic_brew":[[],[],[],[],[],[],[]],"gold_per_floor":[116,135,0,12,12,12,12],"floor_reached":7,"playtime":1250,"items_purged":[],"score":82,"play_id":"82571877-375b-4aa1-a589-b118f38ba48e","local_time":"20230127183043","score_breakdown":["Floors Climbed (7): 35","Enemies Slain (3): 6","Exordium Elites Killed (0): 0","Bosses Slain (0): 0","Ascension (20): 41"],"is_ascension_mode":true,"potions_obtained_alchemize":[[],[],[],[],[],[],[]],"campfire_choices":[{"data":"Blade Dance","floor":6,"key":"SMITH"}],"lesson_learned_per_floor":[[],[],[],[],[],[],[]],"neow_cost":"TEN_PERCENT_HP_LOSS","improvable_cards":{},"seed_source_timestamp":35023992468963,"shop_contents":[{"floor":3,"relics":["Ninja Scroll","Oddly Smooth Stone","ClockworkSouvenir"],"cards":["Unload","Prepared","Dodge and Roll","Footwork","Swift Strike","Secret Technique"],"potions":["Block Potion","LiquidMemories"]}],"circlet_count":0,"master_deck":["AscendersBane","Strike_G","Strike_G","Strike_G","Strike_G","Strike_G","Defend_G","Defend_G","Defend_G","Defend_G","Defend_G","Survivor","Neutralize","Acrobatics","Die Die Die","Choke","Blade Dance+1"],"potion_use_per_floor":[[],[],[],[],[],[],["Swift Potion","Explosive Potion"]],"relics":["Ring of the Snake","Pocketwatch"],"potions_floor_usage":[7,7],"damage_taken":[{"damage":0,"enemies":"2 Louse","floor":1,"turns":3},{"damage":0,"enemies":"Jaw Worm","floor":2,"turns":6},{"damage":0,"enemies":"Cultist","floor":4,"turns":3},{"damage":72,"enemies":"Lagavulin","floor":7,"turns":9}],"seed_played":"-4430246062244050507","neow_bonus_log":{"cardsObtained":[],"cardsUpgraded":[],"cardsRemoved":[],"cardsTransformed":[],"relicsObtained":["Pocketwatch"],"maxHpGained":0,"goldGained":0,"damageTaken":0,"goldLost":0,"maxHpLost":6},"potions_obtained":[{"floor":4,"key":"Swift Potion"}],"is_trial":false,"path_per_floor":["M","M","$","M","?","R","E"],"character_chosen":"THE_SILENT","items_purchased":["Choke","Explosive Potion"],"campfire_rested":0,"item_purchase_floors":[3,3],"current_hp_per_floor":[59,59,59,59,59,59,0],"gold":12,"neow_bonus":"ONE_RARE_RELIC","is_prod":false,"is_daily":false,"rewards_skipped":[],"chose_seed":false,"campfire_upgraded":1,"win_rate":0,"floor_exit_playtime":[402,487,561,674,731,738],"timestamp":1674862243,"path_taken":["M","M","$","M","?","R","E"],"build_version":"2022-12-18","purchased_purges":0,"victory":false,"max_hp_per_floor":[60,60,60,60,60,60,60],"relic_stats":{"counters":[4,21],"obtain_stats":[{"Ring of the Snake":0,"Pocketwatch":0},{"Ring of the Snake":0,"Pocketwatch":0},{"Ring of the Snake":0,"Pocketwatch":0}],"Ring of the Snake":[8],"Pocketwatch":[45]},"card_choices":[{"not_picked":["Deflect","Dodge and Roll"],"picked":"Acrobatics","floor":1},{"not_picked":["Bouncing Flask","Endless Agony"],"picked":"Die Die Die","floor":2},{"not_picked":["Noxious Fumes","Tactician"],"picked":"Blade Dance","floor":4}],"player_experience":5106753,"relics_obtained":[],"event_choices":[{"damage_healed":0,"gold_gain":0,"player_choice":"Ignored","damage_taken":0,"max_hp_gain":0,"max_hp_loss":0,"event_name":"Liars Game","floor":5,"gold_loss":0}],"is_beta":false,"boss_relics":[],"items_purged_floors":[],"is_endless":false,"potions_floor_spawned":[4],"killed_by":"Lagavulin","ascension_level":20,"potion_discard_per_floor":[[],[],[],[],[],[],[]]}