{"neow_bonuses_skipped_log":["TRANSFORM_CARD","THREE_ENEMY_KILL","BOSS_RELIC"],"potions_obtained_entropic_brew":[[],[],[],[],[],[],[],[],[],[],[],[],[],[],[],[],[],[],[],[],[],[],[],[],[],[],[],[],[],[],[],[],[],[],[],[],[],[],[],[],[],[],[],[],[],[],[],[],[],[],[],[],[],[],[],[]],"neow_costs_skipped_log":["NONE","NONE","NONE"],"gold_per_floor":[117,42,57,76,91,91,118,13,60,89,89,89,89,89,89,163,163,173,448,1,27,44,44,79,92,92,92,102,122,153,153,153,230,230,246,246,256,274,41,76,76,104,104,117,131,150,150,76,76,76,76,76,76,26,52,52],"floor_reached":56,"playtime":7883,"items_purged":["Regret","Deadly Poison","Blade Dance"],"score":2010,"play_id":"3a00e79e-c48d-46dc-95c7-497a445a16a5","local_time":"20230126154523","score_breakdown":["Floors Climbed (56): 280","Enemies Slain (15): 30","Exordium Elites Killed (2): 20","City Elites Killed (2): 40","Beyond Elites Killed (2): 60","Bosses Slain (4): 500","Librarian: 25","Well Fed: 25","Champion (1): 25","Overkill: 25","Ascension (20): 980"],"is_ascension_mode":true,"potions_obtained_alchemize":[[],[],[],[],[],[],[],[],[],[],[],[],[],[],[],[],[],[],[],[],[],[],[],[],["Energy Potion"],[],[],[],[],[],[],[],["CunningPotion"],[],["Weak Potion"],[],["Ancient Potion"],["Weak Potion"],[],["CultistPotion"],[],["Strength Potion","Regen Potion"],[],["Block Potion"],["Swift Potion"],[],[],[],[],["Explosive Potion"],["DuplicationPotion"],[],[],[],["Energy Potion"],["Block Potion","SpeedPotion"]],"campfire_choices":[{"data":"Deadly Poison","floor":6,"key":"SMITH"},{"data":"Phantasmal Killer","floor":11,"key":"SMITH"},{"data":"Flash of Steel","floor":13,"key":"SMITH"},{"data":"Malaise","floor":15,"key":"SMITH"},{"data":"Glass Knife","floor":23,"key":"SMITH"},{"data":"Venomology","floor":27,"key":"SMITH"},{"floor":32,"key":"REST"},{"data":"Well Laid Plans","floor":41,"key":"SMITH"},{"floor":49,"key":"RECALL"},{"data":"Calculated Gamble","floor":53,"key":"SMITH"}],"lesson_learned_per_floor":[[],[],[],[],[],[],[],[],[],[],[],[],[],[],[],[],[],[],[],[],[],[],[],[],[],[],[],[],[],[],[],[],[],[],[],[],[],[],[],[],[],[],[],[],[],[],[],[],[],[],[],[],[],[],[],[]],"neow_cost":"CURSE","improvable_cards":{},"seed_source_timestamp":6553993407308,"shop_contents":[{"floor":8,"relics":["Bag of Marbles","Frozen Egg 2","Medical Kit"],"cards":["Flying Knee","Underhanded Strike","Deflect","Deadly Poison","Accuracy","Chrysalis"],"potions":["Fire Potion","LiquidBronze","Poison Potion"]},{"floor":20,"relics":["Du-Vu Doll","Cauldron"],"cards":["Finisher","Poisoned Stab","Blade Dance","Crippling Poison","Footwork","Finesse"],"potions":["SpeedPotion","LiquidMemories","GamblersBrew"]},{"floor":39,"relics":["Pear","White Beast Statue","ClockworkSouvenir"],"cards":["Skewer","Sucker Punch","Dodge and Roll+1","Concentrate+1","Secret Weapon+1"],"potions":["Regen Potion","CunningPotion","Ancient Potion"]},{"floor":48,"relics":["Tough Bandages","PreservedInsect","Chemical X"],"cards":["Sucker Punch","Burst+1","PiercingWail+1","Caltrops","Finesse+1","Transmutation+1"],"potions":["Swift Potion","DuplicationPotion","DistilledChaos"]},{"floor":54,"relics":["Bag of Preparation","Art of War","OrangePellets"],"cards":["Poisoned Stab","Sucker Punch","Dodge and Roll+1","Setup+1","Infinite Blades","Jack Of All Trades+1","Metamorphosis+1"],"potions":["DuplicationPotion","SteroidPotion","Dexterity Potion"]}],"circlet_count":0,"master_deck":["AscendersBane","Survivor","Neutralize","Malaise+1","Deadly Poison+1","Quick Slash","Underhanded Strike","Calculated Gamble+1","Flash of Steel+1","Phantasmal Killer+1","Burst","Glass Knife+1","Caltrops","Blur","Underhanded Strike","Grand Finale","Bullet Time","Malaise","Cloak And Dagger","Grand Finale","Master of Strategy","Dagger Throw","Venomology+1","Escape Plan+1","Backflip+1","Prepared","Tools of the Trade+1","CurseOfTheBell","Deflect+1","Acrobatics+1","Well Laid Plans+1","Enlightenment+1","Dash+1","Reflex+1","PiercingWail+1","PiercingWail+1","Backflip+1","Phantasmal Killer+1","Predator","Eviscerate"],"potion_use_per_floor":[[],[],[],[],[],[],["Strength Potion"],[],[],[],[],[],[],[],[],["GamblersBrew"],[],[],[],[],[],[],[],[],["AttackPotion"],[],[],[],[],[],[],[],["PowerPotion","GamblersBrew","CunningPotion"],[],[],[],["Fire Potion"],["DuplicationPotion"],[],["Weak Potion","LiquidMemories"],[],["CultistPotion"],[],["Regen Potion","Block Potion"],["CunningPotion"],[],[],[],[],["Swift Potion"],["Explosive Potion","DuplicationPotion"],[],[],[],["Swift Potion","Energy Potion"],["Explosive Potion","SpeedPotion","Block Potion"]],"relics":["Ring of the Snake","Juzu Bracelet","Akabeko","Pandora\u0027s Box","Centennial Puzzle","Red Mask","FossilizedHelix","Smiling Mask","Calling Bell","Anchor","Toxic Egg 2","Mango","Ornamental Fan","Eternal Feather","Blue Candle"],"potions_floor_usage":[7,16,25,33,33,33,37,38,40,40,42,44,44,45,50,51,51,55,55,56,56,56],"damage_taken":[{"damage":1,"enemies":"2 Louse","floor":1,"turns":4},{"damage":2,"enemies":"Jaw Worm","floor":3,"turns":4},{"damage":0,"enemies":"Cultist","floor":4,"turns":4},{"damage":0,"enemies":"Looter","floor":5,"turns":4},{"damage":27,"enemies":"Gremlin Nob","floor":7,"turns":4},{"damage":9,"enemies":"Lagavulin","floor":10,"turns":7},{"damage":1,"enemies":"Hexaghost","floor":16,"turns":9},{"damage":0,"enemies":"3 Byrds","floor":18,"turns":5},{"damage":8,"enemies":"Masked Bandits","floor":21,"turns":2},{"damage":1,"enemies":"Chosen","floor":22,"turns":3},{"damage":8,"enemies":"Book of Stabbing","floor":24,"turns":3},{"damage":0,"enemies":"Centurion and Healer","floor":25,"turns":4},{"damage":0,"enemies":"Snecko","floor":28,"turns":3},{"damage":6,"enemies":"Snake Plant","floor":29,"turns":2},{"damage":4,"enemies":"Gremlin Leader","floor":30,"turns":5},{"damage":16,"enemies":"Champ","floor":33,"turns":8},{"damage":0,"enemies":"Orb Walker","floor":35,"turns":3},{"damage":10,"enemies":"3 Darklings","floor":37,"turns":4},{"damage":6,"enemies":"Sphere and 2 Shapes","floor":38,"turns":10},{"damage":0,"enemies":"Nemesis","floor":40,"turns":9},{"damage":9,"enemies":"Reptomancer","floor":42,"turns":5},{"damage":0,"enemies":"Jaw Worm Horde","floor":44,"turns":6},{"damage":0,"enemies":"4 Shapes","floor":45,"turns":7},{"damage":3,"enemies":"Maw","floor":46,"turns":7},{"damage":7,"enemies":"Awakened One","floor":50,"turns":12},{"damage":59,"enemies":"Donu and Deca","floor":51,"turns":12},{"damage":40,"enemies":"Shield and Spear","floor":55,"turns":8},{"damage":52,"enemies":"The Heart","floor":56,"turns":6}],"green_key_taken_log":30,"seed_played":"-3934842914022873197","neow_bonus_log":{"cardsObtained":["Writhe"],"cardsUpgraded":[],"cardsRemoved":[],"cardsTransformed":[],"relicsObtained":[],"maxHpGained":0,"goldGained":0,"damageTaken":0,"goldLost":0,"maxHpLost":0},"potions_obtained":[{"floor":5,"key":"Strength Potion"},{"floor":7,"key":"GamblersBrew"},{"floor":16,"key":"Block Potion"},{"floor":18,"key":"AttackPotion"},{"floor":21,"key":"GamblersBrew"},{"floor":28,"key":"PowerPotion"},{"floor":33,"key":"Fire Potion"},{"floor":35,"key":"LiquidMemories"},{"floor":37,"key":"DuplicationPotion"},{"floor":44,"key":"CunningPotion"},{"floor":45,"key":"Swift Potion"},{"floor":55,"key":"Explosive Potion"}],"is_trial":false,"path_per_floor":["M","?","M","M","M","R","E","$","T","E","R","?","R","?","R","B",null,"M","?","$","?","M","R","E","M","T","R","M","M","E","?","R","B",null,"M","?","M","M","$","E","R","E","T","M","M","M","?","$","R","B","B",null,"R","$","E","B"],"character_chosen":"THE_SILENT","items_purchased":["Flash of Steel","Centennial Puzzle","Master of Strategy","Well Laid Plans","Enlightenment+1","Predator"],"campfire_rested":1,"item_purchase_floors":[8,20,20,39,39,48],"current_hp_per_floor":[58,58,56,56,56,56,29,29,29,20,20,20,20,25,25,24,59,59,59,59,51,50,50,42,42,42,42,42,36,32,12,34,18,76,76,76,66,60,60,60,60,51,51,66,66,63,63,63,87,80,21,73,90,90,50,0],"gold":52,"neow_bonus":"THREE_RARE_CARDS","is_prod":false,"is_daily":false,"rewards_skipped":[{"floor":7,"relics":["Bottled Flame"],"potions":[]},{"floor":22,"relics":[],"potions":["ColorlessPotion"]},{"floor":24,"relics":["Bottled Tornado"],"potions":[]}],"chose_seed":false,"campfire_upgraded":8,"win_rate":0,"floor_exit_playtime":[461,601,712,878,933,988,1113,1214,1296,1396,1416,1451,1489,1543,1550,1902,2109,2367,2378,2478,2599,2701,2737,2850,2965,2982,2988,3076,3155,3348,3367,3370,3657,3796,3859,3888,4049,4216,4330,4632,4644,4871,4889,5128,5341,5578,5605,5756,5760,6313,6897,6908,6923,7008,7441],"timestamp":1674765923,"blue_key_relic_skipped_log":{"floor":43,"relicID":"Tingsha"},"path_taken":["M","?","M","M","M","R","E","$","T","E","R","?","R","?","R","BOSS","M","?","$","?","M","R","E","M","T","R","M","M","E","?","R","BOSS","M","?","M","M","?","E","R","E","T","M","M","M","?","$","R","BOSS","BOSS","R","$","E","BOSS"],"build_version":"2022-12-18","purchased_purges":3,"victory":false,"max_hp_per_floor":[66,66,66,66,66,66,66,66,66,66,66,66,66,71,71,71,71,71,71,71,71,71,71,71,71,71,71,71,71,71,76,76,76,90,90,90,90,90,90,90,90,90,90,90,90,90,90,90,90,90,90,90,90,90,90,90],"relic_stats":{"Centennial Puzzle":[42],"counters":[28,160],"Ornamental Fan":[164],"Blue Candle":[0],"Pandora\u0027s Box":["Caltrops","Blur","Underhanded Strike","Grand Finale","Bullet Time","Malaise","Cloak And Dagger","Deadly Poison","Grand Finale"],"Eternal Feather":41,"Juzu Bracelet":2,"Smiling Mask":125,"obtain_stats":[{"Blue Candle":55,"Mango":34,"Eternal Feather":42,"Juzu Bracelet":9,"Smiling Mask":30,"Akabeko":10,"Calling Bell":34,"Centennial Puzzle":20,"Anchor":34,"Ornamental Fan":40,"Pandora\u0027s Box":17,"Red Mask":21,"Toxic Egg 2":34,"FossilizedHelix":26,"Ring of the Snake":0},{"Blue Candle":27,"Mango":16,"Eternal Feather":21,"Juzu Bracelet":5,"Smiling Mask":15,"Akabeko":6,"Calling Bell":16,"Centennial Puzzle":8,"Anchor":16,"Ornamental Fan":20,"Pandora\u0027s Box":7,"Red Mask":9,"Toxic Egg 2":16,"FossilizedHelix":12,"Ring of the Snake":0},{"Blue Candle":154,"Mango":71,"Eternal Feather":102,"Juzu Bracelet":20,"Smiling Mask":63,"Akabeko":27,"Calling Bell":71,"Centennial Puzzle":41,"Anchor":71,"Ornamental Fan":97,"Pandora\u0027s Box":36,"Red Mask":43,"Toxic Egg 2":71,"FossilizedHelix":53,"Ring of the Snake":0}],"FossilizedHelix":[231],"Ring of the Snake":[56]},"card_choices":[{"not_picked":["Unload","Envenom"],"picked":"Malaise","floor":0},{"not_picked":["Escape Plan","Sucker Punch"],"picked":"Deadly Poison","floor":1},{"not_picked":["PiercingWail","Acrobatics"],"picked":"Quick Slash","floor":3},{"not_picked":["Deflect","Cloak And Dagger"],"picked":"Underhanded Strike","floor":4},{"not_picked":["Reflex","Deflect"],"picked":"Blade Dance","floor":5},{"not_picked":["Expertise","Underhanded Strike"],"picked":"Calculated Gamble","floor":7},{"not_picked":["Cloak And Dagger","Dodge and Roll"],"picked":"Phantasmal Killer","floor":10},{"not_picked":["Phantasmal Killer","Night Terror"],"picked":"Glass Knife","floor":16},{"not_picked":["Endless Agony","All Out Attack","Flying Knee"],"picked":"SKIP","floor":18},{"not_picked":["Sucker Punch","Flying Knee","Dagger Throw"],"picked":"SKIP","floor":21},{"not_picked":["Poisoned Stab","Quick Slash"],"picked":"Dagger Throw","floor":22},{"not_picked":["Backflip","Reflex"],"picked":"Venomology","floor":24},{"not_picked":["Poisoned Stab","Cloak And Dagger+1"],"picked":"Escape Plan+1","floor":25},{"not_picked":["Deadly Poison","PiercingWail"],"picked":"Backflip+1","floor":28},{"not_picked":["Distraction","Sucker Punch"],"picked":"Prepared","floor":29},{"not_picked":["Heel Hook","Bouncing Flask","Flechettes"],"picked":"SKIP","floor":30},{"not_picked":["Grand Finale","Malaise"],"picked":"Tools of the Trade","floor":33},{"not_picked":["Underhanded Strike","Blade Dance+1"],"picked":"Deflect+1","floor":35},{"not_picked":["Infinite Blades","Dagger Spray","Slice"],"picked":"SKIP","floor":37},{"not_picked":["Predator","Prepared+1"],"picked":"Acrobatics+1","floor":38},{"not_picked":["Underhanded Strike+1","Outmaneuver+1"],"picked":"Dash+1","floor":40},{"not_picked":["Accuracy+1","Heel Hook+1"],"picked":"Reflex+1","floor":42},{"not_picked":["Endless Agony","Outmaneuver+1"],"picked":"PiercingWail+1","floor":44},{"not_picked":["Envenom","Concentrate+1"],"picked":"PiercingWail+1","floor":45},{"not_picked":["Sucker Punch","Flying Knee"],"picked":"Backflip+1","floor":46},{"not_picked":["Backflip+1","Choke"],"picked":"Eviscerate","floor":55}],"player_experience":5090898,"relics_obtained":[{"floor":9,"key":"Juzu Bracelet"},{"floor":10,"key":"Akabeko"},{"floor":21,"key":"Red Mask"},{"floor":26,"key":"FossilizedHelix"},{"floor":30,"key":"Smiling Mask"},{"floor":34,"key":"Anchor"},{"floor":34,"key":"Toxic Egg 2"},{"floor":34,"key":"Mango"},{"floor":40,"key":"Ornamental Fan"},{"floor":42,"key":"Eternal Feather"},{"floor":55,"key":"Blue Candle"}],"event_choices":[{"cards_removed":["Writhe"],"damage_healed":0,"gold_gain":0,"player_choice":"Card Removal","damage_taken":0,"max_hp_gain":0,"max_hp_loss":0,"event_name":"The Cleric","floor":2,"gold_loss":75},{"damage_healed":0,"gold_gain":0,"cards_transformed":["Strike_G"],"player_choice":"Transformed","damage_taken":0,"max_hp_gain":0,"max_hp_loss":0,"event_name":"Transmorgrifier","floor":12,"gold_loss":0,"cards_obtained":["Burst"]},{"damage_healed":0,"gold_gain":0,"player_choice":"Donut","damage_taken":0,"max_hp_gain":5,"max_hp_loss":0,"event_name":"Big Fish","floor":14,"gold_loss":0},{"damage_healed":0,"gold_gain":275,"player_choice":"Desecrate","damage_taken":0,"max_hp_gain":0,"max_hp_loss":0,"event_name":"Golden Shrine","floor":19,"gold_loss":0,"cards_obtained":["Regret"]},{"damage_healed":0,"gold_gain":0,"player_choice":"Fought Bandits","damage_taken":0,"max_hp_gain":0,"max_hp_loss":0,"event_name":"Masked Bandits","floor":21,"gold_loss":0},{"damage_healed":0,"gold_gain":0,"player_choice":"Shed Blood","damage_taken":25,"max_hp_gain":5,"max_hp_loss":0,"event_name":"Forgotten Altar","floor":31,"gold_loss":0},{"damage_healed":0,"gold_gain":0,"player_choice":"Forge","damage_taken":0,"max_hp_gain":0,"max_hp_loss":0,"event_name":"Accursed Blacksmith","floor":36,"gold_loss":0,"cards_upgraded":["Tools of the Trade"]},{"damage_healed":0,"gold_gain":0,"player_choice":"1 cards matched","damage_taken":0,"max_hp_gain":0,"max_hp_loss":0,"event_name":"Match and Keep!","floor":47,"gold_loss":0,"cards_obtained":["Phantasmal Killer"]}],"is_beta":false,"boss_relics":[{"not_picked":["Cursed Key","Ectoplasm"],"picked":"Pandora\u0027s Box"},{"not_picked":["Sozu","Velvet Choker"],"picked":"Calling Bell"}],"items_purged_floors":[20,39,54],"is_endless":false,"potions_floor_spawned":[5,7,16,18,21,22,28,33,35,37,44,45,55],"killed_by":"The Heart","ascension_level":20,"potion_discard_per_floor":[[],[],[],[],[],[],[],[],[],[],[],[],[],[],[],[],[],[],[],[],["Block Potion"],[],[],[],[],[],[],["Energy Potion"],[],[],[],[],[],[],["Weak Potion"],[],["Ancient Potion"],[],[],[],[],[],[],[],["Strength Potion"],[],[],[],[],[],[],[],[],[],[],[]]}