{"neow_bonuses_skipped_log":["THREE_ENEMY_KILL","REMOVE_TWO","BOSS_RELIC"],"potions_obtained_entropic_brew":[[],[],[],[],[],[],[],[],[],[],[],[],[],[],[],[],[],[],[],[],[],[],[],[],[],[],[],[],[],[],[],[],[],[],[],[],[],[],[],[],[],[],[],[],[],[],[]],"neow_costs_skipped_log":["NONE","PERCENT_DAMAGE","NONE"],"gold_per_floor":[111,127,144,157,176,176,192,217,240,275,292,292,303,321,321,398,398,412,362,378,30,47,73,73,86,111,111,111,52,85,85,85,159,159,178,190,203,251,1250,1250,662,695,695,706,316,335,335],"floor_reached":47,"playtime":7808,"items_purged":["Strike_G","Strike_G+1","Strike_G+1"],"score":1247,"play_id":"9a7cf8ab-94ce-4ccb-8d71-679d4456bb63","local_time":"20230120173540","score_breakdown":["Floors Climbed (47): 235","Enemies Slain (18): 36","Exordium Elites Killed (2): 20","City Elites Killed (2): 40","Beyond Elites Killed (1): 30","Bosses Slain (2): 150","Money Money (1691): 25","Collector (1): 25","Librarian: 25","Champion (2): 50","C-c-c-combo: 25","Ascension (20): 586"],"is_ascension_mode":true,"potions_obtained_alchemize":[[],[],[],[],[],[],[],[],[],[],[],[],[],[],[],[],[],[],[],[],[],[],[],[],[],[],[],[],[],[],[],[],[],[],[],[],[],[],[],[],[],[],[],[],[],[],[]],"campfire_choices":[{"data":"Predator","floor":6,"key":"SMITH"},{"data":"Blade Dance","floor":12,"key":"SMITH"},{"data":"Prepared","floor":15,"key":"SMITH"},{"data":"Well Laid Plans","floor":24,"key":"SMITH"},{"data":"Prepared","floor":27,"key":"SMITH"},{"data":"Tactician","floor":32,"key":"SMITH"},{"data":"Calculated Gamble","floor":40,"key":"SMITH"}],"lesson_learned_per_floor":[[],[],[],[],[],[],[],[],[],[],[],[],[],[],[],[],[],[],[],[],[],[],[],[],[],[],[],[],[],[],[],[],[],[],[],[],[],[],[],[],[],[],[],[],[],[],[]],"neow_cost":"NONE","improvable_cards":{},"seed_source_timestamp":10801661485921,"shop_contents":[{"floor":21,"relics":["Pen Nib","HandDrill"],"cards":["All Out Attack","Eviscerate","Distraction","Tactician","Infinite Blades","The Bomb"],"potions":["Block Potion","Block Potion","Fire Potion"]},{"floor":29,"relics":["Blue Candle","Anchor","Chemical X"],"cards":["Flying Knee","Dagger Spray","Burst","Noxious Fumes+1","PanicButton","Violence"],"potions":["Fire Potion","AttackPotion","AttackPotion"]},{"floor":41,"relics":[],"cards":["Flechettes","Grand Finale","Bouncing Flask","Infinite Blades+1","Enlightenment","Mayhem+1"],"potions":["Energy Potion"]},{"floor":45,"relics":["Akabeko"],"cards":["Glass Knife","Skewer","Jack Of All Trades","Sadistic Nature+1"],"potions":["AttackPotion","CunningPotion","DistilledChaos"]}],"circlet_count":0,"master_deck":["AscendersBane","Strike_G+1","Strike_G+1","Defend_G+1","Defend_G+1","Defend_G+1","Defend_G+1","Defend_G+1","Survivor","Neutralize","Eviscerate","Quick Slash","Calculated Gamble+1","Slice","Predator+1","Deflect","Calculated Gamble","Grand Finale","Dagger Spray","Blade Dance+1","Footwork","Prepared+1","Tactician+1","Backflip","Adrenaline","Acrobatics","Doppelganger","Backstab","Dark Shackles","Well Laid Plans+1","Prepared+1","Acrobatics","PiercingWail","Malaise","Reflex","Outmaneuver+1","Escape Plan","Expertise+1","Footwork+1","Burst","Adrenaline","Acrobatics+1","Acrobatics","Backflip","Reflex","Noxious Fumes+1","PiercingWail"],"potion_use_per_floor":[[],[],[],[],[],[],[],["DistilledChaos"],[],["Fruit Juice"],[],[],[],["Regen Potion"],[],[],[],[],[],[],[],[],["GamblersBrew"],[],[],[],[],[],[],[],[],[],["PowerPotion"],[],[],[],[],["ColorlessPotion","Strength Potion"],[],[],["Fruit Juice"],["FearPotion"],[],[],[],[],["SteroidPotion"]],"relics":["Ring of the Snake","Dream Catcher","Boot","Prayer Wheel","Coffee Dripper","PreservedInsect","Centennial Puzzle","Art of War","Frozen Egg 2","Omamori","HoveringKite","CaptainsWheel","Membership Card","Mummified Hand","Paper Crane","Mercury Hourglass","Ice Cream","DollysMirror"],"potions_floor_usage":[8,10,14,23,33,38,38,41,42,47],"damage_taken":[{"damage":0,"enemies":"Cultist","floor":1,"turns":3},{"damage":0,"enemies":"Small Slimes","floor":2,"turns":4},{"damage":0,"enemies":"2 Louse","floor":3,"turns":3},{"damage":0,"enemies":"Blue Slaver","floor":4,"turns":5},{"damage":8,"enemies":"Lots of Slimes","floor":5,"turns":5},{"damage":1,"enemies":"Large Slime","floor":7,"turns":4},{"damage":11,"enemies":"3 Sentries","floor":8,"turns":9},{"damage":11,"enemies":"Gremlin Nob","floor":10,"turns":3},{"damage":0,"enemies":"2 Fungi Beasts","floor":11,"turns":3},{"damage":0,"enemies":"Looter","floor":13,"turns":2},{"damage":0,"enemies":"Blue Slaver","floor":14,"turns":3},{"damage":25,"enemies":"The Guardian","floor":16,"turns":17},{"damage":1,"enemies":"Spheric Guardian","floor":18,"turns":3},{"damage":0,"enemies":"3 Byrds","floor":20,"turns":3},{"damage":21,"enemies":"Shelled Parasite and Fungi","floor":22,"turns":3},{"damage":10,"enemies":"Slavers","floor":23,"turns":4},{"damage":6,"enemies":"Snecko","floor":25,"turns":7},{"damage":0,"enemies":"Gremlin Leader","floor":30,"turns":3},{"damage":16,"enemies":"Automaton","floor":33,"turns":10},{"damage":0,"enemies":"Orb Walker","floor":35,"turns":3},{"damage":0,"enemies":"3 Shapes","floor":36,"turns":5},{"damage":20,"enemies":"Writhing Mass","floor":37,"turns":8},{"damage":26,"enemies":"2 Orb Walkers","floor":38,"turns":5},{"damage":0,"enemies":"Nemesis","floor":42,"turns":6},{"damage":0,"enemies":"Jaw Worm Horde","floor":44,"turns":3},{"damage":0,"enemies":"Spire Growth","floor":46,"turns":3},{"damage":21,"enemies":"Reptomancer","floor":47,"turns":2}],"green_key_taken_log":42,"seed_played":"2469190960557737666","neow_bonus_log":{"cardsObtained":[],"cardsUpgraded":[],"cardsRemoved":[],"cardsTransformed":[],"relicsObtained":[],"maxHpGained":0,"goldGained":0,"damageTaken":0,"goldLost":0,"maxHpLost":0},"potions_obtained":[{"floor":1,"key":"DistilledChaos"},{"floor":3,"key":"GamblersBrew"},{"floor":8,"key":"Fruit Juice"},{"floor":10,"key":"Regen Potion"},{"floor":20,"key":"PowerPotion"},{"floor":25,"key":"Weak Potion"},{"floor":36,"key":"Strength Potion"},{"floor":37,"key":"ColorlessPotion"},{"floor":38,"key":"Fruit Juice"}],"is_trial":false,"path_per_floor":["M","M","M","M","M","R","M","E","T","E","M","R","M","M","R","B",null,"M","?","M","$","M","E","R","M","T","R","T","$","E","?","R","B",null,"M","M","M","?","?","R","$","E","T","M","$","M","E"],"character_chosen":"THE_SILENT","items_purchased":["PreservedInsect","Dark Shackles","Acrobatics","Membership Card","Mummified Hand","Paper Crane","Burst","SteroidPotion","FearPotion","Acrobatics","Backflip","Ice Cream","DollysMirror","Noxious Fumes+1"],"campfire_rested":0,"item_purchase_floors":[21,21,29,41,41,41,41,41,41,45,45,45,45,45],"current_hp_per_floor":[59,59,59,59,51,51,50,39,39,33,33,33,33,42,42,17,58,57,57,57,57,36,26,26,20,20,20,20,20,20,20,20,4,54,54,54,34,8,8,8,13,13,13,13,13,13,0],"gold":335,"neow_bonus":"THREE_CARDS","is_prod":false,"is_daily":false,"rewards_skipped":[{"floor":4,"relics":[],"potions":["AttackPotion"]},{"floor":13,"relics":[],"potions":["AttackPotion"]},{"floor":30,"relics":[],"potions":["SpeedPotion"]}],"chose_seed":false,"campfire_upgraded":7,"win_rate":0,"floor_exit_playtime":[264,330,380,464,692,699,791,961,997,1100,1158,1184,1236,1297,1331,1894,1993,2140,2162,2249,2297,2448,2711,2728,3166,3170,3178,3182,3262,3487,3496,3556,4864,5023,5185,5365,5624,6055,6174,6182,6285,6608,6627,6761,7279,7448],"timestamp":1674254140,"blue_key_relic_skipped_log":{"floor":43,"relicID":"Gambling Chip"},"path_taken":["M","?","M","?","M","R","M","E","T","E","M","R","M","M","R","BOSS","M","?","M","$","M","E","R","?","T","R","?","$","E","?","R","BOSS","M","M","M","?","?","R","?","E","T","M","$","M","E"],"build_version":"2022-12-18","purchased_purges":3,"victory":false,"max_hp_per_floor":[66,66,66,66,66,66,66,66,66,71,71,71,71,71,71,71,71,71,71,71,71,71,71,71,71,71,71,71,71,71,71,71,71,71,71,71,71,71,71,71,76,76,76,76,76,76,76],"relic_stats":{"Ice Cream":[1],"counters":[27,129],"HoveringKite":[28],"PreservedInsect":199,"Omamori":2,"Boot":[242],"Mercury Hourglass":[27],"Dream Catcher":0,"Centennial Puzzle":[15],"Mummified Hand":[9],"Prayer Wheel":12,"Art of War":[3],"Membership Card":807,"obtain_stats":[{"Ice Cream":45,"HoveringKite":34,"PreservedInsect":21,"Omamori":30,"Frozen Egg 2":28,"Paper Crane":41,"Boot":9,"Mercury Hourglass":42,"Dream Catcher":8,"Centennial Puzzle":23,"CaptainsWheel":38,"Mummified Hand":41,"DollysMirror":45,"Prayer Wheel":10,"Coffee Dripper":17,"Art of War":26,"Membership Card":41,"Ring of the Snake":0},{"Ice Cream":25,"HoveringKite":19,"PreservedInsect":14,"Omamori":18,"Frozen Egg 2":17,"Paper Crane":23,"Boot":7,"Mercury Hourglass":24,"Dream Catcher":7,"Centennial Puzzle":16,"CaptainsWheel":23,"Mummified Hand":23,"DollysMirror":25,"Prayer Wheel":8,"Coffee Dripper":12,"Art of War":17,"Membership Card":23,"Ring of the Snake":0},{"Ice Cream":124,"HoveringKite":94,"PreservedInsect":67,"Omamori":84,"Frozen Egg 2":81,"Paper Crane":115,"Boot":33,"Mercury Hourglass":121,"Dream Catcher":33,"Centennial Puzzle":74,"CaptainsWheel":115,"Mummified Hand":115,"DollysMirror":124,"Prayer Wheel":36,"Coffee Dripper":61,"Art of War":81,"Membership Card":115,"Ring of the Snake":0}],"Ring of the Snake":[54]},"card_choices":[{"not_picked":["Flying Knee","Outmaneuver"],"picked":"Eviscerate","floor":0},{"not_picked":["Caltrops","Concentrate"],"picked":"Quick Slash","floor":1},{"not_picked":["Backflip","Sucker Punch"],"picked":"Calculated Gamble","floor":2},{"not_picked":["Dodge and Roll","Flechettes"],"picked":"Slice","floor":3},{"not_picked":["Infinite Blades","Bane","Quick Slash"],"picked":"SKIP","floor":4},{"not_picked":["Infinite Blades","Bane","Quick Slash"],"picked":"SKIP","floor":4},{"not_picked":["All Out Attack","Acrobatics"],"picked":"Predator","floor":5},{"not_picked":["Sucker Punch","Eviscerate"],"picked":"Deflect","floor":7},{"not_picked":["Dash","Reflex"],"picked":"Calculated Gamble","floor":8},{"not_picked":["Doppelganger","Noxious Fumes"],"picked":"Grand Finale","floor":10},{"not_picked":["Distraction","Dodge and Roll"],"picked":"Dagger Spray","floor":11},{"not_picked":["Concentrate","Finisher"],"picked":"Blade Dance","floor":11},{"not_picked":["Distraction","Poisoned Stab"],"picked":"Footwork","floor":13},{"not_picked":["Cloak And Dagger","Envenom"],"picked":"Prepared","floor":13},{"not_picked":["Slice","Quick Slash"],"picked":"Tactician","floor":14},{"not_picked":["Dodge and Roll","Dagger Throw"],"picked":"Backflip","floor":14},{"not_picked":["A Thousand Cuts","Corpse Explosion"],"picked":"Adrenaline","floor":16},{"not_picked":["Underhanded Strike+1","Deadly Poison"],"picked":"Acrobatics","floor":18},{"not_picked":["Slice+1","Deflect","Prepared"],"picked":"SKIP","floor":18},{"not_picked":["Blade Dance","Quick Slash"],"picked":"Doppelganger","floor":20},{"not_picked":["Dodge and Roll","Quick Slash"],"picked":"Backstab","floor":20},{"not_picked":["Heel Hook","Tactician"],"picked":"Well Laid Plans","floor":22},{"not_picked":["Infinite Blades","Blade Dance","Sucker Punch+1"],"picked":"SKIP","floor":22},{"not_picked":["Heel Hook","Infinite Blades","Slice"],"picked":"SKIP","floor":23},{"not_picked":["Heel Hook","Infinite Blades","Slice"],"picked":"SKIP","floor":23},{"not_picked":["Slice","Blade Dance"],"picked":"Prepared","floor":25},{"not_picked":["Flying Knee","Dagger Throw","Bane"],"picked":"SKIP","floor":25},{"not_picked":["Footwork+1","Prepared"],"picked":"PiercingWail","floor":30},{"not_picked":["A Thousand Cuts+1","Envenom+1"],"picked":"Malaise","floor":33},{"not_picked":["Blade Dance","Deadly Poison+1"],"picked":"Reflex","floor":35},{"not_picked":["Sucker Punch","Dagger Spray","Outmaneuver+1"],"picked":"SKIP","floor":35},{"not_picked":["Sucker Punch","Dagger Spray"],"picked":"Outmaneuver+1","floor":35},{"not_picked":["Deadly Poison","Bane"],"picked":"Escape Plan","floor":36},{"not_picked":["Setup","Poisoned Stab","Bouncing Flask"],"picked":"SKIP","floor":36},{"not_picked":["Setup","Poisoned Stab","Bouncing Flask"],"picked":"SKIP","floor":36},{"not_picked":["Cloak And Dagger","Sucker Punch"],"picked":"Expertise+1","floor":37},{"not_picked":["Cloak And Dagger","Backstab+1","Finisher"],"picked":"SKIP","floor":37},{"not_picked":["Deflect","Masterful Stab"],"picked":"Footwork+1","floor":38},{"not_picked":["Crippling Poison","Poisoned Stab"],"picked":"Adrenaline","floor":42},{"not_picked":["Deadly Poison","Deflect"],"picked":"Acrobatics+1","floor":44},{"not_picked":["Dagger Throw","Blade Dance","Accuracy+1"],"picked":"SKIP","floor":44},{"not_picked":["Dagger Throw","Blade Dance","Accuracy+1"],"picked":"SKIP","floor":44},{"not_picked":["Outmaneuver","Deflect"],"picked":"PiercingWail","floor":46},{"not_picked":["Prepared","Concentrate","Flechettes"],"picked":"SKIP","floor":46},{"not_picked":["Prepared","Concentrate","Flechettes"],"picked":"SKIP","floor":46}],"player_experience":5034515,"relics_obtained":[{"floor":8,"key":"Dream Catcher"},{"floor":9,"key":"Boot"},{"floor":10,"key":"Prayer Wheel"},{"floor":23,"key":"Centennial Puzzle"},{"floor":26,"key":"Art of War"},{"floor":28,"key":"Frozen Egg 2"},{"floor":30,"key":"Omamori"},{"floor":38,"key":"CaptainsWheel"},{"floor":42,"key":"Mercury Hourglass"}],"event_choices":[{"damage_healed":0,"gold_gain":0,"player_choice":"Bet on Owner","damage_taken":0,"max_hp_gain":0,"max_hp_loss":0,"event_name":"The Joust","floor":19,"gold_loss":50},{"damage_healed":0,"gold_gain":0,"player_choice":"Simplicity","damage_taken":0,"max_hp_gain":0,"max_hp_loss":0,"event_name":"Back to Basics","floor":31,"gold_loss":0,"cards_upgraded":["Strike_G","Strike_G","Strike_G","Strike_G","Defend_G","Defend_G","Defend_G","Defend_G","Defend_G"]},{"damage_healed":0,"gold_gain":0,"player_choice":"Fight","damage_taken":0,"max_hp_gain":0,"max_hp_loss":0,"event_name":"Mysterious Sphere","floor":38,"gold_loss":0},{"damage_healed":0,"gold_gain":999,"player_choice":"Gold","damage_taken":0,"max_hp_gain":0,"max_hp_loss":0,"event_name":"MindBloom","floor":39,"gold_loss":0,"cards_obtained":["Normality","Normality"]}],"is_beta":false,"boss_relics":[{"not_picked":["Ectoplasm","Velvet Choker"],"picked":"Coffee Dripper"},{"not_picked":["Astrolabe","Busted Crown"],"picked":"HoveringKite"}],"items_purged_floors":[21,41,45],"is_endless":false,"potions_floor_spawned":[1,3,4,8,10,13,20,25,30,36,37,38],"killed_by":"Reptomancer","ascension_level":20,"potion_discard_per_floor":[[],[],[],[],[],[],[],[],[],[],[],[],[],[],[],[],[],[],[],[],[],[],[],[],[],[],[],[],[],[],[],[],[],[],[],[],["Weak Potion"],[],[],[],[],[],[],[],[],[],[]]}