{"neow_bonuses_skipped_log":["RANDOM_COLORLESS","HUNDRED_GOLD","BOSS_RELIC"],"potions_obtained_entropic_brew":[[],[],[],[],[],[],[],[],[],[],[],[],[],[],[],[],[],[],[],[],[],[],[],[],[],[],[],[],[],[],[],[],[],[],[],[],[],[],[],[],[],[],[],[],[],[],[],[],[],[],["DuplicationPotion","FearPotion"],[],[],[],[],[],[]],"neow_costs_skipped_log":["NONE","NONE","NONE"],"gold_per_floor":[110,110,185,203,220,220,231,266,336,36,36,36,70,70,70,147,147,161,177,177,67,78,104,104,131,131,131,76,106,106,122,122,194,194,217,240,252,276,288,333,345,357,369,381,718,745,789,250,250,250,250,250,250,11,36,36],"floor_reached":57,"playtime":5961,"items_purged":["Regret","Grand Finale"],"score":3233,"play_id":"9964b5f2-1e3d-4854-8497-148c9e4e586a","local_time":"20230130203056","falling_options_log":["Calculated Gamble","Tools of the Trade"],"score_breakdown":["Floors Climbed (57): 285","Enemies Slain (12): 24","Exordium Elites Killed (2): 20","City Elites Killed (3): 60","Beyond Elites Killed (3): 90","Bosses Slain (5): 750","Money Money (1272): 25","Champion (5): 125","Perfect (2): 100","Overkill: 25","Ascension (20): 1479","Heartbreaker: 250"],"is_ascension_mode":true,"potions_obtained_alchemize":[[],[],[],[],[],[],[],[],[],[],[],[],[],[],[],[],[],[],[],[],[],[],[],[],[],[],[],[],[],[],[],[],[],[],[],[],[],[],[],[],[],[],[],[],[],[],[],[],[],[],[],[],[],[],[],[],[]],"campfire_choices":[{"data":"Dash","floor":6,"key":"SMITH"},{"data":"Phantasmal Killer","floor":12,"key":"SMITH"},{"data":"Crippling Poison","floor":15,"key":"SMITH"},{"data":"Tools of the Trade","floor":24,"key":"SMITH"},{"data":"Well Laid Plans","floor":30,"key":"SMITH"},{"data":"Bullet Time","floor":32,"key":"SMITH"},{"data":"Calculated Gamble","floor":41,"key":"SMITH"},{"data":"Tools of the Trade","floor":44,"key":"SMITH"},{"floor":49,"key":"RECALL"},{"data":"Wraith Form v2","floor":53,"key":"SMITH"}],"lesson_learned_per_floor":[[],[],[],[],[],[],[],[],[],[],[],[],[],[],[],[],[],[],[],[],[],[],[],[],[],[],[],[],[],[],[],[],[],[],[],[],[],[],[],[],[],[],[],[],[],[],[],[],[],[],[],[],[],[],[],[],[]],"neow_cost":"TEN_PERCENT_HP_LOSS","improvable_cards":{},"seed_source_timestamp":16682094152688,"shop_contents":[{"floor":10,"relics":["HornCleat","Mercury Hourglass","HandDrill"],"cards":["Underhanded Strike","PiercingWail","Noxious Fumes","Madness","Magnetism"],"potions":["AttackPotion","GhostInAJar"]},{"floor":28,"relics":["Ginger","CaptainsWheel","Cauldron"],"cards":["Flying Knee","Endless Agony","Acrobatics","Deadly Poison","Noxious Fumes","Swift Strike","Violence"],"potions":["LiquidMemories","DistilledChaos"]},{"floor":48,"relics":["InkBottle"],"cards":["Choke","Sucker Punch","Terror","Footwork","Thinking Ahead"],"potions":["Poison Potion","Strength Potion","Poison Potion"]},{"floor":54,"relics":["Ninja Scroll","Pantograph"],"cards":["Poisoned Stab","Glass Knife","Noxious Fumes","Blind","Magnetism"],"potions":["Weak Potion","Poison Potion","AttackPotion"]}],"circlet_count":0,"master_deck":["AscendersBane","Survivor+1","Sucker Punch","Dash+1","Backflip","Crippling Poison+1","Blade Dance","Phantasmal Killer+1","Predator","Tools of the Trade+1","Infinite Blades","PiercingWail","Dodge and Roll","Tools of the Trade+1","Acrobatics","Underhanded Strike","PiercingWail+1","Well Laid Plans+1","Acrobatics","Bullet Time+1","Leg Sweep+1","Prepared","Calculated Gamble+1","Terror","Wraith Form v2+1","Blur","Dark Shackles","Backflip","PiercingWail","Backflip"],"potion_use_per_floor":[[],[],[],[],[],[],["DuplicationPotion"],["BlessingOfTheForge"],[],[],[],[],[],[],[],["BlessingOfTheForge"],[],[],[],[],[],[],["CultistPotion"],[],[],[],[],[],["Strength Potion"],[],["Energy Potion"],[],["CultistPotion"],[],[],[],[],[],[],[],[],[],[],[],[],[],[],[],[],[],["Energy Potion","EntropicBrew"],[],[],[],[],["DuplicationPotion","Swift Potion"],[]],"relics":["Ring of the Snake","Thread and Needle","Omamori","Ornamental Fan","FossilizedHelix","Pandora\u0027s Box","Letter Opener","Eternal Feather","White Beast Statue","Tough Bandages","Calling Bell","MawBank","Paper Crane","Dead Branch","Unceasing Top","Strawberry","Kunai","Old Coin","Tingsha","Toolbox","Bronze Scales","Medical Kit","Art of War"],"potions_floor_usage":[7,8,16,23,29,31,33,51,51,56,56],"damage_taken":[{"damage":4,"enemies":"Cultist","floor":1,"turns":5},{"damage":1,"enemies":"Jaw Worm","floor":4,"turns":6},{"damage":0,"enemies":"Small Slimes","floor":5,"turns":3},{"damage":3,"enemies":"Gremlin Gang","floor":7,"turns":7},{"damage":11,"enemies":"Gremlin Nob","floor":8,"turns":5},{"damage":11,"enemies":"Lagavulin","floor":13,"turns":7},{"damage":0,"enemies":"Hexaghost","floor":16,"turns":8},{"damage":0,"enemies":"2 Thieves","floor":18,"turns":4},{"damage":0,"enemies":"Chosen","floor":19,"turns":5},{"damage":0,"enemies":"Centurion and Healer","floor":22,"turns":7},{"damage":0,"enemies":"Book of Stabbing","floor":23,"turns":5},{"damage":4,"enemies":"Gremlin Leader","floor":25,"turns":7},{"damage":6,"enemies":"Book of Stabbing","floor":29,"turns":4},{"damage":0,"enemies":"Snake Plant","floor":31,"turns":4},{"damage":0,"enemies":"Champ","floor":33,"turns":8},{"damage":0,"enemies":"Orb Walker","floor":35,"turns":4},{"damage":0,"enemies":"3 Darklings","floor":36,"turns":4},{"damage":0,"enemies":"Jaw Worm Horde","floor":38,"turns":4},{"damage":0,"enemies":"Giant Head","floor":40,"turns":6},{"damage":0,"enemies":"Nemesis","floor":45,"turns":5},{"damage":0,"enemies":"Writhing Mass","floor":46,"turns":7},{"damage":0,"enemies":"Reptomancer","floor":47,"turns":6},{"damage":1,"enemies":"Time Eater","floor":50,"turns":10},{"damage":2,"enemies":"Awakened One","floor":51,"turns":13},{"damage":0,"enemies":"Shield and Spear","floor":55,"turns":5},{"damage":40,"enemies":"The Heart","floor":56,"turns":10}],"green_key_taken_log":40,"seed_played":"-7904372845640991202","neow_bonus_log":{"cardsObtained":[],"cardsUpgraded":[],"cardsRemoved":["Defend_G","Strike_G"],"cardsTransformed":[],"relicsObtained":[],"maxHpGained":0,"goldGained":0,"damageTaken":0,"goldLost":0,"maxHpLost":6},"potions_obtained":[{"floor":1,"key":"BlessingOfTheForge"},{"floor":5,"key":"DuplicationPotion"},{"floor":18,"key":"CultistPotion"},{"floor":22,"key":"CultistPotion"},{"floor":29,"key":"Energy Potion"},{"floor":31,"key":"Fire Potion"},{"floor":33,"key":"SpeedPotion"},{"floor":35,"key":"EntropicBrew"},{"floor":38,"key":"Energy Potion"},{"floor":55,"key":"Swift Potion"}],"is_trial":false,"path_per_floor":["M","?","?","M","M","R","M","E","T","$","?","R","E","?","R","B",null,"M","M","?","?","M","E","R","E","T","?","$","E","R","M","R","B",null,"M","M","?","M","?","E","R","?","T","R","E","M","E","$","R","B","B",null,"R","$","E","B",null],"character_chosen":"THE_SILENT","items_purchased":["Phantasmal Killer","Predator","BlessingOfTheForge","Strength Potion","Dark Shackles","Toolbox","Bronze Scales","Backflip","PiercingWail","Medical Kit","Backflip"],"campfire_rested":0,"item_purchase_floors":[10,10,10,28,48,48,48,48,54,54,54],"current_hp_per_floor":[55,55,44,43,43,43,40,29,29,29,29,29,18,18,18,18,50,50,50,50,50,50,50,60,56,56,56,56,50,60,60,60,60,60,60,60,60,60,60,60,60,67,67,67,67,67,67,67,67,66,64,66,67,67,67,27],"gold":36,"neow_bonus":"REMOVE_TWO","is_prod":false,"is_daily":false,"rewards_skipped":[{"floor":36,"relics":[],"potions":["Weak Potion"]},{"floor":40,"relics":[],"potions":["EssenceOfSteel"]},{"floor":45,"relics":[],"potions":["ColorlessPotion"]},{"floor":46,"relics":[],"potions":["Weak Potion"]},{"floor":47,"relics":[],"potions":["BlessingOfTheForge"]}],"chose_seed":false,"campfire_upgraded":9,"win_rate":0,"floor_exit_playtime":[166,212,239,289,389,409,563,636,644,745,759,764,886,933,941,1109,1178,1329,1432,1442,1473,1618,1769,1781,2124,2127,2175,2238,2436,2442,2536,2542,2870,2912,3006,3152,3154,3255,3279,3505,3521,3529,3533,3553,3747,3978,4188,4235,4238,4623,5089,5100,5113,5242,5493,5961],"timestamp":1675128656,"blue_key_relic_skipped_log":{"floor":26,"relicID":"The Specimen"},"path_taken":["M","?","?","M","M","R","M","E","T","$","?","R","E","?","R","BOSS","M","?","?","?","?","E","R","E","T","?","?","E","R","M","R","BOSS","M","M","?","M","?","E","R","?","T","R","E","M","E","$","R","BOSS","BOSS","R","$","E","BOSS"],"build_version":"2022-12-18","purchased_purges":2,"victory":true,"max_hp_per_floor":[60,60,60,60,60,60,60,60,60,60,60,60,60,60,60,60,60,60,60,60,60,60,60,60,60,60,60,60,60,60,60,60,60,60,60,60,60,60,60,60,60,67,67,67,67,67,67,67,67,67,67,67,67,67,67,67],"relic_stats":{"counters":[26,159],"Dead Branch":[156],"Eternal Feather":21,"Tingsha":[393],"Omamori":2,"Letter Opener":[371],"MawBank":168,"Medical Kit":[8],"White Beast Statue":[0.0,0.0,0.0,0.4,0.0,0.6000000000000001,0.0,0.0,0.0,0.0,0.0,5.004857600000001],"Tough Bandages":[828],"Ornamental Fan":[316],"Bronze Scales":[285],"Pandora\u0027s Box":["Infinite Blades","PiercingWail","Dodge and Roll","Tools of the Trade","Acrobatics","Riddle With Holes","Dagger Throw"],"Art of War":[1],"Kunai":[30],"obtain_stats":[{"Dead Branch":34,"Thread and Needle":2,"Eternal Feather":23,"Tingsha":47,"Omamori":8,"Letter Opener":20,"Paper Crane":34,"MawBank":34,"Medical Kit":54,"White Beast Statue":25,"Old Coin":45,"Calling Bell":34,"Tough Bandages":29,"Ornamental Fan":9,"Strawberry":42,"Bronze Scales":48,"Toolbox":48,"Pandora\u0027s Box":17,"Art of War":55,"Kunai":43,"FossilizedHelix":13,"Unceasing Top":40,"Ring of the Snake":0},{"Dead Branch":15,"Thread and Needle":1,"Eternal Feather":11,"Tingsha":22,"Omamori":5,"Letter Opener":9,"Paper Crane":15,"MawBank":15,"Medical Kit":24,"White Beast Statue":12,"Old Coin":20,"Calling Bell":15,"Tough Bandages":13,"Ornamental Fan":5,"Strawberry":19,"Bronze Scales":22,"Toolbox":22,"Pandora\u0027s Box":7,"Art of War":25,"Kunai":19,"FossilizedHelix":6,"Unceasing Top":19,"Ring of the Snake":0},{"Dead Branch":85,"Thread and Needle":5,"Eternal Feather":62,"Tingsha":121,"Omamori":26,"Letter Opener":50,"Paper Crane":85,"MawBank":85,"Medical Kit":144,"White Beast Statue":69,"Old Coin":108,"Calling Bell":85,"Tough Bandages":73,"Ornamental Fan":26,"Strawberry":103,"Bronze Scales":121,"Toolbox":121,"Pandora\u0027s Box":41,"Art of War":149,"Kunai":103,"FossilizedHelix":33,"Unceasing Top":103,"Ring of the Snake":0}],"FossilizedHelix":[107],"Unceasing Top":[0],"Ring of the Snake":[52]},"card_choices":[{"not_picked":["Distraction","Accuracy"],"picked":"Sucker Punch","floor":1},{"not_picked":["Flying Knee","Prepared"],"picked":"Dash","floor":4},{"not_picked":["Slice","Sucker Punch"],"picked":"Backflip","floor":5},{"not_picked":["Dagger Throw","Acrobatics"],"picked":"Crippling Poison","floor":7},{"not_picked":["Endless Agony","Deflect"],"picked":"Blade Dance","floor":8},{"not_picked":["Concentrate","Eviscerate","Bane"],"picked":"SKIP","floor":13},{"not_picked":["Doppelganger","Storm of Steel"],"picked":"Tools of the Trade","floor":16},{"not_picked":["Footwork","Cloak And Dagger","Caltrops"],"picked":"SKIP","floor":18},{"not_picked":["Footwork","Cloak And Dagger","Caltrops"],"picked":"SKIP","floor":18},{"not_picked":["Footwork","Cloak And Dagger","Caltrops"],"picked":"SKIP","floor":18},{"not_picked":["Skewer","Dagger Throw"],"picked":"Underhanded Strike","floor":19},{"not_picked":["Infinite Blades","Masterful Stab+1"],"picked":"PiercingWail+1","floor":22},{"not_picked":["PiercingWail","Calculated Gamble"],"picked":"Well Laid Plans","floor":23},{"not_picked":["Quick Slash","Outmaneuver"],"picked":"Acrobatics","floor":25},{"not_picked":["Slice","Cloak And Dagger+1"],"picked":"Bullet Time","floor":29},{"not_picked":["Backflip","Cloak And Dagger"],"picked":"Leg Sweep+1","floor":31},{"not_picked":["Doppelganger","Unload"],"picked":"Grand Finale","floor":33},{"not_picked":["Bane","Backflip"],"picked":"Prepared","floor":35},{"not_picked":["Burst","Acrobatics"],"picked":"Calculated Gamble","floor":36},{"not_picked":["Poisoned Stab+1","Quick Slash","Deadly Poison"],"picked":"SKIP","floor":38},{"not_picked":["Dagger Throw+1","Dagger Spray"],"picked":"Terror","floor":40},{"not_picked":["Backflip","Poisoned Stab"],"picked":"Wraith Form v2","floor":45},{"not_picked":["Predator","Catalyst"],"picked":"Blur","floor":46},{"not_picked":["Prepared","Distraction","Flying Knee+1"],"picked":"SKIP","floor":47},{"not_picked":["Catalyst+1","Backstab","Cloak And Dagger"],"picked":"SKIP","floor":55}],"player_experience":5130134,"relics_obtained":[{"floor":8,"key":"Omamori"},{"floor":9,"key":"Ornamental Fan"},{"floor":13,"key":"FossilizedHelix"},{"floor":23,"key":"Eternal Feather"},{"floor":25,"key":"White Beast Statue"},{"floor":29,"key":"Tough Bandages"},{"floor":34,"key":"MawBank"},{"floor":34,"key":"Paper Crane"},{"floor":34,"key":"Dead Branch"},{"floor":40,"key":"Unceasing Top"},{"floor":43,"key":"Kunai"},{"floor":45,"key":"Old Coin"},{"floor":47,"key":"Tingsha"},{"floor":55,"key":"Art of War"}],"event_choices":[{"damage_healed":0,"gold_gain":0,"player_choice":"Box","damage_taken":0,"relics_obtained":["Thread and Needle"],"max_hp_gain":0,"max_hp_loss":0,"event_name":"Big Fish","floor":2,"gold_loss":0,"cards_obtained":["Regret"]},{"damage_healed":0,"gold_gain":75,"player_choice":"Gather Gold","damage_taken":11,"max_hp_gain":0,"max_hp_loss":0,"event_name":"World of Goop","floor":3,"gold_loss":0},{"damage_healed":0,"gold_gain":0,"player_choice":"Ignored","damage_taken":0,"max_hp_gain":0,"max_hp_loss":0,"event_name":"Shining Light","floor":11,"gold_loss":0},{"cards_removed":["Strike_G"],"damage_healed":0,"gold_gain":0,"player_choice":"Offered Basic","damage_taken":0,"max_hp_gain":0,"max_hp_loss":0,"event_name":"Bonfire Elementals","floor":14,"gold_loss":0},{"damage_healed":0,"gold_gain":0,"player_choice":"Stole Relic","damage_taken":0,"relics_obtained":["Letter Opener"],"max_hp_gain":0,"max_hp_loss":0,"event_name":"Addict","floor":20,"gold_loss":0,"cards_obtained":["Shame"]},{"cards_removed":["Riddle With Holes"],"damage_healed":0,"gold_gain":0,"player_choice":"Upgrade and Remove","damage_taken":0,"max_hp_gain":0,"max_hp_loss":0,"event_name":"Designer","floor":21,"gold_loss":110,"cards_upgraded":["Survivor"]},{"damage_healed":0,"gold_gain":0,"player_choice":"Ignored","damage_taken":0,"max_hp_gain":0,"max_hp_loss":0,"event_name":"N\u0027loth","floor":27,"gold_loss":0},{"damage_healed":0,"gold_gain":0,"player_choice":"Ignored","damage_taken":0,"max_hp_gain":0,"max_hp_loss":0,"event_name":"Tomb of Lord Red Mask","floor":37,"gold_loss":0},{"cards_removed":["Neutralize"],"damage_healed":0,"gold_gain":0,"player_choice":"Removed Attack","damage_taken":0,"max_hp_gain":0,"max_hp_loss":0,"event_name":"Falling","floor":39,"gold_loss":0},{"cards_removed":["Dagger Throw"],"damage_healed":0,"gold_gain":0,"player_choice":"Gave Card","damage_taken":0,"relics_obtained":["Strawberry"],"max_hp_gain":0,"max_hp_loss":0,"event_name":"WeMeetAgain","floor":42,"gold_loss":0}],"is_beta":false,"boss_relics":[{"not_picked":["SlaversCollar","Empty Cage"],"picked":"Pandora\u0027s Box"},{"not_picked":["Velvet Choker","Busted Crown"],"picked":"Calling Bell"}],"items_purged_floors":[10,48],"is_endless":false,"potions_floor_spawned":[1,5,18,22,29,31,33,35,36,38,40,45,46,47,55],"ascension_level":20,"potion_discard_per_floor":[[],[],[],[],[],[],[],[],[],[],[],[],[],[],[],[],[],[],[],[],[],[],[],[],[],[],[],[],[],[],[],[],[],[],["SpeedPotion"],[],[],["Fire Potion"],[],[],[],[],[],[],[],[],[],[],[],[],[],[],[],[],["FearPotion"],[],[]]}