{"neow_bonuses_skipped_log":["UPGRADE_CARD","THREE_ENEMY_KILL","BOSS_RELIC"],"potions_obtained_entropic_brew":[[],[],[],[],[],[],[],[],[],[],[],[],[],[],[],[],[],[],[]],"neow_costs_skipped_log":["NONE","NONE","NONE"],"gold_per_floor":[117,4,23,73,91,109,109,124,196,214,241,241,241,272,284,373,385,411,423],"floor_reached":19,"playtime":1323,"items_purged":[],"score":358,"play_id":"7ec100c8-2a16-42db-8ec9-f593df5c612a","local_time":"20230130184755","score_breakdown":["Floors Climbed (19): 95","Enemies Slain (7): 14","Exordium Elites Killed (2): 20","City Elites Killed (0): 0","Bosses Slain (1): 50","Ascension (20): 179"],"is_ascension_mode":true,"potions_obtained_alchemize":[[],[],[],[],[],[],[],[],[],[],[],[],[],[],[],[],[],[],[]],"campfire_choices":[{"data":"Crippling Poison","floor":7,"key":"SMITH"},{"floor":13,"key":"REST"},{"floor":15,"key":"REST"}],"lesson_learned_per_floor":[[],[],[],[],[],[],[],[],[],[],[],[],[],[],[],[],[],[],[]],"neow_cost":"PERCENT_DAMAGE","improvable_cards":{},"seed_source_timestamp":15229948161475,"shop_contents":[{"floor":2,"relics":["Mango","HornCleat","Membership Card"],"cards":["Dagger Throw","Reflex","Footwork","Panacea","HandOfGreed"],"potions":["SteroidPotion","GhostInAJar","Fruit Juice"]}],"circlet_count":0,"master_deck":["AscendersBane","Strike_G","Strike_G","Strike_G","Strike_G","Strike_G","Defend_G","Defend_G","Defend_G","Defend_G","Defend_G","Survivor","Neutralize","Sadistic Nature","Dagger Throw","Poisoned Stab","Crippling Poison+1","Blade Dance","Doppelganger","Well Laid Plans","Terror","After Image","Dagger Throw+1"],"potion_use_per_floor":[[],[],[],[],[],[],[],["Regen Potion"],[],[],[],[],[],[],[],["LiquidMemories"],[],["Weak Potion"],[]],"relics":["Ring of the Snake","Molten Egg 2","Du-Vu Doll","MawBank","Cursed Key"],"potions_floor_usage":[8,16,18],"damage_taken":[{"damage":4,"enemies":"Cultist","floor":1,"turns":4},{"damage":7,"enemies":"Jaw Worm","floor":3,"turns":5},{"damage":0,"enemies":"Small Slimes","floor":5,"turns":2},{"damage":0,"enemies":"3 Louse","floor":6,"turns":2},{"damage":3,"enemies":"2 Fungi Beasts","floor":8,"turns":4},{"damage":3,"enemies":"Exordium Wildlife","floor":10,"turns":3},{"damage":20,"enemies":"Lagavulin","floor":11,"turns":7},{"damage":26,"enemies":"3 Sentries","floor":14,"turns":11},{"damage":12,"enemies":"Slime Boss","floor":16,"turns":6},{"damage":13,"enemies":"3 Byrds","floor":18,"turns":5},{"damage":45,"enemies":"Masked Bandits","floor":19,"turns":3}],"seed_played":"3233767140566012537","neow_bonus_log":{"cardsObtained":[],"cardsUpgraded":[],"cardsRemoved":[],"cardsTransformed":[],"relicsObtained":[],"maxHpGained":0,"goldGained":0,"damageTaken":15,"goldLost":0,"maxHpLost":0},"potions_obtained":[{"floor":5,"key":"Regen Potion"},{"floor":10,"key":"Weak Potion"},{"floor":14,"key":"LiquidMemories"}],"is_trial":false,"path_per_floor":["M","$","M","?","M","M","R","M","T","M","E","?","R","E","R","B",null,"M","?"],"character_chosen":"THE_SILENT","items_purchased":["Poisoned Stab","Crippling Poison"],"campfire_rested":2,"item_purchase_floors":[2,2],"current_hp_per_floor":[40,40,33,27,27,27,27,38,38,35,15,15,34,8,27,15,53,40,0],"gold":423,"neow_bonus":"RANDOM_COLORLESS_2","is_prod":false,"is_daily":false,"rewards_skipped":[],"chose_seed":false,"campfire_upgraded":1,"win_rate":0,"floor_exit_playtime":[179,209,256,263,284,354,376,430,437,493,577,591,596,747,751,913,993,1164],"timestamp":1675122475,"path_taken":["M","$","?","?","M","M","R","?","T","M","E","?","R","E","R","BOSS","M","?"],"build_version":"2022-12-18","purchased_purges":0,"victory":false,"max_hp_per_floor":[66,66,66,66,66,66,66,66,66,66,66,66,66,66,66,66,66,66,66],"relic_stats":{"counters":[11,52],"MawBank":60,"Cursed Key":0,"obtain_stats":[{"Du-Vu Doll":11,"Molten Egg 2":9,"MawBank":14,"Cursed Key":17,"Ring of the Snake":0},{"Du-Vu Doll":7,"Molten Egg 2":5,"MawBank":8,"Cursed Key":9,"Ring of the Snake":0},{"Du-Vu Doll":27,"Molten Egg 2":17,"MawBank":38,"Cursed Key":44,"Ring of the Snake":0}],"Ring of the Snake":[22]},"card_choices":[{"not_picked":["Magnetism","Metamorphosis"],"picked":"Sadistic Nature","floor":0},{"not_picked":["Bane","Slice"],"picked":"Dagger Throw","floor":1},{"not_picked":["Accuracy","Dagger Spray"],"picked":"Blade Dance","floor":3},{"not_picked":["Caltrops","Riddle With Holes","Outmaneuver"],"picked":"SKIP","floor":5},{"not_picked":["Bane","Dagger Spray","Deflect"],"picked":"SKIP","floor":6},{"not_picked":["Bane","Endless Agony"],"picked":"Doppelganger","floor":8},{"not_picked":["Eviscerate+1","Cloak And Dagger","Dodge and Roll"],"picked":"SKIP","floor":10},{"not_picked":["Eviscerate+1","Cloak And Dagger","Dodge and Roll"],"picked":"SKIP","floor":10},{"not_picked":["Sucker Punch+1","Deadly Poison"],"picked":"Well Laid Plans","floor":11},{"not_picked":["Flying Knee+1","Sucker Punch+1"],"picked":"Terror","floor":14},{"not_picked":["Unload+1","Grand Finale+1"],"picked":"After Image","floor":16},{"not_picked":["Choke+1","Escape Plan"],"picked":"Dagger Throw+1","floor":18}],"player_experience":5128811,"relics_obtained":[{"floor":9,"key":"Molten Egg 2"},{"floor":11,"key":"Du-Vu Doll"},{"floor":14,"key":"MawBank"}],"event_choices":[{"damage_healed":0,"gold_gain":50,"player_choice":"Touch","damage_taken":6,"max_hp_gain":0,"max_hp_loss":0,"event_name":"FaceTrader","floor":4,"gold_loss":0},{"damage_healed":0,"gold_gain":0,"player_choice":"Ignored","damage_taken":0,"max_hp_gain":0,"max_hp_loss":0,"event_name":"Shining Light","floor":12,"gold_loss":0},{"damage_healed":0,"gold_gain":0,"player_choice":"Fought Bandits","damage_taken":0,"max_hp_gain":0,"max_hp_loss":0,"event_name":"Masked Bandits","floor":19,"gold_loss":0}],"is_beta":false,"boss_relics":[{"not_picked":["WristBlade","Snecko Eye"],"picked":"Cursed Key"}],"items_purged_floors":[],"is_endless":false,"potions_floor_spawned":[5,10,14],"killed_by":"Masked Bandits","ascension_level":20,"potion_discard_per_floor":[[],[],[],[],[],[],[],[],[],[],[],[],[],[],[],[],[],[],[]]}