{"neow_bonuses_skipped_log":["THREE_CARDS","RANDOM_COMMON_RELIC","BOSS_RELIC"],"neow_costs_skipped_log":["NONE","NONE","NONE"],"potions_obtained_entropic_brew":[[],[],[],[],[],[],[],[],[],[],[],[],[],[],[],[],[],[],[],[],[],[],[],[],[],[],[],[],[],[],[],[],[],[],[],[],[],[],[],[],[],[],[],[],[],[],[],[],[],[],[],[],[],[],[],[],[]],"gold_per_floor":[366,380,455,465,81,81,113,113,113,113,113,201,261,305,305,378,378,423,423,438,438,456,508,157,157,232,293,293,333,27,27,27,127,127,146,40,54,74,85,85,110,160,160,160,192,10,10,65,65,115,165,165,165,5,40,40],"floor_reached":57,"playtime":12098,"items_purged":["Defend_G","Strike_G","Strike_G"],"score":3224,"play_id":"9b90b556-5dbe-4d63-ac2b-0c820b36c328","local_time":"20230129201332","score_breakdown":["Floors Climbed (57): 285","Enemies Slain (16): 32","Exordium Elites Killed (1): 10","City Elites Killed (1): 20","Beyond Elites Killed (3): 90","Bosses Slain (5): 750","Money Money (1550): 25","Librarian: 25","Champion (3): 75","Beyond Perfect: 200","Ascension (20): 1462","Heartbreaker: 250"],"is_ascension_mode":true,"potions_obtained_alchemize":[[],[],[],[],[],[],[],[],[],[],[],[],[],[],[],[],[],[],[],[],[],[],[],[],[],[],[],[],[],[],[],[],[],[],[],[],[],[],[],[],[],[],[],[],[],[],[],[],[],[],[],[],[],[],[],[],[]],"campfire_choices":[{"data":"HandOfGreed","floor":6,"key":"SMITH"},{"data":"Dagger Spray","floor":8,"key":"SMITH"},{"data":"Dash","floor":11,"key":"SMITH"},{"data":"Neutralize","floor":15,"key":"SMITH"},{"data":"Bullet Time","floor":25,"key":"SMITH"},{"data":"Expertise","floor":32,"key":"SMITH"},{"data":"Enlightenment","floor":40,"key":"SMITH"},{"data":"Tools of the Trade","floor":44,"key":"SMITH"},{"floor":49,"key":"RECALL"},{"data":"Apotheosis","floor":53,"key":"SMITH"}],"lesson_learned_per_floor":[[],[],[],[],[],[],[],[],[],[],[],[],[],[],[],[],[],[],[],[],[],[],[],[],[],[],[],[],[],[],[],[],[],[],[],[],[],[],[],[],[],[],[],[],[],[],[],[],[],[],[],[],[],[],[],[],[]],"neow_cost":"PERCENT_DAMAGE","improvable_cards":{},"seed_source_timestamp":8369597331456,"shop_contents":[{"floor":5,"relics":["Ginger","Tingsha","Lee\u0027s Waffle"],"cards":["Dagger Spray","Poisoned Stab","Backflip","Tactician","Accuracy","Panacea"],"potions":["Dexterity Potion","ColorlessPotion"]},{"floor":24,"relics":["Singing Bowl","Sundial"],"cards":["Flechettes","Endless Agony","Deadly Poison","A Thousand Cuts","Swift Strike","HandOfGreed"],"potions":["PowerPotion"]},{"floor":30,"relics":["Molten Egg 2","Whetstone"],"cards":["Poisoned Stab","Dagger Spray","Tactician","Infinite Blades","Jack Of All Trades"],"potions":["Poison Potion","Energy Potion"]},{"floor":36,"relics":["Ancient Tea Set","Anchor","HandDrill"],"cards":["Bane","Glass Knife","Blade Dance","Leg Sweep","Caltrops","Apotheosis"],"potions":["Weak Potion","BlessingOfTheForge"]},{"floor":46,"relics":["CeramicFish","Potion Belt"],"cards":["Sucker Punch","All Out Attack","Deadly Poison","Deflect","Caltrops","Finesse"],"potions":["Swift Potion","SteroidPotion","SkillPotion"]},{"floor":54,"relics":["Boot","Pocketwatch"],"cards":["All Out Attack","Flechettes","Crippling Poison","Blind","Apotheosis"],"potions":["DistilledChaos","Dexterity Potion"]}],"circlet_count":0,"master_deck":["AscendersBane","Strike_G","Strike_G","Strike_G","Defend_G","Defend_G","Defend_G","Defend_G","Survivor","Neutralize+1","Slice","Dagger Spray+1","Dash+1","HandOfGreed+1","Backflip","Dagger Throw","Terror","Corpse Explosion","Outmaneuver+1","Predator+1","Bullet Time+1","PiercingWail","Eviscerate","Expertise+1","Predator+1","Magnetism","Night Terror","Enlightenment+1","PiercingWail","Tools of the Trade+1","Backflip","Envenom","Acrobatics","Acrobatics","Backflip+1","Reflex","Tactician","Apotheosis+1","Acrobatics","Predator","Well Laid Plans","Deflect"],"potion_use_per_floor":[[],[],[],[],[],[],["FairyPotion"],[],[],[],[],[],[],[],[],["CultistPotion"],[],[],[],[],["SmokeBomb"],["Weak Potion"],["SkillPotion"],[],[],[],[],[],["Fire Potion"],[],[],[],["PowerPotion"],[],[],[],[],[],[],[],[],[],[],[],[],[],[],[],[],[],[],[],[],[],["SteroidPotion"],[],[]],"relics":["Ring of the Snake","Thread and Needle","Coffee Dripper","Nunchaku","Ornamental Fan","Membership Card","Ninja Scroll","MutagenicStrength","DollysMirror","SlaversCollar","Tough Bandages","FossilizedHelix","StoneCalendar","Centennial Puzzle","Orrery","Lizard Tail","Sling","InkBottle"],"potions_floor_usage":[16,21,22,23,29,33,55],"damage_taken":[{"damage":1,"enemies":"2 Louse","floor":1,"turns":4},{"damage":6,"enemies":"Jaw Worm","floor":2,"turns":5},{"damage":0,"enemies":"Cultist","floor":4,"turns":5},{"damage":32,"enemies":"Gremlin Nob","floor":7,"turns":4},{"damage":8,"enemies":"Gremlin Gang","floor":12,"turns":6},{"damage":0,"enemies":"3 Louse","floor":13,"turns":5},{"damage":0,"enemies":"Looter","floor":14,"turns":3},{"damage":0,"enemies":"Hexaghost","floor":16,"turns":7},{"damage":0,"enemies":"2 Thieves","floor":18,"turns":4},{"damage":0,"enemies":"Chosen","floor":20,"turns":3},{"damage":0,"enemies":"Centurion and Healer","floor":21,"turns":1},{"damage":15,"enemies":"Snake Plant","floor":22,"turns":5},{"damage":2,"enemies":"Slavers","floor":23,"turns":4},{"damage":0,"enemies":"Sentry and Sphere","floor":27,"turns":6},{"damage":11,"enemies":"Cultist and Chosen","floor":29,"turns":4},{"damage":5,"enemies":"Collector","floor":33,"turns":8},{"damage":0,"enemies":"3 Darklings","floor":35,"turns":1},{"damage":1,"enemies":"Orb Walker","floor":37,"turns":3},{"damage":22,"enemies":"Spire Growth","floor":38,"turns":5},{"damage":15,"enemies":"Writhing Mass","floor":39,"turns":5},{"damage":0,"enemies":"Giant Head","floor":41,"turns":4},{"damage":3,"enemies":"Mind Bloom Boss Battle","floor":42,"turns":6},{"damage":0,"enemies":"Reptomancer","floor":45,"turns":7},{"damage":0,"enemies":"Giant Head","floor":48,"turns":4},{"damage":0,"enemies":"Donu and Deca","floor":50,"turns":7},{"damage":0,"enemies":"Awakened One","floor":51,"turns":11},{"damage":10,"enemies":"Shield and Spear","floor":55,"turns":4},{"damage":29,"enemies":"The Heart","floor":56,"turns":10}],"green_key_taken_log":45,"seed_played":"-3133706416683582896","neow_bonus_log":{"cardsObtained":[],"cardsUpgraded":[],"cardsRemoved":[],"cardsTransformed":[],"relicsObtained":[],"maxHpGained":0,"goldGained":250,"damageTaken":15,"goldLost":0,"maxHpLost":0},"potions_obtained":[{"floor":1,"key":"SmokeBomb"},{"floor":2,"key":"FairyPotion"},{"floor":14,"key":"SmokeBomb"},{"floor":16,"key":"Weak Potion"},{"floor":22,"key":"SkillPotion"},{"floor":33,"key":"Poison Potion"},{"floor":35,"key":"Weak Potion"}],"is_trial":false,"path_per_floor":["M","M","?","M","$","R","E","R","T","?","R","M","M","M","R","B",null,"M","?","M","M","M","E","$","R","T","M","?","M","$","?","R","B",null,"M","$","M","M","M","R","E","?","T","R","E","$","?","E","R","B","B",null,"R","$","E","B",null],"character_chosen":"THE_SILENT","items_purchased":["HandOfGreed","CultistPotion","Membership Card","Bullet Time","PowerPotion","Fire Potion","Expertise","DollysMirror","Magnetism","SteroidPotion","Enlightenment","GhostInAJar","Orrery","Apotheosis","Well Laid Plans","Sling","Deflect","SteroidPotion"],"campfire_rested":0,"item_purchase_floors":[5,5,24,24,24,24,30,30,30,30,36,36,46,46,54,54,54,54],"current_hp_per_floor":[43,37,26,26,26,26,19,19,19,19,19,11,11,11,11,11,52,52,52,52,52,37,35,35,35,35,35,35,24,24,24,24,19,54,54,54,53,31,16,16,16,13,13,13,13,13,13,13,13,13,13,53,53,53,43,14],"gold":40,"neow_bonus":"TWO_FIFTY_GOLD","is_prod":false,"is_daily":false,"rewards_skipped":[{"floor":37,"relics":[],"potions":["Fire Potion"]},{"floor":41,"relics":[],"potions":["LiquidBronze"]},{"floor":42,"relics":[],"potions":["BlessingOfTheForge"]}],"chose_seed":false,"campfire_upgraded":9,"win_rate":0,"floor_exit_playtime":[141,225,233,276,610,616,809,818,833,913,924,1050,1203,1262,1270,1563,1636,1755,1776,1831,1989,2103,2222,2363,2369,2374,2777,2906,3065,3308,3372,3380,4021,4153,4218,4408,4482,4653,5051,5061,5753,6361,6384,6534,7121,7353,7611,7932,7935,8679,9821,9839,9861,10629,11143,12098],"timestamp":1675041212,"blue_key_relic_skipped_log":{"floor":9,"relicID":"The Specimen"},"path_taken":["M","M","?","M","$","R","E","R","T","?","R","M","M","M","R","BOSS","M","?","?","M","?","E","$","R","T","M","?","M","$","?","R","BOSS","M","$","M","M","M","R","E","?","T","R","E","$","?","E","R","BOSS","BOSS","R","$","E","BOSS"],"build_version":"2022-12-18","purchased_purges":3,"victory":true,"max_hp_per_floor":[66,66,66,66,66,66,66,66,66,66,66,66,66,66,66,66,66,66,66,66,66,66,66,66,66,66,66,66,66,66,66,66,66,66,66,66,66,66,66,66,66,66,66,66,66,66,66,66,66,66,66,66,66,66,66,66],"relic_stats":{"Nunchaku":[31],"Tough Bandages":[210],"Centennial Puzzle":[6],"Lizard Tail":0,"counters":[28,141],"Ornamental Fan":[280],"StoneCalendar":[156],"Membership Card":929,"obtain_stats":[{"Thread and Needle":7,"StoneCalendar":43,"Sling":54,"SlaversCollar":34,"Nunchaku":19,"Tough Bandages":41,"Centennial Puzzle":45,"Lizard Tail":48,"Ornamental Fan":23,"Ninja Scroll":26,"DollysMirror":30,"MutagenicStrength":28,"Orrery":46,"Coffee Dripper":17,"Membership Card":24,"FossilizedHelix":42,"InkBottle":55,"Ring of the Snake":0},{"Thread and Needle":4,"StoneCalendar":22,"Sling":26,"SlaversCollar":16,"Nunchaku":9,"Tough Bandages":21,"Centennial Puzzle":23,"Lizard Tail":24,"Ornamental Fan":13,"Ninja Scroll":13,"DollysMirror":15,"MutagenicStrength":14,"Orrery":23,"Coffee Dripper":8,"Membership Card":13,"FossilizedHelix":22,"InkBottle":27,"Ring of the Snake":0},{"Thread and Needle":18,"StoneCalendar":98,"Sling":127,"SlaversCollar":74,"Nunchaku":43,"Tough Bandages":92,"Centennial Puzzle":105,"Lizard Tail":109,"Ornamental Fan":56,"Ninja Scroll":56,"DollysMirror":66,"MutagenicStrength":62,"Orrery":105,"Coffee Dripper":39,"Membership Card":56,"FossilizedHelix":98,"InkBottle":131,"Ring of the Snake":0}],"FossilizedHelix":[81],"InkBottle":[7],"Ring of the Snake":[56]},"card_choices":[{"not_picked":["Expertise","Outmaneuver"],"picked":"Slice","floor":1},{"not_picked":["Choke","Dagger Throw"],"picked":"Dagger Spray","floor":2},{"not_picked":["Backflip","Slice"],"picked":"Dash","floor":4},{"not_picked":["Flying Knee","Eviscerate"],"picked":"Backflip","floor":7},{"not_picked":["Concentrate","Accuracy"],"picked":"Dagger Throw","floor":12},{"not_picked":["Deadly Poison","After Image"],"picked":"Terror","floor":13},{"not_picked":["Sucker Punch","Catalyst","Poisoned Stab"],"picked":"SKIP","floor":14},{"not_picked":["Burst","Bullet Time"],"picked":"Corpse Explosion","floor":16},{"not_picked":["Dagger Throw","Bane","Quick Slash"],"picked":"SKIP","floor":18},{"not_picked":["Dodge and Roll","Distraction"],"picked":"Outmaneuver+1","floor":20},{"not_picked":["Concentrate","Dodge and Roll","Flying Knee"],"picked":"SKIP","floor":22},{"not_picked":["Flying Knee+1","Dash"],"picked":"Predator+1","floor":23},{"not_picked":["Underhanded Strike","All Out Attack"],"picked":"PiercingWail","floor":27},{"not_picked":["Prepared","Underhanded Strike"],"picked":"Eviscerate","floor":29},{"not_picked":["A Thousand Cuts","Tools of the Trade"],"picked":"Night Terror","floor":33},{"not_picked":["Sucker Punch","Dodge and Roll","Dash"],"picked":"SKIP","floor":35},{"not_picked":["All Out Attack","Sucker Punch","Concentrate"],"picked":"SKIP","floor":37},{"not_picked":["All Out Attack","Sucker Punch","Concentrate"],"picked":"SKIP","floor":37},{"not_picked":["Quick Slash","Dagger Throw"],"picked":"PiercingWail","floor":38},{"not_picked":["Poisoned Stab+1","Riddle With Holes","Bane"],"picked":"SKIP","floor":39},{"not_picked":["Outmaneuver","Underhanded Strike+1"],"picked":"Tools of the Trade","floor":41},{"not_picked":["Endless Agony","Caltrops"],"picked":"Backflip","floor":42},{"not_picked":["Deadly Poison+1","Flying Knee"],"picked":"Envenom","floor":45},{"not_picked":["Heel Hook","Dagger Spray"],"picked":"Acrobatics","floor":46},{"not_picked":["Dagger Throw","Underhanded Strike"],"picked":"Acrobatics","floor":46},{"not_picked":["Bullet Time","Setup"],"picked":"Backflip+1","floor":46},{"not_picked":["Cloak And Dagger","Escape Plan+1"],"picked":"Reflex","floor":46},{"not_picked":["Dagger Spray","Setup"],"picked":"Tactician","floor":46},{"not_picked":["Cloak And Dagger","Sucker Punch"],"picked":"Predator","floor":48},{"not_picked":["Masterful Stab","Terror","Dagger Spray"],"picked":"SKIP","floor":55}],"player_experience":5113801,"relics_obtained":[{"floor":7,"key":"Thread and Needle"},{"floor":19,"key":"Nunchaku"},{"floor":23,"key":"Ornamental Fan"},{"floor":26,"key":"Ninja Scroll"},{"floor":41,"key":"Tough Bandages"},{"floor":42,"key":"FossilizedHelix"},{"floor":43,"key":"StoneCalendar"},{"floor":45,"key":"Centennial Puzzle"},{"floor":48,"key":"Lizard Tail"},{"floor":55,"key":"InkBottle"}],"event_choices":[{"damage_healed":0,"gold_gain":75,"player_choice":"Gather Gold","damage_taken":11,"max_hp_gain":0,"max_hp_loss":0,"event_name":"World of Goop","floor":3,"gold_loss":0},{"damage_healed":0,"gold_gain":0,"player_choice":"0 cards matched","damage_taken":0,"max_hp_gain":0,"max_hp_loss":0,"event_name":"Match and Keep!","floor":10,"gold_loss":0,"cards_obtained":[]},{"damage_healed":0,"gold_gain":0,"player_choice":"Relic","damage_taken":0,"max_hp_gain":0,"max_hp_loss":0,"event_name":"Wheel of Change","floor":19,"gold_loss":0},{"damage_healed":0,"gold_gain":0,"player_choice":"Inject Mutagens","damage_taken":0,"relics_obtained":["MutagenicStrength"],"max_hp_gain":0,"max_hp_loss":0,"event_name":"Drug Dealer","floor":28,"gold_loss":0},{"damage_healed":0,"gold_gain":0,"player_choice":"Leave","damage_taken":0,"max_hp_gain":0,"max_hp_loss":0,"event_name":"FaceTrader","floor":31,"gold_loss":0},{"damage_healed":0,"gold_gain":0,"player_choice":"Fight","damage_taken":0,"max_hp_gain":0,"max_hp_loss":0,"event_name":"MindBloom","floor":42,"gold_loss":0},{"damage_healed":0,"gold_gain":0,"player_choice":"Copied","damage_taken":0,"max_hp_gain":0,"max_hp_loss":0,"event_name":"Duplicator","floor":47,"gold_loss":0,"cards_obtained":["Acrobatics"]}],"is_beta":false,"boss_relics":[{"not_picked":["Empty Cage","Calling Bell"],"picked":"Coffee Dripper"},{"not_picked":["SacredBark","Pandora\u0027s Box"],"picked":"SlaversCollar"}],"items_purged_floors":[5,24,30],"is_endless":false,"potions_floor_spawned":[1,2,14,16,21,22,33,35,37,41,42],"ascension_level":20,"potion_discard_per_floor":[[],[],[],[],["SmokeBomb"],[],[],[],[],[],[],[],[],[],[],[],[],[],[],[],[],[],[],[],[],[],[],[],[],[],[],[],[],[],["Poison Potion"],["Weak Potion"],[],[],[],[],[],[],[],[],[],[],[],[],[],[],[],[],[],["SteroidPotion"],[],["GhostInAJar"],[]]}