{"neow_bonuses_skipped_log":["TEN_PERCENT_HP_BONUS"],"neow_costs_skipped_log":["NONE"],"potions_obtained_entropic_brew":[[],[],[],[],[],[],[],[],[],[],[],[],[],[],[],[],[],[],[],[],[],[],[],[],[]],"gold_per_floor":[113,123,21,38,54,80,80,100,153,153,186,198,231,241,241,317,317,331,50,64,98,114,140,158,158],"floor_reached":25,"playtime":5798,"items_purged":[],"score":644,"play_id":"701d0547-8291-4c73-922b-530cf06488a9","local_time":"20230129163926","score_breakdown":["Floors Climbed (25): 125","Enemies Slain (11): 22","Exordium Elites Killed (3): 30","City Elites Killed (1): 20","Bosses Slain (1): 50","Champion (1): 25","Perfect (1): 50","Ascension (20): 322"],"is_ascension_mode":true,"potions_obtained_alchemize":[[],[],[],[],[],[],[],["SteroidPotion"],[],[],["CunningPotion"],["Ancient Potion"],["Ancient Potion"],["GamblersBrew"],[],["Poison Potion"],[],["Swift Potion"],[],["LiquidBronze"],["Fire Potion"],["CunningPotion"],["Energy Potion"],["Block Potion"],["SteroidPotion"]],"campfire_choices":[{"data":"Dagger Spray","floor":7,"key":"SMITH"},{"data":"Venomology","floor":10,"key":"SMITH"},{"data":"Prepared","floor":15,"key":"SMITH"}],"lesson_learned_per_floor":[[],[],[],[],[],[],[],[],[],[],[],[],[],[],[],[],[],[],[],[],[],[],[],[],[]],"neow_cost":"NONE","improvable_cards":{},"seed_source_timestamp":2000195351403,"shop_contents":[{"floor":3,"relics":["Molten Egg 2","Pen Nib","TheAbacus"],"cards":["Endless Agony","Dagger Spray","Concentrate","Backflip","Infinite Blades","Magnetism"],"potions":["Dexterity Potion","Weak Potion","LiquidMemories"]},{"floor":19,"relics":["Juzu Bracelet","Medical Kit"],"cards":["Poisoned Stab","Sucker Punch","Blade Dance","Deadly Poison","Well Laid Plans","Swift Strike","Magnetism"],"potions":["GhostInAJar","Fire Potion","EssenceOfSteel"]}],"circlet_count":0,"master_deck":["AscendersBane","Strike_G","Strike_G","Strike_G","Strike_G","Strike_G","Defend_G","Defend_G","Defend_G","Defend_G","Defend_G","Survivor","Neutralize","Dagger Spray+1","Well Laid Plans","Trip","Blade Dance","Venomology+1","Eviscerate","Endless Agony","Prepared+1","Wraith Form v2","Dagger Throw","Deadly Poison+1","Corpse Explosion","Backstab","Predator"],"potion_use_per_floor":[[],[],[],[],[],["ColorlessPotion"],[],["Fruit Juice","Dexterity Potion"],[],[],["SteroidPotion"],[],["CunningPotion"],["Ancient Potion"],[],["CultistPotion","GamblersBrew"],[],["SkillPotion","Swift Potion"],[],[],["Poison Potion","LiquidBronze"],["CunningPotion","Fire Potion"],[],["Dexterity Potion"],["Block Potion","SteroidPotion","Energy Potion"]],"relics":["Ring of the Snake","NeowsBlessing","Lantern","Blood Vial","Paper Crane","Omamori","SlaversCollar","StrikeDummy","Red Mask","Bottled Lightning"],"potions_floor_usage":[6,8,8,11,13,14,16,16,18,18,21,21,22,22,24,25,25,25],"damage_taken":[{"damage":0,"enemies":"Cultist","floor":1,"turns":1},{"damage":0,"enemies":"Small Slimes","floor":2,"turns":1},{"damage":0,"enemies":"2 Louse","floor":4,"turns":1},{"damage":13,"enemies":"Large Slime","floor":5,"turns":8},{"damage":0,"enemies":"Lagavulin","floor":6,"turns":6},{"damage":9,"enemies":"Exordium Thugs","floor":8,"turns":4},{"damage":8,"enemies":"Gremlin Nob","floor":11,"turns":3},{"damage":0,"enemies":"Looter","floor":12,"turns":3},{"damage":5,"enemies":"3 Sentries","floor":13,"turns":7},{"damage":6,"enemies":"3 Louse","floor":14,"turns":3},{"damage":0,"enemies":"Slime Boss","floor":16,"turns":5},{"damage":2,"enemies":"Spheric Guardian","floor":18,"turns":5},{"damage":13,"enemies":"Shell Parasite","floor":20,"turns":4},{"damage":15,"enemies":"Masked Bandits","floor":21,"turns":5},{"damage":0,"enemies":"Centurion and Healer","floor":22,"turns":4},{"damage":7,"enemies":"Slavers","floor":23,"turns":3},{"damage":2,"enemies":"Snake Plant","floor":24,"turns":3},{"damage":41,"enemies":"Book of Stabbing","floor":25,"turns":6}],"seed_played":"-3132367607983332180","neow_bonus_log":{"cardsObtained":[],"cardsUpgraded":[],"cardsRemoved":[],"cardsTransformed":[],"relicsObtained":["NeowsBlessing"],"maxHpGained":0,"goldGained":0,"damageTaken":0,"goldLost":0,"maxHpLost":0},"potions_obtained":[{"floor":2,"key":"Fruit Juice"},{"floor":5,"key":"ColorlessPotion"},{"floor":6,"key":"Dexterity Potion"},{"floor":13,"key":"CultistPotion"},{"floor":16,"key":"SkillPotion"},{"floor":23,"key":"Dexterity Potion"}],"is_trial":false,"path_per_floor":["M","M","$","M","M","E","R","M","T","R","E","M","E","M","R","B",null,"M","$","M","?","M","E","M","E"],"character_chosen":"THE_SILENT","items_purchased":["Trip","StrikeDummy"],"campfire_rested":0,"item_purchase_floors":[3,19],"current_hp_per_floor":[59,59,59,59,46,46,46,42,42,42,36,38,35,31,31,33,62,62,62,51,38,40,35,35,0],"gold":158,"neow_bonus":"THREE_ENEMY_KILL","is_prod":false,"is_daily":false,"rewards_skipped":[{"floor":14,"relics":[],"potions":["SpeedPotion"]},{"floor":24,"relics":[],"potions":["FearPotion"]}],"chose_seed":false,"campfire_upgraded":3,"win_rate":0,"floor_exit_playtime":[249,506,558,664,829,1058,1082,1588,1599,1618,1764,1910,2193,2430,2435,2750,3088,3298,3714,3912,4316,4687,5193,5298],"timestamp":1675028366,"path_taken":["M","M","$","M","?","E","R","M","T","R","E","M","E","M","R","BOSS","M","$","M","?","M","E","M","E"],"build_version":"2022-12-18","purchased_purges":0,"victory":false,"max_hp_per_floor":[66,66,66,66,66,66,66,71,71,71,71,71,71,71,71,71,71,71,71,71,71,71,71,71,71],"relic_stats":{"Blood Vial":24,"counters":[18,72],"Omamori":0,"Bottled Lightning":"Corpse Explosion","obtain_stats":[{"Blood Vial":9,"SlaversCollar":17,"Lantern":6,"NeowsBlessing":0,"Omamori":13,"Red Mask":21,"Bottled Lightning":23,"Paper Crane":11,"StrikeDummy":19,"Ring of the Snake":0},{"Blood Vial":6,"SlaversCollar":11,"Lantern":5,"NeowsBlessing":0,"Omamori":9,"Red Mask":14,"Bottled Lightning":16,"Paper Crane":7,"StrikeDummy":12,"Ring of the Snake":0},{"Blood Vial":21,"SlaversCollar":42,"Lantern":17,"NeowsBlessing":0,"Omamori":34,"Red Mask":56,"Bottled Lightning":63,"Paper Crane":24,"StrikeDummy":47,"Ring of the Snake":0}],"Ring of the Snake":[37]},"card_choices":[{"not_picked":["Sucker Punch","Underhanded Strike"],"picked":"Dagger Spray","floor":1},{"not_picked":["Distraction","Heel Hook"],"picked":"Well Laid Plans","floor":2},{"not_picked":["Deflect","Flechettes","Bane"],"picked":"SKIP","floor":4},{"not_picked":["Slice","Deadly Poison"],"picked":"Blade Dance","floor":5},{"not_picked":["Adrenaline","Poisoned Stab"],"picked":"Venomology","floor":6},{"not_picked":["Heel Hook","Catalyst"],"picked":"Eviscerate","floor":8},{"not_picked":["Concentrate","Backflip"],"picked":"Endless Agony","floor":11},{"not_picked":["Poisoned Stab","Outmaneuver","Deflect"],"picked":"SKIP","floor":12},{"not_picked":["Outmaneuver","Deadly Poison","Deflect"],"picked":"SKIP","floor":13},{"not_picked":["Bane","Choke"],"picked":"Prepared","floor":14},{"not_picked":["Bullet Time","Die Die Die"],"picked":"Wraith Form v2","floor":16},{"not_picked":["Cloak And Dagger","Caltrops"],"picked":"Dagger Throw","floor":18},{"not_picked":["Predator","Underhanded Strike"],"picked":"Deadly Poison+1","floor":20},{"not_picked":["Poisoned Stab","Underhanded Strike"],"picked":"Corpse Explosion","floor":21},{"not_picked":["Acrobatics","PiercingWail"],"picked":"Backstab","floor":22},{"not_picked":["Quick Slash","Infinite Blades"],"picked":"Predator","floor":23},{"not_picked":["Deadly Poison","Blade Dance","Flying Knee"],"picked":"SKIP","floor":24},{"not_picked":["Deadly Poison","Blade Dance","Flying Knee"],"picked":"SKIP","floor":24},{"not_picked":["Deadly Poison","Blade Dance","Flying Knee"],"picked":"SKIP","floor":24}],"player_experience":5108003,"relics_obtained":[{"floor":6,"key":"Lantern"},{"floor":9,"key":"Blood Vial"},{"floor":11,"key":"Paper Crane"},{"floor":13,"key":"Omamori"},{"floor":21,"key":"Red Mask"},{"floor":23,"key":"Bottled Lightning"}],"event_choices":[{"damage_healed":0,"gold_gain":0,"player_choice":"Fought Bandits","damage_taken":0,"max_hp_gain":0,"max_hp_loss":0,"event_name":"Masked Bandits","floor":21,"gold_loss":0}],"is_beta":false,"boss_relics":[{"not_picked":["Runic Dome","Ring of the Serpent"],"picked":"SlaversCollar"}],"items_purged_floors":[],"is_endless":false,"potions_floor_spawned":[2,5,6,13,14,16,23,24],"killed_by":"Book of Stabbing","ascension_level":20,"potion_discard_per_floor":[[],[],[],[],[],[],[],[],[],[],[],[],["Ancient Potion"],[],[],[],[],[],[],[],[],[],[],[],[]]}