{"neow_bonuses_skipped_log":["THREE_CARDS","TEN_PERCENT_HP_BONUS","BOSS_RELIC"],"potions_obtained_entropic_brew":[[],[],[],[],[],[],[],[],[],[],[],[],[],[],[],[],[],[],[],[],[],[],[],[]],"neow_costs_skipped_log":["NONE","NONE","NONE"],"gold_per_floor":[16,16,41,85,106,106,175,195,195,226,226,290,290,23,23,113,113,129,147,20,58,58,58,58],"floor_reached":24,"playtime":2912,"items_purged":["Strike_G"],"score":408,"play_id":"3cee313a-713f-4cce-a137-7951c40c7bb9","local_time":"20230130182442","score_breakdown":["Floors Climbed (24): 120","Enemies Slain (7): 14","Exordium Elites Killed (2): 20","City Elites Killed (0): 0","Bosses Slain (1): 50","Ascension (20): 204"],"is_ascension_mode":true,"potions_obtained_alchemize":[[],[],[],[],[],[],[],[],[],[],[],[],[],[],[],[],[],[],[],[],[],[],[],[]],"campfire_choices":[{"data":"Magnetism","floor":6,"key":"SMITH"},{"floor":11,"key":"REST"},{"data":"Tactician","floor":13,"key":"SMITH"},{"floor":15,"key":"REST"},{"data":"Corpse Explosion","floor":23,"key":"SMITH"}],"lesson_learned_per_floor":[[],[],[],[],[],[],[],[],[],[],[],[],[],[],[],[],[],[],[],[],[],[],[],[]],"neow_cost":"NO_GOLD","improvable_cards":{},"seed_source_timestamp":12235008189055,"shop_contents":[{"floor":14,"relics":["Eternal Feather","Sling"],"cards":["Masterful Stab","All Out Attack","Crippling Poison","Setup","Footwork","Good Instincts","Master of Strategy"],"potions":["SteroidPotion","Fire Potion","Swift Potion"]},{"floor":20,"relics":["Ancient Tea Set","Centennial Puzzle","HandDrill"],"cards":["Underhanded Strike","Quick Slash","Cloak And Dagger","Accuracy","Good Instincts","Master of Strategy"],"potions":["DuplicationPotion","LiquidMemories","BlessingOfTheForge"]}],"circlet_count":0,"master_deck":["AscendersBane","Strike_G+1","Strike_G+1","Strike_G+1","Strike_G+1","Defend_G+1","Defend_G+1","Defend_G+1","Defend_G+1","Defend_G+1","Survivor","Neutralize","Magnetism+1","Underhanded Strike","Acrobatics","Slice","Blade Dance","Poisoned Stab+1","Corpse Explosion+1","Tactician+1","Bullet Time","Acrobatics","Eviscerate","Reflex","Blade Dance","Acrobatics"],"potion_use_per_floor":[[],[],[],[],[],[],[],["Weak Potion"],[],["ColorlessPotion"],[],[],[],[],[],["CultistPotion"],[],[],["EssenceOfSteel","AttackPotion"],[],[],[],[],["AttackPotion"]],"relics":["Ring of the Snake","Golden Idol","Whetstone","Kunai","Meat on the Bone","Prayer Wheel","Ninja Scroll","HoveringKite","Red Mask"],"potions_floor_usage":[8,10,16,19,19,24],"damage_taken":[{"damage":2,"enemies":"Jaw Worm","floor":1,"turns":6},{"damage":0,"enemies":"2 Louse","floor":3,"turns":3},{"damage":0,"enemies":"Small Slimes","floor":4,"turns":50},{"damage":16,"enemies":"Exordium Wildlife","floor":5,"turns":7},{"damage":17,"enemies":"3 Sentries","floor":7,"turns":10},{"damage":6,"enemies":"Blue Slaver","floor":8,"turns":4},{"damage":8,"enemies":"Gremlin Nob","floor":10,"turns":3},{"damage":16,"enemies":"Lagavulin","floor":12,"turns":7},{"damage":11,"enemies":"Slime Boss","floor":16,"turns":6},{"damage":2,"enemies":"Chosen","floor":18,"turns":4},{"damage":0,"enemies":"Shell Parasite","floor":19,"turns":3},{"damage":29,"enemies":"Masked Bandits","floor":21,"turns":4},{"damage":38,"enemies":"Book of Stabbing","floor":24,"turns":4}],"seed_played":"3443352142638878586","neow_bonus_log":{"cardsObtained":[],"cardsUpgraded":[],"cardsRemoved":[],"cardsTransformed":[],"relicsObtained":[],"maxHpGained":0,"goldGained":0,"damageTaken":0,"goldLost":99,"maxHpLost":0},"potions_obtained":[{"floor":1,"key":"CultistPotion"},{"floor":4,"key":"Weak Potion"},{"floor":8,"key":"ColorlessPotion"},{"floor":12,"key":"EssenceOfSteel"},{"floor":18,"key":"AttackPotion"},{"floor":21,"key":"AttackPotion"}],"is_trial":false,"path_per_floor":["M","?","M","M","M","R","?","M","T","E","R","E","R","$","R","B",null,"M","M","$","?","?","R","E"],"character_chosen":"THE_SILENT","items_purchased":["Ninja Scroll","Blade Dance"],"campfire_rested":2,"item_purchase_floors":[14,20],"current_hp_per_floor":[57,57,57,57,41,41,24,18,18,10,28,24,24,24,42,31,53,51,51,51,34,34,34,0],"gold":58,"neow_bonus":"RANDOM_COLORLESS_2","is_prod":false,"is_daily":false,"rewards_skipped":[],"chose_seed":false,"campfire_upgraded":3,"win_rate":0,"floor_exit_playtime":[257,261,321,1081,1172,1179,1361,1477,1480,1582,1586,1779,1793,1831,1836,2130,2211,2273,2412,2441,2562,2569,2616],"timestamp":1675121082,"path_taken":["M","?","M","M","M","R","?","M","T","E","R","E","R","$","R","BOSS","M","M","$","?","?","R","E"],"build_version":"2022-12-18","purchased_purges":1,"victory":false,"max_hp_per_floor":[66,60,60,60,60,60,60,60,60,60,60,60,60,60,60,60,60,60,60,60,60,60,60,60],"relic_stats":{"counters":[13,111],"Golden Idol":85,"HoveringKite":[8],"Prayer Wheel":2,"Whetstone":["Strike_G","Poisoned Stab"],"Kunai":[26],"obtain_stats":[{"Golden Idol":2,"Ninja Scroll":14,"HoveringKite":17,"Prayer Wheel":12,"Red Mask":21,"Whetstone":7,"Kunai":9,"Ring of the Snake":0,"Meat on the Bone":10},{"Golden Idol":1,"Ninja Scroll":8,"HoveringKite":9,"Prayer Wheel":8,"Red Mask":12,"Whetstone":5,"Kunai":6,"Ring of the Snake":0,"Meat on the Bone":7},{"Golden Idol":6,"Ninja Scroll":90,"HoveringKite":96,"Prayer Wheel":90,"Red Mask":107,"Whetstone":76,"Kunai":80,"Ring of the Snake":0,"Meat on the Bone":83}],"Ring of the Snake":[26],"Meat on the Bone":24},"card_choices":[{"not_picked":["Thinking Ahead","Transmutation"],"picked":"Magnetism","floor":0},{"not_picked":["Riddle With Holes","Well Laid Plans"],"picked":"Underhanded Strike","floor":1},{"not_picked":["Flying Knee","Sucker Punch"],"picked":"Acrobatics","floor":3},{"not_picked":["Deflect","Grand Finale"],"picked":"Slice","floor":4},{"not_picked":["Crippling Poison","Slice"],"picked":"Blade Dance","floor":5},{"not_picked":["Outmaneuver","Blade Dance"],"picked":"Poisoned Stab","floor":7},{"not_picked":["Bane","Escape Plan","Flechettes"],"picked":"SKIP","floor":8},{"not_picked":["Underhanded Strike","Accuracy"],"picked":"Corpse Explosion","floor":10},{"not_picked":["Underhanded Strike","Flying Knee"],"picked":"Tactician","floor":12},{"not_picked":["Corpse Explosion","Envenom"],"picked":"Bullet Time","floor":16},{"not_picked":["Catalyst","Heel Hook"],"picked":"Acrobatics","floor":18},{"not_picked":["Dodge and Roll","Distraction"],"picked":"Eviscerate","floor":18},{"not_picked":["Riddle With Holes+1","Flechettes"],"picked":"Reflex","floor":19},{"not_picked":["Quick Slash+1","Expertise","Deadly Poison"],"picked":"SKIP","floor":19},{"not_picked":["Quick Slash+1","Expertise","Deadly Poison"],"picked":"SKIP","floor":19},{"not_picked":["Quick Slash+1","Expertise","Deadly Poison"],"picked":"SKIP","floor":19},{"not_picked":["Quick Slash","Prepared+1"],"picked":"Acrobatics","floor":21}],"player_experience":5125899,"relics_obtained":[{"floor":7,"key":"Whetstone"},{"floor":9,"key":"Kunai"},{"floor":10,"key":"Meat on the Bone"},{"floor":12,"key":"Prayer Wheel"},{"floor":21,"key":"Red Mask"}],"event_choices":[{"damage_healed":0,"gold_gain":0,"player_choice":"Lose Max HP","damage_taken":0,"relics_obtained":["Golden Idol"],"max_hp_gain":0,"max_hp_loss":6,"event_name":"Golden Idol","floor":2,"gold_loss":0},{"damage_healed":0,"gold_gain":0,"player_choice":"Searched \u00271\u0027 times","damage_taken":0,"max_hp_gain":0,"max_hp_loss":0,"event_name":"Dead Adventurer","floor":7,"gold_loss":0},{"damage_healed":0,"gold_gain":0,"player_choice":"Fought Bandits","damage_taken":0,"max_hp_gain":0,"max_hp_loss":0,"event_name":"Masked Bandits","floor":21,"gold_loss":0},{"damage_healed":0,"gold_gain":0,"player_choice":"Simplicity","damage_taken":0,"max_hp_gain":0,"max_hp_loss":0,"event_name":"Back to Basics","floor":22,"gold_loss":0,"cards_upgraded":["Strike_G","Strike_G","Strike_G","Defend_G","Defend_G","Defend_G","Defend_G","Defend_G"]}],"is_beta":false,"boss_relics":[{"not_picked":["Tiny House","Busted Crown"],"picked":"HoveringKite"}],"items_purged_floors":[20],"is_endless":false,"potions_floor_spawned":[1,4,8,12,18,21],"killed_by":"Book of Stabbing","ascension_level":20,"potion_discard_per_floor":[[],[],[],[],[],[],[],[],[],[],[],[],[],[],[],[],[],[],[],[],[],[],[],[]]}