{"neow_bonuses_skipped_log":["RANDOM_COLORLESS","RANDOM_COMMON_RELIC","BOSS_RELIC"],"neow_costs_skipped_log":["NONE","NONE","NONE"],"potions_obtained_entropic_brew":[[],[],[],[],[],[],[],[],[],[],[],[],[],[],[],[],[],[],[],[],[],[],[],[],[],[],[],[],[],[],[],[],[],[],[],[],[],[],[],[],[],[],[],[],[],[],[],[],[],[],[],[],[],[],[],[],[]],"gold_per_floor":[367,15,29,29,40,40,66,66,66,76,76,92,108,121,121,192,192,212,44,44,59,59,59,90,90,90,116,116,116,142,170,170,243,243,258,480,535,194,208,208,241,260,260,287,287,96,96,121,121,121,121,121,121,22,53,53],"floor_reached":57,"playtime":6483,"items_purged":["Strike_G","Writhe","Pain"],"score":2913,"play_id":"53a08096-09eb-4daf-a9aa-7998a3f44b02","local_time":"20230217212748","score_breakdown":["Floors Climbed (57): 285","Enemies Slain (12): 24","Exordium Elites Killed (1): 10","City Elites Killed (3): 60","Beyond Elites Killed (3): 90","Bosses Slain (5): 750","Money Money (1105): 25","Collector (1): 25","Librarian: 25","Champion (3): 75","Ascension (20): 1294","Heartbreaker: 250"],"is_ascension_mode":true,"potions_obtained_alchemize":[[],[],[],[],[],[],[],[],[],[],[],[],[],[],[],[],[],[],[],[],[],[],[],[],[],[],[],[],[],[],[],[],[],[],[],[],[],[],[],[],[],[],[],[],[],[],[],[],[],[],[],[],[],[],[],[],[]],"campfire_choices":[{"floor":6,"key":"REST"},{"data":"Neutralize","floor":11,"key":"SMITH"},{"data":"Well Laid Plans","floor":15,"key":"SMITH"},{"data":"Phantasmal Killer","floor":23,"key":"SMITH"},{"data":"Finisher","floor":25,"key":"SMITH"},{"data":"Ghostly","floor":32,"key":"SMITH"},{"data":"Ghostly","floor":40,"key":"SMITH"},{"floor":45,"key":"RECALL"},{"data":"Ghostly","floor":49,"key":"SMITH"},{"data":"After Image","floor":53,"key":"SMITH"}],"lesson_learned_per_floor":[[],[],[],[],[],[],[],[],[],[],[],[],[],[],[],[],[],[],[],[],[],[],[],[],[],[],[],[],[],[],[],[],[],[],[],[],[],[],[],[],[],[],[],[],[],[],[],[],[],[],[],[],[],[],[],[],[]],"neow_cost":"PERCENT_DAMAGE","improvable_cards":{},"seed_source_timestamp":432352512375,"shop_contents":[{"floor":2,"relics":["War Paint"],"cards":["Slice","Cloak And Dagger","PiercingWail","Panacea","Violence"],"potions":["LiquidMemories","GamblersBrew"]},{"floor":19,"relics":["Singing Bowl","Strange Spoon"],"cards":["Dagger Spray","Bane","Bouncing Flask","Reflex","Noxious Fumes","Purity","Thinking Ahead"],"potions":["Dexterity Potion","FairyPotion"]},{"floor":38,"relics":["Matryoshka"],"cards":["Underhanded Strike","Finisher","Prepared","Infinite Blades","Madness","Panache"],"potions":["SpeedPotion","Energy Potion"]},{"floor":46,"relics":["Prayer Wheel","Ancient Tea Set"],"cards":["Underhanded Strike","Slice","Catalyst","Deadly Poison","Accuracy","Thinking Ahead"],"potions":["Poison Potion","FairyPotion","EntropicBrew"]},{"floor":54,"relics":["Blue Candle","Art of War","Lee\u0027s Waffle"],"cards":["Sucker Punch","All Out Attack","Setup","Magnetism"],"potions":["Explosive Potion","Swift Potion","BlessingOfTheForge"]}],"circlet_count":0,"master_deck":["AscendersBane","Strike_G","Strike_G+1","Strike_G+1","Strike_G","Defend_G","Defend_G","Defend_G","Defend_G","Defend_G+1","Survivor","Neutralize+1","Calculated Gamble","Well Laid Plans+1","Skewer+1","Blade Dance","Blade Dance","After Image+1","Backflip","Finisher+1","Phantasmal Killer+1","Endless Agony+1","Necronomicurse","Backflip+1","Die Die Die","Ghostly+1","Ghostly+1","Ghostly+1","Backflip","PiercingWail","Accuracy","Blade Dance+1","Bouncing Flask+1","Calculated Gamble","Footwork+1","Expertise+1","Crippling Poison","Acrobatics","Cloak And Dagger+1","PanicButton","PiercingWail+1","Blind","Backflip","Footwork","Dodge and Roll"],"potion_use_per_floor":[[],[],[],[],[],[],["Ancient Potion"],[],[],[],[],[],["Fruit Juice"],[],[],[],[],[],[],[],["ColorlessPotion"],[],[],["Explosive Potion"],[],[],["Swift Potion"],[],[],[],[],[],[],[],[],[],["SkillPotion"],[],[],[],["EssenceOfSteel"],["SpeedPotion"],[],[],[],[],[],[],[],[],[],[],[],[],[],["DuplicationPotion","Swift Potion","LiquidMemories"],[]],"relics":["Ring of the Snake","Membership Card","Pen Nib","Letter Opener","Eternal Feather","Philosopher\u0027s Stone","Potion Belt","Necronomicon","Darkstone Periapt","Paper Crane","Boot","Whetstone","Red Mask","Anchor","Cursed Key","Torii","White Beast Statue","Sling","Lantern","Shuriken","Orrery","Mango","Orichalcum"],"potions_floor_usage":[7,13,21,24,27,37,41,42,56,56,56],"damage_taken":[{"damage":1,"enemies":"Small Slimes","floor":1,"turns":6},{"damage":0,"enemies":"Jaw Worm","floor":3,"turns":5},{"damage":0,"enemies":"Cultist","floor":5,"turns":3},{"damage":24,"enemies":"Gremlin Nob","floor":7,"turns":4},{"damage":0,"enemies":"3 Louse","floor":10,"turns":3},{"damage":1,"enemies":"Blue Slaver","floor":12,"turns":3},{"damage":0,"enemies":"Large Slime","floor":13,"turns":5},{"damage":0,"enemies":"2 Fungi Beasts","floor":14,"turns":6},{"damage":5,"enemies":"The Guardian","floor":16,"turns":14},{"damage":8,"enemies":"Shell Parasite","floor":18,"turns":8},{"damage":7,"enemies":"3 Byrds","floor":21,"turns":3},{"damage":0,"enemies":"Gremlin Leader","floor":24,"turns":2},{"damage":14,"enemies":"Book of Stabbing","floor":27,"turns":4},{"damage":1,"enemies":"Masked Bandits","floor":30,"turns":4},{"damage":7,"enemies":"Slavers","floor":31,"turns":4},{"damage":15,"enemies":"Automaton","floor":33,"turns":9},{"damage":1,"enemies":"3 Shapes","floor":35,"turns":3},{"damage":21,"enemies":"2 Orb Walkers","floor":37,"turns":3},{"damage":0,"enemies":"3 Darklings","floor":39,"turns":10},{"damage":17,"enemies":"Giant Head","floor":41,"turns":5},{"damage":0,"enemies":"Maw","floor":42,"turns":5},{"damage":0,"enemies":"Nemesis","floor":44,"turns":1},{"damage":11,"enemies":"Reptomancer","floor":48,"turns":6},{"damage":12,"enemies":"Donu and Deca","floor":50,"turns":10},{"damage":30,"enemies":"Time Eater","floor":51,"turns":10},{"damage":0,"enemies":"Shield and Spear","floor":55,"turns":6},{"damage":29,"enemies":"The Heart","floor":56,"turns":10}],"green_key_taken_log":41,"seed_played":"-4067076633095297099","neow_bonus_log":{"cardsObtained":[],"cardsUpgraded":[],"cardsRemoved":[],"cardsTransformed":[],"relicsObtained":[],"maxHpGained":0,"goldGained":250,"damageTaken":15,"goldLost":0,"maxHpLost":0},"potions_obtained":[{"floor":5,"key":"Ancient Potion"},{"floor":10,"key":"Fruit Juice"},{"floor":13,"key":"ColorlessPotion"},{"floor":18,"key":"Explosive Potion"},{"floor":24,"key":"Swift Potion"},{"floor":27,"key":"SkillPotion"},{"floor":35,"key":"DuplicationPotion"},{"floor":39,"key":"EssenceOfSteel"},{"floor":41,"key":"SpeedPotion"},{"floor":42,"key":"Swift Potion"}],"is_trial":false,"path_per_floor":["M","$","M","?","M","R","E","?","T","M","R","M","M","M","R","B",null,"M","$","?","M","?","R","E","R","T","E","?","?","?","E","R","B",null,"M","?","?","$","M","R","E","M","T","E","R","$","?","E","R","B","B",null,"R","$","E","B",null],"character_chosen":"THE_SILENT","basemod:card_modifiers":[null,null,null,null,null,null,null,null,null,null,null,null,null,null,null,null,null,null,null,null,null,null,null,null,null,null,null,null,null,null,null,null,null,null,null,null,null,null,null,null,null,null,null,null,null],"items_purchased":["Membership Card","Pen Nib","Well Laid Plans","Skewer","ColorlessPotion","Potion Belt","LiquidMemories","White Beast Statue","Sling","PiercingWail","GamblersBrew","Orrery","PanicButton","Blind","Backflip","Footwork"],"campfire_rested":1,"item_purchase_floors":[2,2,2,2,2,19,19,38,38,38,38,46,46,54,54,54],"current_hp_per_floor":[43,43,43,23,23,42,18,18,18,18,30,29,34,34,46,41,64,56,56,35,28,34,49,49,64,64,50,38,38,37,30,38,23,34,33,33,12,12,12,30,13,13,19,19,40,40,40,43,58,46,16,48,58,58,58,29],"gold":53,"neow_bonus":"TWO_FIFTY_GOLD","is_prod":false,"is_daily":false,"rewards_skipped":[{"floor":44,"relics":[],"potions":["EssenceOfSteel"]},{"floor":48,"relics":[],"potions":["Weak Potion"]},{"floor":55,"relics":[],"potions":["PowerPotion"]}],"chose_seed":false,"campfire_upgraded":8,"win_rate":0,"floor_exit_playtime":[155,306,387,394,490,494,709,787,790,836,862,910,1007,1108,1116,1360,1455,1700,1981,1999,2292,2315,2367,2485,2500,2517,3091,3165,3184,3246,3360,3367,3636,3696,3785,3789,3930,4013,4344,4352,4514,4674,4696,4749,4754,5134,5151,5345,5356,5569,5872,5886,5904,5970,6180,6483],"timestamp":1676687268,"blue_key_relic_skipped_log":{"floor":43,"relicID":"The Courier"},"path_taken":["M","$","M","?","M","R","E","?","T","M","R","?","M","M","R","BOSS","M","$","?","M","?","R","E","R","T","E","?","?","?","E","R","BOSS","M","?","?","$","M","R","E","M","T","E","R","?","?","E","R","BOSS","BOSS","R","$","E","BOSS"],"build_version":"2022-12-18","purchased_purges":3,"victory":true,"max_hp_per_floor":[66,66,66,66,66,66,66,66,66,66,66,66,71,71,71,71,71,71,71,71,71,77,77,77,77,77,77,38,38,38,38,38,38,38,38,38,38,38,38,38,38,38,44,44,44,44,44,58,58,58,58,58,58,58,58,58],"relic_stats":{"Darkstone Periapt":12,"Torii":52,"counters":[27,152],"Eternal Feather":126,"Pen Nib":[41],"Letter Opener":[417],"Whetstone":["Endless Agony","Strike_G"],"Orichalcum":[6],"Boot":[76],"Cursed Key":1,"White Beast Statue":[0.0,0.0,0.0,0.4,0.0,0.6000000000000001,0.0,0.0,0.0,0.0,0.0,2.5638400000000003],"Shuriken":[31],"Necronomicon":[17],"Membership Card":982,"obtain_stats":[{"Potion Belt":19,"Darkstone Periapt":22,"Lantern":41,"Torii":37,"Eternal Feather":9,"Mango":48,"Pen Nib":2,"Letter Opener":7,"Whetstone":27,"Paper Crane":24,"Orichalcum":55,"Boot":26,"Cursed Key":34,"Sling":38,"White Beast Statue":38,"Anchor":31,"Shuriken":44,"Orrery":46,"Philosopher\u0027s Stone":17,"Necronomicon":20,"Red Mask":30,"Membership Card":2,"Ring of the Snake":0},{"Potion Belt":10,"Darkstone Periapt":11,"Lantern":20,"Torii":18,"Eternal Feather":4,"Mango":23,"Pen Nib":1,"Letter Opener":4,"Whetstone":13,"Paper Crane":12,"Orichalcum":26,"Boot":12,"Cursed Key":16,"Sling":18,"White Beast Statue":18,"Anchor":15,"Shuriken":22,"Orrery":22,"Philosopher\u0027s Stone":9,"Necronomicon":10,"Red Mask":14,"Membership Card":1,"Ring of the Snake":0},{"Potion Belt":57,"Darkstone Periapt":60,"Lantern":104,"Torii":89,"Eternal Feather":18,"Mango":116,"Pen Nib":6,"Letter Opener":18,"Whetstone":66,"Paper Crane":62,"Orichalcum":142,"Boot":62,"Cursed Key":83,"Sling":89,"White Beast Statue":89,"Anchor":74,"Shuriken":110,"Orrery":110,"Philosopher\u0027s Stone":49,"Necronomicon":57,"Red Mask":70,"Membership Card":6,"Ring of the Snake":0}],"Ring of the Snake":[54]},"card_choices":[{"not_picked":["Sucker Punch","Outmaneuver"],"picked":"Calculated Gamble","floor":1},{"not_picked":["PiercingWail","Dagger Spray"],"picked":"Blade Dance","floor":3},{"not_picked":["Quick Slash","Crippling Poison"],"picked":"Blade Dance","floor":5},{"not_picked":["Die Die Die","Deadly Poison"],"picked":"After Image","floor":7},{"not_picked":["Flying Knee","Distraction"],"picked":"Backflip","floor":10},{"not_picked":["Deadly Poison","Blur"],"picked":"Finisher","floor":12},{"not_picked":["Infinite Blades","Flechettes","Deadly Poison"],"picked":"SKIP","floor":13},{"not_picked":["Slice","Flechettes","Poisoned Stab"],"picked":"SKIP","floor":14},{"not_picked":["Corpse Explosion","Envenom"],"picked":"Phantasmal Killer","floor":16},{"not_picked":["Setup","Flying Knee"],"picked":"Endless Agony","floor":18},{"not_picked":["Sucker Punch","Bouncing Flask"],"picked":"Backflip+1","floor":21},{"not_picked":["Catalyst","Slice","Deflect"],"picked":"SKIP","floor":24},{"not_picked":["Riddle With Holes","Cloak And Dagger"],"picked":"Die Die Die","floor":27},{"not_picked":["Blur","Outmaneuver"],"picked":"Backflip","floor":30},{"not_picked":["All Out Attack","Underhanded Strike","Quick Slash"],"picked":"SKIP","floor":31},{"not_picked":["Glass Knife","Die Die Die","Unload"],"picked":"SKIP","floor":33},{"not_picked":["Bane","Blade Dance","Deflect"],"picked":"SKIP","floor":35},{"not_picked":["Well Laid Plans","Backstab","Catalyst+1"],"picked":"SKIP","floor":37},{"not_picked":["Blade Dance","Flying Knee"],"picked":"Accuracy","floor":39},{"not_picked":["Quick Slash+1","Cloak And Dagger"],"picked":"Blade Dance+1","floor":41},{"not_picked":["Tactician","Accuracy"],"picked":"Bouncing Flask+1","floor":42},{"not_picked":["Blade Dance+1","Finisher"],"picked":"Calculated Gamble","floor":44},{"not_picked":["Sucker Punch","Cloak And Dagger+1"],"picked":"Footwork+1","floor":46},{"not_picked":["Outmaneuver","Quick Slash+1"],"picked":"Expertise+1","floor":46},{"not_picked":["Quick Slash+1","Poisoned Stab"],"picked":"Crippling Poison","floor":46},{"not_picked":["Tools of the Trade","Eviscerate"],"picked":"Acrobatics","floor":46},{"not_picked":["Poisoned Stab","Escape Plan"],"picked":"Cloak And Dagger+1","floor":46},{"not_picked":["Slice","Caltrops+1"],"picked":"PiercingWail+1","floor":48},{"not_picked":["Prepared","Endless Agony"],"picked":"Dodge and Roll","floor":55}],"player_experience":5146509,"relics_obtained":[{"floor":7,"key":"Letter Opener"},{"floor":9,"key":"Eternal Feather"},{"floor":20,"key":"Necronomicon"},{"floor":24,"key":"Paper Crane"},{"floor":26,"key":"Boot"},{"floor":27,"key":"Whetstone"},{"floor":30,"key":"Red Mask"},{"floor":31,"key":"Anchor"},{"floor":37,"key":"Torii"},{"floor":41,"key":"Lantern"},{"floor":44,"key":"Shuriken"},{"floor":48,"key":"Mango"},{"floor":55,"key":"Orichalcum"}],"event_choices":[{"damage_healed":0,"gold_gain":0,"player_choice":"Entered Light","damage_taken":20,"max_hp_gain":0,"max_hp_loss":0,"event_name":"Shining Light","floor":4,"gold_loss":0,"cards_upgraded":["Defend_G","Strike_G"]},{"damage_healed":0,"gold_gain":0,"player_choice":"Forge","damage_taken":0,"max_hp_gain":0,"max_hp_loss":0,"event_name":"Accursed Blacksmith","floor":8,"gold_loss":0,"cards_upgraded":["Skewer"]},{"damage_healed":0,"gold_gain":0,"player_choice":"Obtained Book","damage_taken":21,"max_hp_gain":0,"max_hp_loss":0,"event_name":"Cursed Tome","floor":20,"gold_loss":0},{"damage_healed":0,"gold_gain":0,"player_choice":"Opened","damage_taken":0,"relics_obtained":["Darkstone Periapt"],"max_hp_gain":0,"max_hp_loss":0,"event_name":"The Mausoleum","floor":22,"gold_loss":0,"cards_obtained":["Writhe"]},{"damage_healed":0,"gold_gain":0,"player_choice":"Became a Ghost","damage_taken":0,"max_hp_gain":0,"max_hp_loss":39,"event_name":"Ghosts","floor":28,"gold_loss":0,"cards_obtained":["Ghostly","Ghostly","Ghostly"]},{"damage_healed":0,"gold_gain":0,"player_choice":"Ignored","damage_taken":0,"max_hp_gain":0,"max_hp_loss":0,"event_name":"Vampires","floor":29,"gold_loss":0},{"damage_healed":0,"gold_gain":0,"player_choice":"Fought Bandits","damage_taken":0,"max_hp_gain":0,"max_hp_loss":0,"event_name":"Masked Bandits","floor":30,"gold_loss":0},{"damage_healed":0,"gold_gain":222,"player_choice":"Wore Mask","damage_taken":0,"max_hp_gain":0,"max_hp_loss":0,"event_name":"Tomb of Lord Red Mask","floor":36,"gold_loss":0},{"damage_healed":0,"gold_gain":0,"player_choice":"Fight","damage_taken":0,"max_hp_gain":0,"max_hp_loss":0,"event_name":"Mysterious Sphere","floor":37,"gold_loss":0},{"damage_healed":0,"gold_gain":0,"player_choice":"0 cards matched","damage_taken":0,"max_hp_gain":0,"max_hp_loss":0,"event_name":"Match and Keep!","floor":47,"gold_loss":0,"cards_obtained":[]}],"is_beta":false,"boss_relics":[{"not_picked":["Black Star","Runic Dome"],"picked":"Philosopher\u0027s Stone"},{"not_picked":["Calling Bell","WristBlade"],"picked":"Cursed Key"}],"items_purged_floors":[19,38,46],"is_endless":false,"potions_floor_spawned":[5,10,13,18,24,27,35,39,41,42,44,48,55],"ascension_level":20,"potion_discard_per_floor":[[],[],[],[],[],[],[],[],[],[],[],[],[],[],[],[],[],["ColorlessPotion"],[],[],[],[],[],[],[],[],[],[],[],[],[],[],[],[],[],[],[],[],[],[],[],[],[],[],[],[],[],[],[],[],[],[],[],[],[],["GamblersBrew"],[]]}