{"neow_bonuses_skipped_log":["REMOVE_CARD","TWENTY_PERCENT_HP_BONUS","BOSS_RELIC"],"neow_costs_skipped_log":["NONE","NO_GOLD","NONE"],"potions_obtained_entropic_brew":[[],[],[],[],[],[],[],[],[],[],[],[],[],[],[],[],[],[],[],[],[],[],[],[],[],[],[],[],[],[],[],[],[],[],[],[],[],[],[],[],[],[],[],[],[],[],[],[],[],[],[],[],[],[],[],[]],"gold_per_floor":[216,234,249,269,269,269,40,67,91,123,143,143,143,154,154,231,231,248,248,173,192,192,221,235,235,258,288,301,326,10,28,28,104,104,114,127,127,127,137,169,184,203,203,57,96,96,136,149,149,149,149,149,149,9,48,48],"floor_reached":56,"playtime":11406,"items_purged":["Defend_G"],"score":2218,"play_id":"14b7dc4a-4781-4db3-9eb5-48d32dae1901","local_time":"20230220215345","score_breakdown":["Floors Climbed (56): 280","Enemies Slain (17): 34","Exordium Elites Killed (2): 20","City Elites Killed (3): 60","Beyond Elites Killed (3): 90","Bosses Slain (4): 500","Librarian: 25","Well Fed: 25","Champion (1): 25","Perfect (1): 50","Overkill: 25","Ascension (20): 1084"],"is_ascension_mode":true,"potions_obtained_alchemize":[[],[],[],[],[],[],[],[],[],[],[],[],[],[],[],[],[],[],[],[],[],[],[],[],[],[],[],[],[],[],[],[],[],[],["Strength Potion"],[],[],[],["SmokeBomb"],["PowerPotion"],[],[],[],[],[],[],["ColorlessPotion"],[],[],["CultistPotion"],["GamblersBrew"],[],[],[],["BlessingOfTheForge"],["Strength Potion"]],"campfire_choices":[{"data":"Predator","floor":6,"key":"SMITH"},{"data":"Poisoned Stab","floor":13,"key":"SMITH"},{"data":"Neutralize","floor":15,"key":"SMITH"},{"floor":25,"key":"REST"},{"floor":32,"key":"RECALL"},{"floor":49,"key":"REST"},{"floor":53,"key":"REST"}],"lesson_learned_per_floor":[[],[],[],[],[],[],[],[],[],[],[],[],[],[],[],[],[],[],[],[],[],[],[],[],[],[],[],[],[],[],[],[],[],[],[],[],[],[],[],[],[],[],[],[],[],[],[],[],[],[],[],[],[],[],[],[]],"neow_cost":"NONE","improvable_cards":{"RitualDagger":[36]},"seed_source_timestamp":31289153328617,"shop_contents":[{"floor":7,"relics":["Strawberry","Pocketwatch","Strange Spoon"],"cards":["Slice","Flechettes","Prepared","Deadly Poison","Footwork","Transmutation"],"potions":["ColorlessPotion","Dexterity Potion"]},{"floor":30,"relics":["Lantern","Sling"],"cards":["Dash","Skewer","Concentrate","Mind Blast","Thinking Ahead"],"potions":["CunningPotion","AttackPotion","Dexterity Potion"]},{"floor":44,"relics":["Vajra","Tingsha","Toolbox"],"cards":["Choke","Poisoned Stab","Blur","Mind Blast","HandOfGreed"],"potions":["Poison Potion","Ancient Potion","Fire Potion"]},{"floor":54,"relics":["Oddly Smooth Stone","Whetstone","Medical Kit"],"cards":["Dagger Throw","Dagger Spray","Escape Plan","Setup","Infinite Blades","Deep Breath","HandOfGreed"],"potions":["FearPotion"]}],"circlet_count":0,"master_deck":["AscendersBane","Strike_G+1","Strike_G+1","Strike_G+1","Strike_G+1","Defend_G+1","Defend_G+1","Defend_G+1","Defend_G+1","Survivor","Neutralize+1","Poisoned Stab+1","Deflect+1","Quick Slash","Predator+1","PanicButton","Calculated Gamble","Blade Dance","Corpse Explosion+1","Wraith Form v2","Catalyst+1","RitualDagger","Acrobatics","Well Laid Plans","Noxious Fumes","Terror","Venomology","Calculated Gamble","Discovery","Tools of the Trade","Dodge and Roll+1","Acrobatics","After Image","Crippling Poison","Burst","Acrobatics","Catalyst"],"potion_use_per_floor":[[],[],[],[],[],[],[],["Fire Potion"],[],[],[],[],[],[],[],["GamblersBrew"],[],[],[],[],[],[],[],[],[],[],["Fire Potion"],[],["FearPotion"],[],[],[],[],[],["SpeedPotion"],[],[],[],["Strength Potion"],[],[],[],[],[],[],["Fruit Juice"],["CunningPotion"],["PowerPotion"],[],["BlessingOfTheForge"],["CultistPotion","GamblersBrew","BlessingOfTheForge"],[],[],[],["Energy Potion","BlessingOfTheForge"],["ColorlessPotion","Strength Potion","GamblersBrew"]],"relics":["Ring of the Snake","Blood Vial","Snake Skull","Orichalcum","Eternal Feather","Fusion Hammer","Regal Pillow","Happy Flower","Ancient Tea Set","Mango","Art of War","SacredBark","Matryoshka","CeramicFish","PreservedInsect","Bag of Marbles","War Paint"],"potions_floor_usage":[8,16,27,29,35,39,46,47,48,50,51,51,51,55,55,56,56,56],"damage_taken":[{"damage":4,"enemies":"Jaw Worm","floor":1,"turns":5},{"damage":1,"enemies":"Small Slimes","floor":2,"turns":3},{"damage":0,"enemies":"2 Louse","floor":3,"turns":3},{"damage":1,"enemies":"Looter","floor":4,"turns":4},{"damage":6,"enemies":"Gremlin Nob","floor":8,"turns":3},{"damage":13,"enemies":"3 Sentries","floor":10,"turns":8},{"damage":2,"enemies":"3 Louse","floor":11,"turns":2},{"damage":2,"enemies":"Exordium Thugs","floor":14,"turns":3},{"damage":2,"enemies":"Hexaghost","floor":16,"turns":7},{"damage":22,"enemies":"Spheric Guardian","floor":18,"turns":5},{"damage":0,"enemies":"2 Thieves","floor":21,"turns":2},{"damage":2,"enemies":"Slavers","floor":23,"turns":2},{"damage":0,"enemies":"Snake Plant","floor":24,"turns":5},{"damage":0,"enemies":"Gremlin Leader","floor":27,"turns":5},{"damage":0,"enemies":"3 Cultists","floor":28,"turns":2},{"damage":9,"enemies":"Slavers","floor":29,"turns":4},{"damage":0,"enemies":"Chosen and Byrds","floor":31,"turns":7},{"damage":8,"enemies":"Automaton","floor":33,"turns":8},{"damage":7,"enemies":"3 Shapes","floor":35,"turns":7},{"damage":5,"enemies":"3 Darklings","floor":36,"turns":6},{"damage":0,"enemies":"Spire Growth","floor":39,"turns":4},{"damage":1,"enemies":"Nemesis","floor":40,"turns":5},{"damage":10,"enemies":"Sphere and 2 Shapes","floor":41,"turns":5},{"damage":3,"enemies":"4 Shapes","floor":42,"turns":7},{"damage":40,"enemies":"Reptomancer","floor":45,"turns":8},{"damage":13,"enemies":"Nemesis","floor":47,"turns":7},{"damage":0,"enemies":"Jaw Worm Horde","floor":48,"turns":4},{"damage":76,"enemies":"Awakened One","floor":50,"turns":25},{"damage":0,"enemies":"Donu and Deca","floor":51,"turns":7},{"damage":7,"enemies":"Shield and Spear","floor":55,"turns":5},{"damage":86,"enemies":"The Heart","floor":56,"turns":8}],"green_key_taken_log":27,"seed_played":"1501218524492230859","neow_bonus_log":{"cardsObtained":[],"cardsUpgraded":[],"cardsRemoved":[],"cardsTransformed":[],"relicsObtained":[],"maxHpGained":0,"goldGained":100,"damageTaken":0,"goldLost":0,"maxHpLost":0},"potions_obtained":[{"floor":8,"key":"Block Potion"},{"floor":10,"key":"GamblersBrew"},{"floor":11,"key":"Fire Potion"},{"floor":18,"key":"SteroidPotion"},{"floor":27,"key":"FearPotion"},{"floor":33,"key":"SpeedPotion"},{"floor":36,"key":"Strength Potion"},{"floor":46,"key":"Fruit Juice"},{"floor":46,"key":"CunningPotion"},{"floor":47,"key":"BlessingOfTheForge"},{"floor":48,"key":"BlessingOfTheForge"},{"floor":55,"key":"ColorlessPotion"}],"is_trial":false,"path_per_floor":["M","M","M","M","?","R","$","E","T","E","M","?","R","M","R","B",null,"M","?","?","M","?","E","M","R","T","E","M","E","$","M","R","B",null,"M","M","?","?","M","E","M","M","T","$","E","?","E","M","R","B","B",null,"R","$","E","B"],"character_chosen":"THE_SILENT","basemod:card_modifiers":[null,null,null,null,null,null,null,null,null,null,null,null,null,null,null,null,null,null,null,null,null,null,null,null,null,null,null,null,null,null,null,null,null,null,null,null,null],"items_purchased":["PanicButton","Fire Potion","Noxious Fumes","Terror","Art of War","After Image","Crippling Poison","GamblersBrew","Energy Potion"],"campfire_rested":3,"item_purchase_floors":[7,7,30,30,30,44,44,54,54],"current_hp_per_floor":[55,54,54,53,42,42,42,38,38,27,27,27,39,39,51,51,62,42,42,42,44,38,38,40,66,66,66,66,71,71,73,80,72,78,73,70,60,60,62,63,55,54,54,54,16,26,15,17,80,6,8,70,90,90,83,0],"gold":48,"neow_bonus":"HUNDRED_GOLD","is_prod":false,"is_daily":false,"rewards_skipped":[{"floor":14,"relics":[],"potions":["SpeedPotion"]},{"floor":41,"relics":[],"potions":["SpeedPotion"]},{"floor":45,"relics":[],"potions":["CunningPotion"]}],"chose_seed":false,"campfire_upgraded":3,"win_rate":0,"floor_exit_playtime":[320,400,479,559,594,631,776,838,842,1075,1401,1468,1475,1596,1604,1782,2129,2258,2271,2315,2382,2398,2486,2579,2597,2600,2754,2819,3096,3189,3514,3519,4017,4158,4497,4782,4831,4867,4950,5128,5446,5810,5815,6013,6769,6783,7503,7623,7627,8781,9176,9186,9190,9264,9871],"timestamp":1676948025,"blue_key_relic_skipped_log":{"floor":43,"relicID":"Gremlin Horn"},"path_taken":["M","M","M","M","?","R","$","E","T","E","M","?","R","M","R","BOSS","M","?","?","M","?","E","M","R","T","E","M","E","$","M","R","BOSS","M","M","?","?","?","E","M","M","T","$","E","?","E","M","R","BOSS","BOSS","R","$","E","BOSS"],"build_version":"2022-12-18","purchased_purges":1,"victory":false,"max_hp_per_floor":[66,66,66,66,66,66,66,66,66,66,66,66,66,66,66,66,66,66,66,66,66,66,66,66,66,66,66,66,80,80,80,80,80,80,80,80,80,80,80,80,80,80,80,80,80,90,90,90,90,90,90,90,90,90,90,90],"relic_stats":{"Regal Pillow":15,"Happy Flower":[41],"counters":[31,176],"CeramicFish":45,"Eternal Feather":84,"Snake Skull":[193],"PreservedInsect":127,"Orichalcum":[462],"War Paint":["Deflect","Catalyst"],"Ancient Tea Set":[6],"Blood Vial":44,"Matryoshka":1,"Art of War":[30],"obtain_stats":[{"Regal Pillow":23,"Happy Flower":26,"SacredBark":34,"CeramicFish":43,"Eternal Feather":10,"Mango":29,"Snake Skull":8,"PreservedInsect":45,"Orichalcum":9,"War Paint":55,"Ancient Tea Set":27,"Blood Vial":5,"Matryoshka":40,"Fusion Hammer":17,"Art of War":30,"Bag of Marbles":47,"Ring of the Snake":0},{"Regal Pillow":12,"Happy Flower":13,"SacredBark":18,"CeramicFish":24,"Eternal Feather":6,"Mango":16,"Snake Skull":5,"PreservedInsect":25,"Orichalcum":5,"War Paint":30,"Ancient Tea Set":14,"Blood Vial":4,"Matryoshka":22,"Fusion Hammer":9,"Art of War":16,"Bag of Marbles":26,"Ring of the Snake":0},{"Regal Pillow":47,"Happy Flower":52,"SacredBark":78,"CeramicFish":112,"Eternal Feather":26,"Mango":63,"Snake Skull":18,"PreservedInsect":120,"Orichalcum":18,"War Paint":168,"Ancient Tea Set":57,"Blood Vial":15,"Matryoshka":100,"Fusion Hammer":38,"Art of War":63,"Bag of Marbles":127,"Ring of the Snake":0}],"Ring of the Snake":[62]},"card_choices":[{"not_picked":["Backflip","Slice"],"picked":"Poisoned Stab","floor":1},{"not_picked":["Prepared","Flechettes"],"picked":"Deflect","floor":2},{"not_picked":["Outmaneuver","Deflect"],"picked":"Quick Slash","floor":3},{"not_picked":["Slice","Concentrate"],"picked":"Predator","floor":4},{"not_picked":["Expertise","Quick Slash"],"picked":"Calculated Gamble","floor":8},{"not_picked":["Prepared","Escape Plan"],"picked":"Blade Dance","floor":10},{"not_picked":["Slice","Distraction"],"picked":"Corpse Explosion","floor":11},{"not_picked":["Bane","Quick Slash","Heel Hook"],"picked":"SKIP","floor":14},{"not_picked":["Adrenaline","Unload"],"picked":"Wraith Form v2","floor":16},{"not_picked":["Underhanded Strike","Blade Dance"],"picked":"Catalyst","floor":18},{"not_picked":["Tactician","Dagger Spray","Blade Dance"],"picked":"SKIP","floor":21},{"not_picked":["Masterful Stab","Flechettes","Accuracy"],"picked":"SKIP","floor":23},{"not_picked":["Dagger Throw","Dash"],"picked":"Acrobatics","floor":27},{"not_picked":["Outmaneuver","Bane","Glass Knife"],"picked":"SKIP","floor":28},{"not_picked":["Setup","Terror"],"picked":"Well Laid Plans","floor":29},{"not_picked":["Tactician","Distraction","Slice"],"picked":"SKIP","floor":31},{"not_picked":["Tactician","Distraction","Slice"],"picked":"SKIP","floor":31},{"not_picked":["Die Die Die","Adrenaline"],"picked":"Venomology","floor":33},{"not_picked":["Predator","Underhanded Strike"],"picked":"Calculated Gamble","floor":35},{"not_picked":["Endless Agony","Dodge and Roll","Sucker Punch"],"picked":"SKIP","floor":36},{"not_picked":["Forethought","Madness"],"picked":"Discovery","floor":37},{"not_picked":["Purity","Madness","Deep Breath"],"picked":"SKIP","floor":37},{"not_picked":["The Bomb","Enlightenment","Forethought"],"picked":"SKIP","floor":37},{"not_picked":["Concentrate","Dagger Spray","Underhanded Strike"],"picked":"SKIP","floor":39},{"not_picked":["Cloak And Dagger","Setup"],"picked":"Tools of the Trade","floor":40},{"not_picked":["Sucker Punch","Poisoned Stab"],"picked":"Dodge and Roll+1","floor":41},{"not_picked":["Quick Slash+1","Footwork"],"picked":"Acrobatics","floor":42},{"not_picked":["Bane","Blade Dance+1"],"picked":"Burst","floor":45},{"not_picked":["Blur","Tactician"],"picked":"Acrobatics","floor":47},{"not_picked":["Accuracy","Infinite Blades","Flying Knee"],"picked":"SKIP","floor":48},{"not_picked":["Accuracy","Venomology"],"picked":"Catalyst","floor":55}],"player_experience":5157900,"relics_obtained":[{"floor":8,"key":"Snake Skull"},{"floor":9,"key":"Orichalcum"},{"floor":10,"key":"Eternal Feather"},{"floor":23,"key":"Regal Pillow"},{"floor":26,"key":"Happy Flower"},{"floor":27,"key":"Ancient Tea Set"},{"floor":29,"key":"Mango"},{"floor":40,"key":"Matryoshka"},{"floor":43,"key":"CeramicFish"},{"floor":45,"key":"PreservedInsect"},{"floor":47,"key":"Bag of Marbles"},{"floor":55,"key":"War Paint"}],"event_choices":[{"damage_healed":0,"gold_gain":0,"player_choice":"Success","damage_taken":11,"relics_obtained":["Blood Vial"],"max_hp_gain":0,"max_hp_loss":0,"event_name":"Scrap Ooze","floor":5,"gold_loss":0},{"damage_healed":0,"gold_gain":0,"player_choice":"Grow","damage_taken":0,"max_hp_gain":0,"max_hp_loss":0,"event_name":"Living Wall","floor":12,"gold_loss":0,"cards_upgraded":["Corpse Explosion"]},{"damage_healed":0,"gold_gain":0,"player_choice":"Simplicity","damage_taken":0,"max_hp_gain":0,"max_hp_loss":0,"event_name":"Back to Basics","floor":19,"gold_loss":0,"cards_upgraded":["Strike_G","Strike_G","Strike_G","Strike_G","Strike_G","Defend_G","Defend_G","Defend_G","Defend_G"]},{"cards_removed":["Strike_G"],"damage_healed":0,"gold_gain":0,"player_choice":"Gave Gold","damage_taken":0,"max_hp_gain":0,"max_hp_loss":0,"event_name":"Beggar","floor":20,"gold_loss":75},{"damage_healed":0,"gold_gain":0,"player_choice":"Joined the Cult","damage_taken":6,"max_hp_gain":0,"max_hp_loss":0,"event_name":"Nest","floor":22,"gold_loss":0,"cards_obtained":["RitualDagger"]},{"damage_healed":0,"gold_gain":0,"player_choice":"Memory 3","damage_taken":10,"max_hp_gain":0,"max_hp_loss":0,"event_name":"SensoryStone","floor":37,"gold_loss":0},{"damage_healed":0,"gold_gain":0,"player_choice":"0 cards matched","damage_taken":0,"max_hp_gain":0,"max_hp_loss":0,"event_name":"Match and Keep!","floor":38,"gold_loss":0,"cards_obtained":[]},{"damage_healed":0,"gold_gain":0,"player_choice":"Got Potions","damage_taken":0,"max_hp_gain":0,"max_hp_loss":0,"event_name":"Lab","floor":46,"gold_loss":0}],"is_beta":false,"boss_relics":[{"not_picked":["Ring of the Serpent","Black Star"],"picked":"Fusion Hammer"},{"not_picked":["WristBlade","Runic Dome"],"picked":"SacredBark"}],"items_purged_floors":[7],"is_endless":false,"potions_floor_spawned":[8,10,11,14,18,27,33,36,41,45,47,48,55],"killed_by":"The Heart","ascension_level":20,"potion_discard_per_floor":[[],[],[],[],[],[],[],[],[],[],["Block Potion"],[],[],[],[],[],[],[],[],[],[],[],[],[],[],[],[],[],[],[],[],[],[],[],[],["Strength Potion"],[],[],[],["SmokeBomb"],[],[],[],[],[],["SteroidPotion"],["ColorlessPotion"],[],[],[],[],[],[],[],[],[]]}