{"neow_bonuses_skipped_log":["UPGRADE_CARD","TEN_PERCENT_HP_BONUS","BOSS_RELIC"],"potions_obtained_entropic_brew":[[],[],[],[],[],[],[],[]],"neow_costs_skipped_log":["NONE","NONE","NONE"],"gold_per_floor":[118,138,138,153,12,12,46,46],"floor_reached":8,"playtime":1164,"items_purged":[],"score":112,"play_id":"a08a25ee-e7bd-4bda-959d-ed6741a083f3","local_time":"20230216171319","score_breakdown":["Floors Climbed (8): 40","Enemies Slain (3): 6","Exordium Elites Killed (1): 10","Bosses Slain (0): 0","Ascension (20): 56"],"is_ascension_mode":true,"potions_obtained_alchemize":[[],[],[],[],[],[],[],[]],"campfire_choices":[{"data":"Bullet Time","floor":6,"key":"SMITH"}],"lesson_learned_per_floor":[[],[],[],[],[],[],[],[]],"neow_cost":"PERCENT_DAMAGE","improvable_cards":{},"seed_source_timestamp":23435987384028,"shop_contents":[{"floor":5,"relics":["Kunai","Meat on the Bone","DollysMirror"],"cards":["Finisher","Bullet Time","Noxious Fumes","Bandage Up","Apotheosis"],"potions":["ColorlessPotion","Swift Potion","Energy Potion"]}],"circlet_count":0,"master_deck":["AscendersBane","Strike_G","Strike_G","Strike_G","Strike_G","Defend_G","Defend_G","Defend_G","Defend_G","Survivor","Neutralize","Escape Plan","Night Terror","Eviscerate","Bullet Time+1","Backflip","Acrobatics","Dash","Burst"],"potion_use_per_floor":[[],[],[],[],[],[],["Strength Potion"],[]],"relics":["Ring of the Snake","Ginger","Bag of Marbles"],"potions_floor_usage":[7],"damage_taken":[{"damage":3,"enemies":"Cultist","floor":1,"turns":5},{"damage":4,"enemies":"Small Slimes","floor":2,"turns":3},{"damage":0,"enemies":"Jaw Worm","floor":4,"turns":6},{"damage":32,"enemies":"Lagavulin","floor":7,"turns":9},{"damage":5,"enemies":"Exordium Thugs","floor":8,"turns":2}],"seed_played":"294615460005272645","neow_bonus_log":{"cardsObtained":["Escape Plan","Night Terror"],"cardsUpgraded":[],"cardsRemoved":[],"cardsTransformed":["Defend_G","Strike_G"],"relicsObtained":[],"maxHpGained":0,"goldGained":0,"damageTaken":15,"goldLost":0,"maxHpLost":0},"potions_obtained":[{"floor":1,"key":"LiquidBronze"},{"floor":4,"key":"Strength Potion"}],"is_trial":false,"path_per_floor":["M","M","T","M","$","R","E","M"],"character_chosen":"THE_SILENT","basemod:card_modifiers":[null,null,null,null,null,null,null,null,null,null,null,null,null,null,null,null,null,null,null],"items_purchased":["Acrobatics","Dash"],"campfire_rested":0,"item_purchase_floors":[5,5],"current_hp_per_floor":[41,37,37,37,37,37,5,0],"gold":46,"neow_bonus":"TRANSFORM_TWO_CARDS","is_prod":false,"is_daily":false,"rewards_skipped":[],"chose_seed":false,"campfire_upgraded":1,"win_rate":0,"floor_exit_playtime":[179,232,258,395,526,539,939],"timestamp":1676585599,"path_taken":["M","M","?","M","$","R","E","M"],"build_version":"2022-12-18","purchased_purges":0,"victory":false,"max_hp_per_floor":[66,66,66,66,66,66,66,66],"relic_stats":{"counters":[5,25],"Ginger":[0],"obtain_stats":[{"Bag of Marbles":7,"Ginger":3,"Ring of the Snake":0},{"Bag of Marbles":4,"Ginger":2,"Ring of the Snake":0},{"Bag of Marbles":23,"Ginger":8,"Ring of the Snake":0}],"Ring of the Snake":[10]},"card_choices":[{"not_picked":["Flying Knee","Bane"],"picked":"Eviscerate","floor":1},{"not_picked":["Quick Slash","Cloak And Dagger"],"picked":"Bullet Time","floor":2},{"not_picked":["Deadly Poison","Deflect"],"picked":"Backflip","floor":4},{"not_picked":["Deflect","Cloak And Dagger"],"picked":"Burst","floor":7}],"player_experience":5136095,"relics_obtained":[{"floor":3,"key":"Ginger"},{"floor":7,"key":"Bag of Marbles"}],"event_choices":[],"is_beta":false,"boss_relics":[],"items_purged_floors":[],"is_endless":false,"potions_floor_spawned":[1,4],"killed_by":"Exordium Thugs","ascension_level":20,"potion_discard_per_floor":[[],[],[],[],[],[],[],[]]}