{"neow_bonuses_skipped_log":["ONE_RANDOM_RARE_CARD","TEN_PERCENT_HP_BONUS","BOSS_RELIC"],"neow_costs_skipped_log":["NONE","NONE","NONE"],"potions_obtained_entropic_brew":[[],[],[],[],[],[],[],[],[],[],[],[],[],[],[],[],[],[],[],[],[],[],[],[],[],[],[],[],[],[],[],[],[],[],[],[],[],[],[],[],[],[],[],[],[],[],[],[],[],[],[],[],[],[],[],[],[]],"gold_per_floor":[12,24,37,37,57,57,82,82,82,82,102,152,172,206,206,284,284,294,309,323,48,61,90,90,123,148,173,193,223,148,183,183,259,259,279,297,297,310,327,327,358,358,358,358,370,370,52,80,80,80,80,80,80,25,50,50],"floor_reached":57,"playtime":4908,"items_purged":["Dagger Spray+1"],"score":3669,"play_id":"1efb8857-a7cc-4d4e-a0c9-be957d8dfba8","local_time":"20230218175439","score_breakdown":["Floors Climbed (57): 285","Enemies Slain (16): 32","Exordium Elites Killed (2): 20","City Elites Killed (5): 100","Beyond Elites Killed (2): 60","Bosses Slain (5): 750","Collector (1): 25","Champion (8): 200","Beyond Perfect: 200","Overkill: 25","C-c-c-combo: 25","Ascension (20): 1697","Heartbreaker: 250"],"is_ascension_mode":true,"potions_obtained_alchemize":[[],[],[],[],[],[],[],[],[],[],[],[],[],[],[],[],[],[],[],[],[],[],[],[],[],[],[],[],[],[],[],[],[],[],[],[],[],[],[],[],[],[],[],[],[],[],[],[],[],[],[],[],[],[],[],[],[]],"campfire_choices":[{"data":"Neutralize","floor":6,"key":"SMITH"},{"data":"All Out Attack","floor":8,"key":"SMITH"},{"data":"Terror","floor":10,"key":"SMITH"},{"data":"Underhanded Strike","floor":15,"key":"SMITH"},{"data":"Tactician","floor":24,"key":"SMITH"},{"data":"Calculated Gamble","floor":32,"key":"SMITH"},{"data":"Acrobatics","floor":40,"key":"SMITH"},{"floor":46,"key":"RECALL"},{"data":"Calculated Gamble","floor":49,"key":"SMITH"},{"data":"Calculated Gamble","floor":53,"key":"SMITH"}],"lesson_learned_per_floor":[[],[],[],[],[],[],[],[],[],[],[],[],[],[],[],[],[],[],[],[],[],[],[],[],[],[],[],[],[],[],[],[],[],[],[],[],[],[],[],[],[],[],[],[],[],[],[],[],[],[],[],[],[],[],[],[],[]],"neow_cost":"NO_GOLD","improvable_cards":{},"seed_source_timestamp":14658827895063,"shop_contents":[{"floor":21,"relics":["InkBottle","OrangePellets"],"cards":["Choke","Dash","Acrobatics","Terror","Accuracy","Panache"],"potions":["ColorlessPotion","Dexterity Potion","Block Potion"]},{"floor":47,"relics":["War Paint","Mummified Hand"],"cards":["Bane+1","Slice+1","Backflip","Envenom","Good Instincts","Metamorphosis"],"potions":["ColorlessPotion","Swift Potion","Explosive Potion"]},{"floor":54,"relics":["Strawberry","Bag of Preparation","Frozen Eye"],"cards":["Eviscerate+1","Slice+1","Leg Sweep","Deadly Poison","Caltrops","Purity","Secret Weapon"],"potions":["Weak Potion","FearPotion"]}],"circlet_count":0,"master_deck":["AscendersBane","Survivor+1","Neutralize+1","Acrobatics+1","Dagger Throw+1","Terror+1","Acrobatics+1","Underhanded Strike+1","Backflip+1","Adrenaline+1","Burst+1","Bullet Time+1","Doppelganger+1","Envenom+1","Grand Finale+1","Envenom+1","Concentrate+1","Eviscerate+1","Prepared+1","Backflip+1","Dark Shackles+1","Tactician+1","Calculated Gamble+1","Acrobatics+1","Blur+1","PiercingWail+1","Malaise+1","Bouncing Flask+1","Storm of Steel+1","Backflip+1","Acrobatics+1","Calculated Gamble+1","Calculated Gamble+1","Acrobatics"],"potion_use_per_floor":[[],[],[],[],[],[],["Strength Potion"],[],[],[],[],[],[],[],[],[],[],[],[],[],[],[],[],[],[],[],["GamblersBrew"],[],[],[],[],[],[],[],[],[],[],[],[],[],[],[],[],[],[],[],[],[],[],[],[],[],[],[],[],["Ancient Potion","Swift Potion"],[]],"relics":["Ring of the Snake","Tough Bandages","Gremlin Horn","Lantern","Mercury Hourglass","Ninja Scroll","Pandora\u0027s Box","Centennial Puzzle","Tiny Chest","Molten Egg 2","Orichalcum","Pen Nib","Kunai","Astrolabe","Mark of the Bloom","Question Card","Pear","Medical Kit","Toy Ornithopter","Snake Skull"],"potions_floor_usage":[7,27,56,56],"damage_taken":[{"damage":1,"enemies":"Cultist","floor":1,"turns":6},{"damage":5,"enemies":"2 Louse","floor":2,"turns":3},{"damage":1,"enemies":"Small Slimes","floor":3,"turns":3},{"damage":1,"enemies":"Blue Slaver","floor":5,"turns":4},{"damage":3,"enemies":"Gremlin Nob","floor":7,"turns":3},{"damage":0,"enemies":"Large Slime","floor":11,"turns":2},{"damage":0,"enemies":"Looter","floor":13,"turns":2},{"damage":2,"enemies":"Lagavulin","floor":14,"turns":6},{"damage":11,"enemies":"The Guardian","floor":16,"turns":14},{"damage":0,"enemies":"3 Byrds","floor":18,"turns":3},{"damage":0,"enemies":"2 Thieves","floor":19,"turns":1},{"damage":4,"enemies":"Shelled Parasite and Fungi","floor":20,"turns":2},{"damage":0,"enemies":"Centurion and Healer","floor":22,"turns":2},{"damage":0,"enemies":"Book of Stabbing","floor":23,"turns":3},{"damage":0,"enemies":"Slavers","floor":25,"turns":3},{"damage":0,"enemies":"Book of Stabbing","floor":27,"turns":3},{"damage":0,"enemies":"Snecko","floor":28,"turns":3},{"damage":0,"enemies":"Gremlin Leader","floor":29,"turns":3},{"damage":0,"enemies":"Slavers","floor":31,"turns":3},{"damage":0,"enemies":"Champ","floor":33,"turns":10},{"damage":0,"enemies":"Orb Walker","floor":35,"turns":4},{"damage":0,"enemies":"3 Shapes","floor":36,"turns":1},{"damage":0,"enemies":"Spire Growth","floor":38,"turns":2},{"damage":0,"enemies":"Writhing Mass","floor":39,"turns":4},{"damage":0,"enemies":"Giant Head","floor":41,"turns":1},{"damage":0,"enemies":"Transient","floor":45,"turns":6},{"damage":0,"enemies":"Nemesis","floor":48,"turns":3},{"damage":0,"enemies":"Awakened One","floor":50,"turns":6},{"damage":0,"enemies":"Donu and Deca","floor":51,"turns":3},{"damage":0,"enemies":"Shield and Spear","floor":55,"turns":5},{"damage":0,"enemies":"The Heart","floor":56,"turns":7}],"green_key_taken_log":48,"seed_played":"-7211228169756330864","neow_bonus_log":{"cardsObtained":[],"cardsUpgraded":[],"cardsRemoved":[],"cardsTransformed":[],"relicsObtained":["Tough Bandages"],"maxHpGained":0,"goldGained":0,"damageTaken":0,"goldLost":99,"maxHpLost":0},"potions_obtained":[{"floor":2,"key":"Strength Potion"},{"floor":5,"key":"LiquidBronze"},{"floor":13,"key":"PowerPotion"},{"floor":14,"key":"Fire Potion"},{"floor":16,"key":"SteroidPotion"},{"floor":18,"key":"GamblersBrew"},{"floor":29,"key":"Dexterity Potion"},{"floor":31,"key":"Ancient Potion"},{"floor":33,"key":"CunningPotion"}],"is_trial":false,"path_per_floor":["M","M","M","T","M","R","E","R","T","R","M","?","M","E","R","B",null,"M","M","M","$","M","E","R","E","T","E","M","E","?","E","R","B",null,"M","M","?","M","M","R","E","?","T","T","M","R","$","E","R","B","B",null,"R","$","E","B",null],"character_chosen":"THE_SILENT","basemod:card_modifiers":[null,null,null,null,null,null,null,null,null,null,null,null,null,null,null,null,null,null,null,null,null,null,null,null,null,null,null,null,null,null,null,null,null,null],"items_purchased":["Dark Shackles","Centennial Puzzle","Calculated Gamble","Medical Kit","Swift Potion"],"campfire_rested":0,"item_purchase_floors":[21,21,47,47,54],"current_hp_per_floor":[58,53,52,52,51,51,48,48,48,48,48,42,42,40,40,29,57,57,57,53,53,53,53,53,53,53,53,53,53,53,53,53,53,63,63,63,63,63,63,63,63,63,63,63,63,63,63,63,63,63,63,63,63,63,63,63],"gold":50,"neow_bonus":"ONE_RARE_RELIC","is_prod":false,"is_daily":false,"rewards_skipped":[{"floor":20,"relics":[],"potions":["EssenceOfSteel"]},{"floor":35,"relics":[],"potions":["SkillPotion"]},{"floor":41,"relics":["Bottled Tornado"],"potions":["Dexterity Potion"]},{"floor":45,"relics":[],"potions":["Strength Potion"]}],"chose_seed":false,"campfire_upgraded":9,"win_rate":0,"floor_exit_playtime":[166,224,268,272,341,348,389,395,398,403,477,483,507,605,611,814,982,1089,1151,1241,1338,1403,1506,1523,1640,1667,1791,1907,2056,2097,2218,2223,2595,2689,2783,2853,2899,2968,3107,3125,3248,3251,3253,3262,3422,3426,3460,3590,3596,3985,4159,4170,4175,4184,4456,4908],"timestamp":1676760879,"blue_key_relic_skipped_log":{"floor":26,"relicID":"Dream Catcher"},"path_taken":["M","M","M","?","M","R","E","R","T","R","M","?","?","E","R","BOSS","M","M","M","$","M","E","R","E","T","E","M","E","?","E","R","BOSS","M","M","?","M","M","R","E","?","T","?","M","R","$","E","R","BOSS","BOSS","R","$","E","BOSS"],"build_version":"2022-12-18","purchased_purges":1,"victory":true,"max_hp_per_floor":[66,66,66,66,66,66,66,66,66,66,66,66,66,66,66,66,66,66,66,66,66,66,66,66,66,66,66,66,66,66,66,66,66,66,66,66,66,66,66,66,66,66,66,76,76,76,76,76,76,76,76,76,76,76,76,76],"relic_stats":{"Mark of the Bloom":30,"Gremlin Horn":[18,18],"counters":[31,121],"Astrolabe":["Dagger Spray","Bouncing Flask","Storm of Steel"],"Pen Nib":[17],"Snake Skull":[35],"Orichalcum":[0],"Question Card":3,"Medical Kit":[12],"Mercury Hourglass":[331],"Tough Bandages":[2076],"Centennial Puzzle":[0],"Pandora\u0027s Box":["Burst","Sucker Punch","Bullet Time","Glass Knife","Doppelganger","Envenom","Grand Finale","Envenom","Skewer","Concentrate"],"Tiny Chest":1,"Kunai":[35],"obtain_stats":[{"Lantern":7,"Mark of the Bloom":37,"Pear":44,"Gremlin Horn":4,"Astrolabe":34,"Pen Nib":29,"Snake Skull":55,"Orichalcum":27,"Question Card":43,"Medical Kit":47,"Mercury Hourglass":9,"Tough Bandages":0,"Centennial Puzzle":21,"Ninja Scroll":14,"Pandora\u0027s Box":17,"Tiny Chest":23,"Molten Egg 2":25,"Kunai":31,"Toy Ornithopter":48,"Ring of the Snake":0},{"Lantern":5,"Mark of the Bloom":22,"Pear":25,"Gremlin Horn":3,"Astrolabe":20,"Pen Nib":18,"Snake Skull":30,"Orichalcum":16,"Question Card":25,"Medical Kit":26,"Mercury Hourglass":5,"Tough Bandages":0,"Centennial Puzzle":12,"Ninja Scroll":8,"Pandora\u0027s Box":9,"Tiny Chest":14,"Molten Egg 2":15,"Kunai":19,"Toy Ornithopter":27,"Ring of the Snake":0},{"Lantern":19,"Mark of the Bloom":84,"Pear":91,"Gremlin Horn":12,"Astrolabe":79,"Pen Nib":66,"Snake Skull":114,"Orichalcum":60,"Question Card":91,"Medical Kit":97,"Mercury Hourglass":19,"Tough Bandages":0,"Centennial Puzzle":49,"Ninja Scroll":29,"Pandora\u0027s Box":43,"Tiny Chest":54,"Molten Egg 2":57,"Kunai":69,"Toy Ornithopter":100,"Ring of the Snake":0}],"Toy Ornithopter":0,"Ring of the Snake":[62]},"card_choices":[{"not_picked":["Deadly Poison","Cloak And Dagger"],"picked":"Acrobatics","floor":1},{"not_picked":["Acrobatics","Cloak And Dagger"],"picked":"Dagger Throw","floor":2},{"not_picked":["Backstab","Deflect"],"picked":"Terror","floor":3},{"not_picked":["Outmaneuver","Cloak And Dagger","Dodge and Roll"],"picked":"SKIP","floor":5},{"not_picked":["Choke","Concentrate"],"picked":"All Out Attack","floor":7},{"not_picked":["Expertise","Masterful Stab"],"picked":"Acrobatics","floor":11},{"not_picked":["Expertise","Dagger Spray"],"picked":"Underhanded Strike","floor":13},{"not_picked":["Infinite Blades","Escape Plan"],"picked":"Backflip","floor":14},{"not_picked":["Unload","Glass Knife"],"picked":"Adrenaline","floor":16},{"not_picked":["Expertise","Heel Hook"],"picked":"Eviscerate","floor":18},{"not_picked":["Quick Slash","Slice"],"picked":"Prepared","floor":19},{"not_picked":["Prepared","Leg Sweep"],"picked":"Backflip","floor":20},{"not_picked":["Sucker Punch","Deadly Poison"],"picked":"Tactician","floor":22},{"not_picked":["Wraith Form v2","Distraction"],"picked":"Calculated Gamble","floor":23},{"not_picked":["Expertise","Deflect"],"picked":"Acrobatics","floor":25},{"not_picked":["Deflect","All Out Attack+1"],"picked":"Blur+1","floor":27},{"not_picked":["Infinite Blades","Blade Dance"],"picked":"PiercingWail","floor":28},{"not_picked":["Blur+1","Die Die Die+1","Riddle With Holes+1"],"picked":"SKIP","floor":29},{"not_picked":["Deflect","Slice+1","Flechettes+1"],"picked":"SKIP","floor":31},{"not_picked":["After Image","Venomology"],"picked":"Malaise","floor":33},{"not_picked":["Deadly Poison","Cloak And Dagger","Flying Knee+1"],"picked":"SKIP","floor":35},{"not_picked":["Flying Knee+1","PiercingWail"],"picked":"Backflip","floor":36},{"not_picked":["PiercingWail+1","Grand Finale+1"],"picked":"Acrobatics","floor":38},{"not_picked":["Cloak And Dagger","Underhanded Strike+1","Finisher+1"],"picked":"SKIP","floor":39},{"not_picked":["Underhanded Strike+1","Choke+1"],"picked":"Calculated Gamble","floor":41},{"not_picked":["Poisoned Stab+1","PiercingWail+1","Dodge and Roll","Footwork"],"picked":"SKIP","floor":45},{"not_picked":["Masterful Stab+1","Blade Dance","PiercingWail"],"picked":"Acrobatics","floor":48},{"not_picked":["Accuracy+1","Heel Hook+1","Dagger Spray+1","Concentrate"],"picked":"SKIP","floor":55}],"player_experience":5152992,"relics_obtained":[{"floor":4,"key":"Gremlin Horn"},{"floor":7,"key":"Lantern"},{"floor":9,"key":"Mercury Hourglass"},{"floor":14,"key":"Ninja Scroll"},{"floor":23,"key":"Tiny Chest"},{"floor":25,"key":"Molten Egg 2"},{"floor":27,"key":"Orichalcum"},{"floor":29,"key":"Pen Nib"},{"floor":31,"key":"Kunai"},{"floor":43,"key":"Question Card"},{"floor":44,"key":"Pear"},{"floor":48,"key":"Toy Ornithopter"},{"floor":55,"key":"Snake Skull"}],"event_choices":[{"damage_healed":0,"gold_gain":50,"player_choice":"Touch","damage_taken":6,"max_hp_gain":0,"max_hp_loss":0,"event_name":"FaceTrader","floor":12,"gold_loss":0},{"cards_removed":["Skewer"],"damage_healed":0,"gold_gain":0,"player_choice":"Gave Gold","damage_taken":0,"max_hp_gain":0,"max_hp_loss":0,"event_name":"Beggar","floor":30,"gold_loss":75},{"damage_healed":0,"gold_gain":0,"player_choice":"Upgrade","damage_taken":0,"relics_obtained":["Mark of the Bloom"],"max_hp_gain":0,"max_hp_loss":0,"event_name":"MindBloom","floor":37,"gold_loss":0,"cards_upgraded":["Survivor","Acrobatics","Dagger Throw","Acrobatics","Backflip","Adrenaline","Burst","Bullet Time","Doppelganger","Envenom","Grand Finale","Envenom","Concentrate","Eviscerate","Prepared","Backflip","Dark Shackles","Acrobatics","PiercingWail","Malaise","Backflip"]},{"damage_healed":0,"gold_gain":0,"player_choice":"Ignored","damage_taken":0,"max_hp_gain":0,"max_hp_loss":0,"event_name":"Tomb of Lord Red Mask","floor":42,"gold_loss":0}],"is_beta":false,"boss_relics":[{"not_picked":["Snecko Eye","Empty Cage"],"picked":"Pandora\u0027s Box"},{"not_picked":["SacredBark","Ring of the Serpent"],"picked":"Astrolabe"}],"items_purged_floors":[47],"is_endless":false,"potions_floor_spawned":[2,5,13,14,16,18,20,29,31,33,35,41,45],"ascension_level":20,"potion_discard_per_floor":[[],[],[],[],[],[],[],[],[],[],[],[],[],["LiquidBronze"],[],["PowerPotion"],[],["Fire Potion"],[],[],[],[],[],[],[],[],[],[],[],[],["Dexterity Potion"],[],["SteroidPotion"],[],[],[],[],[],[],[],[],[],[],[],[],[],[],[],[],[],[],[],[],["CunningPotion"],[],[],[]]}