{"neow_bonuses_skipped_log":["ONE_RANDOM_RARE_CARD","TRANSFORM_TWO_CARDS","BOSS_RELIC"],"potions_obtained_entropic_brew":[[],[],[],[],[],[],[],[],[],[],[],[],[],[],[],[],[]],"neow_costs_skipped_log":["NONE","CURSE","NONE"],"gold_per_floor":[214,229,240,14,29,29,43,70,118,138,171,171,198,214,214,291,291],"floor_reached":17,"playtime":1663,"items_purged":[],"score":358,"play_id":"cdf1ca0e-8b67-4e20-a60b-27d39585e4ee","local_time":"20230216200019","score_breakdown":["Floors Climbed (17): 85","Enemies Slain (7): 14","Exordium Elites Killed (3): 30","Bosses Slain (1): 50","Ascension (20): 179"],"is_ascension_mode":true,"potions_obtained_alchemize":[[],[],[],[],[],[],[],[],[],[],[],[],[],[],[],[],[]],"campfire_choices":[{"data":"Crippling Poison","floor":6.0,"key":"SMITH"},{"data":"Tools of the Trade","floor":15.0,"key":"SMITH"}],"lesson_learned_per_floor":[[],[],[],[],[],[],[],[],[],[],[],[],[],[],[],[],[]],"neow_cost":"NONE","improvable_cards":{},"seed_source_timestamp":32717738362139,"shop_contents":[{"floor":4,"relics":["Omamori","Mercury Hourglass"],"cards":["Poisoned Stab","Setup","Calculated Gamble","Infinite Blades","Blind","Secret Technique"],"potions":["Strength Potion","Energy Potion","Explosive Potion"]}],"circlet_count":0,"master_deck":["AscendersBane","Survivor","Neutralize","Blade Dance","Noxious Fumes","Tools of the Trade+1","Dagger Throw","Crippling Poison+1","Underhanded Strike","Endless Agony","Well Laid Plans","Doppelganger","Blade Dance","A Thousand Cuts+1"],"special_seed":0,"potion_use_per_floor":[[],[],[],[],[],[],[],["SteroidPotion"],[],[],["Block Potion"],[],[],[],[],[],[]],"relics":["Ring of the Snake","Toolbox","Boot","Orichalcum","Frozen Egg 2","Vajra","Juzu Bracelet","Pandora\u0027s Box"],"potions_floor_usage":[],"damage_taken":[{"damage":0.0,"enemies":"Cultist","floor":1.0,"turns":4.0},{"damage":0.0,"enemies":"Small Slimes","floor":2.0,"turns":4.0},{"damage":0.0,"enemies":"2 Louse","floor":3.0,"turns":4.0},{"damage":0.0,"enemies":"2 Fungi Beasts","floor":5.0,"turns":3.0},{"damage":6.0,"enemies":"Gremlin Gang","floor":7.0,"turns":3.0},{"damage":8.0,"enemies":"Gremlin Nob","floor":8.0,"turns":3.0},{"damage":0.0,"enemies":"3 Louse","floor":10.0,"turns":3.0},{"damage":4.0,"enemies":"3 Sentries","floor":11.0,"turns":6.0},{"damage":9.0,"enemies":"Lagavulin","floor":13.0,"turns":5.0},{"damage":3.0,"enemies":"Lots of Slimes","floor":14.0,"turns":3.0},{"damage":26,"enemies":"The Guardian","floor":16,"turns":11}],"seed_played":"251877197479548842","neow_bonus_log":{"cardsObtained":[],"cardsUpgraded":[],"cardsRemoved":[],"cardsTransformed":[],"relicsObtained":[],"maxHpGained":0,"goldGained":100,"damageTaken":0,"goldLost":0,"maxHpLost":0},"potions_obtained":[{"floor":2.0,"key":"SteroidPotion"},{"floor":5.0,"key":"LiquidBronze"},{"floor":8.0,"key":"Block Potion"},{"floor":10.0,"key":"Block Potion"}],"is_trial":false,"path_per_floor":["M","M","M","$","M","R","M","E","T","M","E","?","E","M","R","B",null],"character_chosen":"THE_SILENT","basemod:card_modifiers":[null,null,null,null,null,null,null,null,null,null,null,null,null,null],"items_purchased":["Toolbox","Dagger Throw"],"campfire_rested":0,"item_purchase_floors":[4,4],"current_hp_per_floor":[59,59,59,59,59,59,53,45,45,45,41,41,32,29,29,3,3],"gold":291,"neow_bonus":"HUNDRED_GOLD","is_prod":false,"is_daily":false,"rewards_skipped":[],"chose_seed":false,"campfire_upgraded":2,"win_rate":0,"floor_exit_playtime":[152,219,348,388,445,452,646,851,854,924,1159,1184,1313,1436,1465,1638],"timestamp":1676595619,"path_taken":["M","M","?","$","M","R","M","E","T","M","E","?","E","M","R","BOSS"],"build_version":"2022-12-18","purchased_purges":0,"victory":false,"max_hp_per_floor":[66,66,66,66,66,66,66,66,66,66,66,66,66,66,66,66,66],"relic_stats":{"counters":[11,49],"Pandora\u0027s Box":["Well Laid Plans","Bouncing Flask","Concentrate","Prepared","Deflect","Tactician","Infinite Blades","Malaise","Tactician","Flying Knee"],"Juzu Bracelet":0,"Orichalcum":[90],"Boot":[26],"obtain_stats":[{"Toolbox":4,"Vajra":12,"Pandora\u0027s Box":17,"Juzu Bracelet":13,"Orichalcum":9,"Frozen Egg 2":11,"Boot":8,"Ring of the Snake":0},{"Toolbox":3,"Vajra":8,"Pandora\u0027s Box":11,"Juzu Bracelet":9,"Orichalcum":6,"Frozen Egg 2":8,"Boot":6,"Ring of the Snake":0},{"Toolbox":12,"Vajra":30,"Pandora\u0027s Box":49,"Juzu Bracelet":35,"Orichalcum":21,"Frozen Egg 2":30,"Boot":21,"Ring of the Snake":0}],"Ring of the Snake":[23]},"card_choices":[{"not_picked":["Bane","Sucker Punch"],"picked":"Blade Dance","floor":1.0},{"not_picked":["Infinite Blades","Caltrops"],"picked":"Noxious Fumes","floor":2.0},{"not_picked":["Footwork","Riddle With Holes"],"picked":"Tools of the Trade","floor":3.0},{"not_picked":["PiercingWail","Prepared"],"picked":"Crippling Poison","floor":5.0},{"not_picked":["Deadly Poison","Catalyst"],"picked":"Underhanded Strike","floor":7.0},{"not_picked":["Eviscerate","Grand Finale"],"picked":"Endless Agony","floor":8.0},{"not_picked":["Reflex","Deflect"],"picked":"Well Laid Plans","floor":10.0},{"not_picked":["Accuracy+1","Sucker Punch","Deadly Poison"],"picked":"SKIP","floor":11.0},{"not_picked":["Expertise","Cloak And Dagger"],"picked":"Doppelganger","floor":13.0},{"not_picked":["Expertise","Dodge and Roll"],"picked":"Blade Dance","floor":14.0},{"not_picked":["Glass Knife","Grand Finale"],"picked":"A Thousand Cuts+1","floor":16}],"player_experience":5144846,"relics_obtained":[{"floor":8.0,"key":"Boot"},{"floor":9.0,"key":"Orichalcum"},{"floor":11.0,"key":"Frozen Egg 2"},{"floor":13.0,"key":"Juzu Bracelet"}],"event_choices":[{"damage_healed":0.0,"max_hp_gain":0.0,"max_hp_loss":0.0,"gold_gain":0.0,"event_name":"WeMeetAgain","player_choice":"Gave Potion","floor":12.0,"gold_loss":0.0,"damage_taken":0.0,"relics_obtained":["Vajra"]}],"is_beta":false,"boss_relics":[{"not_picked":["Cursed Key","Empty Cage"],"picked":"Pandora\u0027s Box"}],"items_purged_floors":[],"is_endless":false,"potions_floor_spawned":[2,5,8,10],"ascension_level":20,"potion_discard_per_floor":[[],[],[],[],[],[],[],[],[],["LiquidBronze"],[],[],[],[],[],[],[]]}