{"neow_bonuses_skipped_log":["TRANSFORM_CARD","THREE_SMALL_POTIONS","BOSS_RELIC"],"potions_obtained_entropic_brew":[[],[],[],[],[],[],[],[],[],[],[],[],[],[],[],[],[],[],[],[],[],[],[],[],[],[],[],[],[],[],[],[],[],[],[],[],[],[],[],[],[],[],[],[],[],[],[],[],[],[],[],[],[],[],[],[]],"neow_costs_skipped_log":["NONE","NONE","NONE"],"gold_per_floor":[113,132,146,157,169,169,203,203,229,255,266,281,315,333,333,406,406,424,439,459,88,88,88,13,42,112,130,130,130,141,141,141,218,218,233,253,303,303,12,12,31,59,110,110,135,160,160,180,180,180,180,180,180,60,88,88],"floor_reached":56,"playtime":7587,"items_purged":["All Out Attack","Writhe"],"score":1973,"play_id":"31c5dafd-00d5-4710-9c7a-0e05690288b6","local_time":"20230216192238","score_breakdown":["Floors Climbed (56): 280","Enemies Slain (17): 34","Exordium Elites Killed (3): 30","City Elites Killed (1): 20","Beyond Elites Killed (2): 60","Bosses Slain (4): 500","Librarian: 25","Champion (1): 25","C-c-c-combo: 25","Ascension (20): 974"],"is_ascension_mode":true,"potions_obtained_alchemize":[[],[],[],[],[],[],[],[],[],[],[],[],[],[],[],[],[],[],[],[],[],[],[],[],[],[],[],[],[],[],[],[],[],[],[],[],[],[],[],[],[],[],[],[],[],[],[],[],[],[],[],[],[],[],[],[]],"campfire_choices":[{"data":"Skewer","floor":6,"key":"SMITH"},{"data":"All Out Attack","floor":8,"key":"SMITH"},{"floor":15,"key":"REST"},{"floor":23,"key":"REST"},{"floor":29,"key":"REST"},{"floor":32,"key":"REST"},{"data":"1","floor":40,"key":"LIFT"},{"data":"2","floor":44,"key":"LIFT"},{"floor":47,"key":"RECALL"},{"data":"3","floor":49,"key":"LIFT"},{"floor":53,"key":"REST"}],"lesson_learned_per_floor":[[],[],[],[],[],[],[],[],[],[],[],[],[],[],[],[],[],[],[],[],[],[],[],[],[],[],[],[],[],[],[],[],[],[],[],[],[],[],[],[],[],[],[],[],[],[],[],[],[],[],[],[],[],[],[],[]],"neow_cost":"NO_GOLD","improvable_cards":{},"seed_source_timestamp":24665286370480,"shop_contents":[{"floor":21,"relics":["Sundial","Frozen Egg 2","HandDrill"],"cards":["Flying Knee","Deflect","Dodge and Roll","Infinite Blades","Madness"],"potions":["SmokeBomb","Weak Potion","DuplicationPotion"]},{"floor":39,"relics":["Peace Pipe"],"cards":["Skewer","Underhanded Strike","Expertise","Blind","Metamorphosis"],"potions":["PowerPotion","LiquidMemories","DuplicationPotion"]},{"floor":54,"relics":["Turnip","Bag of Preparation","DollysMirror"],"cards":["Bane","Poisoned Stab","Noxious Fumes","Discovery","Transmutation"],"potions":["Strength Potion","Fruit Juice","SkillPotion"]}],"circlet_count":0,"master_deck":["AscendersBane","Survivor","Neutralize","All Out Attack+1","Calculated Gamble","Noxious Fumes","Skewer+1","Choke","Flying Knee","Blade Dance","Bullet Time","Doppelganger","Dagger Spray","Distraction","Grand Finale","Dagger Spray","Leg Sweep","Heel Hook","Cloak And Dagger+1","Distraction","Calculated Gamble+1","Outmaneuver","Backflip","Violence","Backstab","Acrobatics","Cloak And Dagger+1","Burst+1","Predator","Dodge and Roll+1","Well Laid Plans","PiercingWail","PiercingWail","Dodge and Roll","Escape Plan","Dodge and Roll+1","Adrenaline","PiercingWail","Accuracy"],"potion_use_per_floor":[[],[],[],[],[],[],["AttackPotion"],[],[],[],[],[],["ColorlessPotion"],[],[],[],[],[],["FearPotion"],[],[],[],[],[],[],[],[],[],[],[],[],[],[],[],[],[],[],[],[],[],[],[],[],[],["Explosive Potion"],[],[],[],[],[],[],[],[],[],["Energy Potion"],["FearPotion"]],"relics":["Ring of the Snake","NeowsBlessing","Ice Cream","Happy Flower","Centennial Puzzle","Lantern","Pandora\u0027s Box","Blood Vial","Kunai","Bag of Marbles","Gremlin Horn","Fusion Hammer","Girya","Membership Card","War Paint","Ninja Scroll","Pen Nib","Prayer Wheel","Toy Ornithopter"],"potions_floor_usage":[7,13,19,45,55,56],"damage_taken":[{"damage":7,"enemies":"Cultist","floor":1,"turns":1},{"damage":0,"enemies":"2 Louse","floor":2,"turns":1},{"damage":0,"enemies":"Jaw Worm","floor":3,"turns":1},{"damage":6,"enemies":"2 Fungi Beasts","floor":4,"turns":3},{"damage":1,"enemies":"Looter","floor":5,"turns":4},{"damage":8,"enemies":"Gremlin Nob","floor":7,"turns":3},{"damage":15,"enemies":"3 Sentries","floor":10,"turns":5},{"damage":3,"enemies":"Blue Slaver","floor":11,"turns":3},{"damage":0,"enemies":"2 Fungi Beasts","floor":12,"turns":1},{"damage":2,"enemies":"Gremlin Nob","floor":13,"turns":3},{"damage":11,"enemies":"Large Slime","floor":14,"turns":5},{"damage":14,"enemies":"The Guardian","floor":16,"turns":9},{"damage":0,"enemies":"3 Byrds","floor":18,"turns":3},{"damage":0,"enemies":"Chosen","floor":19,"turns":3},{"damage":3,"enemies":"3 Cultists","floor":20,"turns":5},{"damage":34,"enemies":"Slavers","floor":25,"turns":6},{"damage":2,"enemies":"Centurion and Healer","floor":27,"turns":4},{"damage":18,"enemies":"Shelled Parasite and Fungi","floor":30,"turns":4},{"damage":7,"enemies":"Automaton","floor":33,"turns":14},{"damage":1,"enemies":"3 Shapes","floor":35,"turns":7},{"damage":4,"enemies":"3 Darklings","floor":36,"turns":2},{"damage":17,"enemies":"2 Orb Walkers","floor":37,"turns":4},{"damage":7,"enemies":"Maw","floor":41,"turns":8},{"damage":4,"enemies":"Nemesis","floor":42,"turns":5},{"damage":0,"enemies":"Reptomancer","floor":45,"turns":4},{"damage":0,"enemies":"Mind Bloom Boss Battle","floor":46,"turns":3},{"damage":0,"enemies":"Jaw Worm Horde","floor":48,"turns":3},{"damage":5,"enemies":"Awakened One","floor":50,"turns":18},{"damage":15,"enemies":"Time Eater","floor":51,"turns":15},{"damage":10,"enemies":"Shield and Spear","floor":55,"turns":9},{"damage":69,"enemies":"The Heart","floor":56,"turns":5}],"green_key_taken_log":42,"seed_played":"2578113606834044395","neow_bonus_log":{"cardsObtained":[],"cardsUpgraded":[],"cardsRemoved":[],"cardsTransformed":[],"relicsObtained":[],"maxHpGained":12,"goldGained":0,"damageTaken":0,"goldLost":99,"maxHpLost":0},"potions_obtained":[{"floor":4,"key":"AttackPotion"},{"floor":5,"key":"Ancient Potion"},{"floor":11,"key":"ColorlessPotion"},{"floor":13,"key":"LiquidBronze"},{"floor":14,"key":"FearPotion"},{"floor":18,"key":"Energy Potion"},{"floor":19,"key":"Explosive Potion"},{"floor":46,"key":"FearPotion"}],"is_trial":false,"path_per_floor":["M","M","M","M","M","R","E","R","T","E","M","M","E","M","R","B",null,"M","M","M","$","?","R","?","E","T","M","?","R","M","T","R","B",null,"M","M","?","?","$","R","M","E","T","R","E","?","R","M","R","B","B",null,"R","$","E","B"],"character_chosen":"THE_SILENT","basemod:card_modifiers":[null,null,null,null,null,null,null,null,null,null,null,null,null,null,null,null,null,null,null,null,null,null,null,null,null,null,null,null,null,null,null,null,null,null,null,null,null,null,null],"items_purchased":["Violence","Backstab","Membership Card","Well Laid Plans","PiercingWail","War Paint","Adrenaline","PiercingWail"],"campfire_rested":5,"item_purchase_floors":[21,21,39,39,39,39,54,54],"current_hp_per_floor":[59,59,59,53,52,52,44,44,44,29,26,26,24,13,32,18,54,54,54,51,51,33,54,54,20,20,20,20,41,25,25,46,41,64,65,63,48,48,48,48,43,41,41,41,43,45,45,47,47,44,31,61,71,71,61,0],"gold":88,"neow_bonus":"TWENTY_PERCENT_HP_BONUS","is_prod":false,"is_daily":false,"rewards_skipped":[{"floor":16,"relics":[],"potions":["SmokeBomb"]},{"floor":30,"relics":[],"potions":["FearPotion"]},{"floor":35,"relics":[],"potions":["EssenceOfSteel"]},{"floor":36,"relics":[],"potions":["Poison Potion"]},{"floor":48,"relics":[],"potions":["SneckoOil"]}],"chose_seed":false,"campfire_upgraded":2,"win_rate":0,"floor_exit_playtime":[238,246,298,362,433,441,512,527,537,772,813,865,965,1153,1158,1364,1493,1712,1819,1919,2104,2129,2149,2174,2434,2478,2559,2583,2587,2756,2759,2769,3177,3204,3392,3451,3579,3601,3741,3748,3904,4115,4119,4125,4275,4416,4420,4552,4634,5025,6008,6044,6048,6396,6901],"timestamp":1676593358,"blue_key_relic_skipped_log":{"floor":43,"relicID":"Snake Skull"},"path_taken":["M","M","M","M","M","R","E","R","T","E","M","M","E","M","R","BOSS","M","?","M","$","?","R","?","E","T","M","?","R","M","?","R","BOSS","M","M","?","?","$","R","M","E","T","R","E","?","R","M","R","BOSS","BOSS","R","$","E","BOSS"],"build_version":"2022-12-18","purchased_purges":2,"victory":false,"max_hp_per_floor":[66,66,66,66,66,66,66,66,66,66,66,66,66,66,66,66,66,66,66,66,66,71,71,71,71,71,71,71,71,71,71,71,71,71,71,71,71,71,71,71,71,71,71,71,71,71,71,71,71,71,71,71,71,71,71,71],"relic_stats":{"Ice Cream":[278],"Girya":3,"Happy Flower":[49],"Gremlin Horn":[20,20],"counters":[31,161],"Pen Nib":[16],"War Paint":["Burst","Cloak And Dagger"],"Blood Vial":28,"Centennial Puzzle":[51],"Pandora\u0027s Box":["Dagger Spray","Distraction","All Out Attack","Grand Finale","Dagger Spray","Leg Sweep","Heel Hook","Cloak And Dagger","Deadly Poison","Distraction"],"Prayer Wheel":1,"Kunai":[93],"Membership Card":245,"obtain_stats":[{"Ice Cream":7,"Girya":37,"Lantern":13,"NeowsBlessing":0,"Happy Flower":9,"Gremlin Horn":31,"Pen Nib":45,"War Paint":39,"Blood Vial":25,"Centennial Puzzle":10,"Ninja Scroll":42,"Pandora\u0027s Box":17,"Prayer Wheel":46,"Fusion Hammer":34,"Bag of Marbles":28,"Kunai":26,"Membership Card":39,"Toy Ornithopter":55,"Ring of the Snake":0},{"Ice Cream":6,"Girya":22,"Lantern":10,"NeowsBlessing":0,"Happy Flower":6,"Gremlin Horn":18,"Pen Nib":25,"War Paint":22,"Blood Vial":16,"Centennial Puzzle":7,"Ninja Scroll":24,"Pandora\u0027s Box":12,"Prayer Wheel":26,"Fusion Hammer":19,"Bag of Marbles":17,"Kunai":16,"Membership Card":22,"Toy Ornithopter":30,"Ring of the Snake":0},{"Ice Cream":13,"Girya":91,"Lantern":25,"NeowsBlessing":0,"Happy Flower":13,"Gremlin Horn":64,"Pen Nib":108,"War Paint":91,"Blood Vial":56,"Centennial Puzzle":18,"Ninja Scroll":104,"Pandora\u0027s Box":39,"Prayer Wheel":111,"Fusion Hammer":78,"Bag of Marbles":60,"Kunai":56,"Membership Card":91,"Toy Ornithopter":156,"Ring of the Snake":0}],"Toy Ornithopter":5,"Ring of the Snake":[62]},"card_choices":[{"not_picked":["Dodge and Roll","Poisoned Stab"],"picked":"All Out Attack","floor":1},{"not_picked":["Cloak And Dagger","PiercingWail"],"picked":"Calculated Gamble","floor":2},{"not_picked":["Endless Agony","PiercingWail"],"picked":"Noxious Fumes","floor":3},{"not_picked":["Infinite Blades","Dodge and Roll"],"picked":"Skewer","floor":4},{"not_picked":["Accuracy","PiercingWail"],"picked":"Choke","floor":5},{"not_picked":["Infinite Blades","Caltrops"],"picked":"Flying Knee","floor":7},{"not_picked":["Slice","Choke"],"picked":"Blade Dance","floor":10},{"not_picked":["Deflect","Riddle With Holes"],"picked":"Bullet Time","floor":11},{"not_picked":["Caltrops","Underhanded Strike","Cloak And Dagger"],"picked":"SKIP","floor":12},{"not_picked":["Caltrops","Underhanded Strike","Cloak And Dagger"],"picked":"SKIP","floor":12},{"not_picked":["Deadly Poison","Dagger Spray","Quick Slash"],"picked":"SKIP","floor":13},{"not_picked":["Poisoned Stab","Dagger Throw","Cloak And Dagger"],"picked":"SKIP","floor":14},{"not_picked":["Die Die Die","Grand Finale"],"picked":"Doppelganger","floor":16},{"not_picked":["Dodge and Roll+1","Flechettes"],"picked":"Calculated Gamble+1","floor":18},{"not_picked":["Skewer","Flechettes+1"],"picked":"Outmaneuver","floor":19},{"not_picked":["Slice","Prepared+1"],"picked":"Backflip","floor":20},{"not_picked":["Dagger Throw","Glass Knife","Slice"],"picked":"SKIP","floor":25},{"not_picked":["Backflip","Sucker Punch"],"picked":"Acrobatics","floor":27},{"not_picked":["Endless Agony","Slice"],"picked":"Cloak And Dagger+1","floor":30},{"not_picked":["Die Die Die","Phantasmal Killer"],"picked":"Burst","floor":33},{"not_picked":["Sucker Punch","Prepared"],"picked":"Predator","floor":35},{"not_picked":["Blade Dance","Underhanded Strike","Bouncing Flask"],"picked":"SKIP","floor":36},{"not_picked":["Sucker Punch","Choke"],"picked":"Dodge and Roll+1","floor":37},{"not_picked":["Slice","Outmaneuver+1","Underhanded Strike+1"],"picked":"SKIP","floor":41},{"not_picked":["Cloak And Dagger","Flying Knee"],"picked":"PiercingWail","floor":42},{"not_picked":["Glass Knife","Infinite Blades+1"],"picked":"Dodge and Roll","floor":45},{"not_picked":["Quick Slash+1","Dagger Spray"],"picked":"Escape Plan","floor":46},{"not_picked":["Deadly Poison+1","Cloak And Dagger+1"],"picked":"Dodge and Roll+1","floor":48},{"not_picked":["Slice","Caltrops","Deadly Poison"],"picked":"SKIP","floor":48},{"not_picked":["Deflect","Setup"],"picked":"Accuracy","floor":55}],"player_experience":5137259,"relics_obtained":[{"floor":7,"key":"Ice Cream"},{"floor":9,"key":"Happy Flower"},{"floor":10,"key":"Centennial Puzzle"},{"floor":13,"key":"Lantern"},{"floor":25,"key":"Blood Vial"},{"floor":26,"key":"Kunai"},{"floor":31,"key":"Gremlin Horn"},{"floor":37,"key":"Girya"},{"floor":42,"key":"Ninja Scroll"},{"floor":45,"key":"Pen Nib"},{"floor":46,"key":"Prayer Wheel"},{"floor":55,"key":"Toy Ornithopter"}],"event_choices":[{"damage_healed":0,"gold_gain":0,"player_choice":"Shed Blood","damage_taken":23,"max_hp_gain":5,"max_hp_loss":0,"event_name":"Forgotten Altar","floor":22,"gold_loss":0},{"cards_removed":["Deadly Poison"],"damage_healed":0,"gold_gain":0,"player_choice":"Gave Gold","damage_taken":0,"max_hp_gain":0,"max_hp_loss":0,"event_name":"Beggar","floor":24,"gold_loss":75},{"damage_healed":0,"gold_gain":0,"player_choice":"Opened","damage_taken":0,"relics_obtained":["Bag of Marbles"],"max_hp_gain":0,"max_hp_loss":0,"event_name":"The Mausoleum","floor":28,"gold_loss":0,"cards_obtained":["Writhe"]},{"damage_healed":0,"gold_gain":0,"player_choice":"Fight","damage_taken":0,"max_hp_gain":0,"max_hp_loss":0,"event_name":"Mysterious Sphere","floor":37,"gold_loss":0},{"damage_healed":0,"gold_gain":0,"player_choice":"Ignored","damage_taken":0,"max_hp_gain":0,"max_hp_loss":0,"event_name":"Tomb of Lord Red Mask","floor":38,"gold_loss":0},{"damage_healed":0,"gold_gain":0,"player_choice":"Fight","damage_taken":0,"max_hp_gain":0,"max_hp_loss":0,"event_name":"MindBloom","floor":46,"gold_loss":0}],"is_beta":false,"boss_relics":[{"not_picked":["Black Star","Runic Dome"],"picked":"Pandora\u0027s Box"},{"not_picked":["Astrolabe","Ring of the Serpent"],"picked":"Fusion Hammer"}],"items_purged_floors":[21,54],"is_endless":false,"potions_floor_spawned":[4,5,11,13,14,16,18,19,30,35,36,46,48],"killed_by":"The Heart","ascension_level":20,"potion_discard_per_floor":[[],[],[],[],[],[],[],[],[],[],[],[],[],["LiquidBronze"],[],[],[],["Ancient Potion"],[],[],[],[],[],[],[],[],[],[],[],[],[],[],[],[],[],[],[],[],[],[],[],[],[],[],[],[],[],[],[],[],[],[],[],[],[],[]]}