{"neow_bonuses_skipped_log":["THREE_CARDS","THREE_SMALL_POTIONS","BOSS_RELIC"],"potions_obtained_entropic_brew":[[],[],[],[],[],[],[],[],[],[],[],[],[],[],[],[],[],[],[],[],[],[],[],[],[],[],[],[],[],[],[],[],[],[],[],[],[],[],[],[],[],[],[],[],[],[],[],[],[],[],[],[],[],[],[],[],[]],"neow_costs_skipped_log":["NONE","NONE","NONE"],"gold_per_floor":[109,109,127,147,167,167,202,202,202,202,231,248,266,281,281,354,354,364,364,382,397,5,39,39,69,96,131,144,144,169,187,187,259,259,277,29,29,45,45,75,89,121,121,121,41,68,87,100,100,100,100,100,100,0,35,35],"floor_reached":57,"playtime":5884,"items_purged":["Strike_G","Strike_G","Strike_G"],"score":3103,"play_id":"f8383932-897a-40fc-95d2-b777bc1136e6","local_time":"20230302210208","score_breakdown":["Floors Climbed (57): 285","Enemies Slain (17): 34","Exordium Elites Killed (2): 20","City Elites Killed (3): 60","Beyond Elites Killed (3): 90","Bosses Slain (5): 750","Librarian: 25","Champion (5): 125","Perfect (1): 50","Ascension (20): 1414","Heartbreaker: 250"],"is_ascension_mode":true,"potions_obtained_alchemize":[[],[],[],[],[],[],[],[],[],[],[],[],[],[],[],[],[],[],[],[],[],[],[],[],[],[],[],[],[],[],[],[],[],[],[],[],[],[],[],[],[],[],[],[],[],[],[],[],[],[],[],[],[],[],[],[],[]],"campfire_choices":[{"data":"Dagger Spray","floor":6,"key":"SMITH"},{"data":"Finisher","floor":10,"key":"SMITH"},{"data":"Doppelganger","floor":15,"key":"SMITH"},{"data":"Terror","floor":24,"key":"SMITH"},{"data":"Phantasmal Killer","floor":29,"key":"SMITH"},{"data":"Burst","floor":32,"key":"SMITH"},{"floor":44,"key":"RECALL"},{"data":"Wraith Form v2","floor":49,"key":"SMITH"},{"data":"Wraith Form v2","floor":53,"key":"SMITH"}],"lesson_learned_per_floor":[[],[],[],[],[],[],[],[],[],[],[],[],[],[],[],[],[],[],[],[],[],[],[],[],[],[],[],[],[],[],[],[],[],[],[],[],[],[],[],[],[],[],[],[],[],[],[],[],[],[],[],[],[],[],[],[],[]],"neow_cost":"CURSE","improvable_cards":{},"seed_source_timestamp":21085404854674,"shop_contents":[{"floor":22,"relics":["Centennial Puzzle","Cauldron"],"cards":["Dagger Throw","All Out Attack","Caltrops","Jack Of All Trades","Mayhem"],"potions":["Dexterity Potion","Weak Potion","DistilledChaos"]},{"floor":36,"relics":["Molten Egg 2","Whetstone"],"cards":["Bane","Slice","Prepared","Acrobatics","Noxious Fumes","Discovery","Metamorphosis"],"potions":["Regen Potion","CultistPotion","Swift Potion"]},{"floor":45,"relics":["Darkstone Periapt","Regal Pillow","Frozen Eye"],"cards":["Endless Agony","Underhanded Strike","Deadly Poison","Terror","Footwork","Good Instincts","Transmutation"],"potions":["BlessingOfTheForge","FearPotion","Energy Potion"]},{"floor":54,"relics":["Happy Flower","Thread and Needle","Sling"],"cards":["Quick Slash","Dagger Throw","Acrobatics","Reflex","Caltrops","Trip","Magnetism"],"potions":["AttackPotion","Block Potion","Poison Potion"]}],"circlet_count":0,"master_deck":["AscendersBane","Strike_G","Strike_G","Defend_G+1","Defend_G+1","Defend_G","Defend_G","Defend_G+1","Survivor","Neutralize","Decay","Blade Dance+1","Terror+1","Finisher+1","Dagger Spray+1","Quick Slash","Doppelganger+1","Deflect","PiercingWail","Adrenaline","Dodge and Roll+1","Endless Agony","Malaise","Blade Dance","Deflect+1","Burst+1","Phantasmal Killer+1","Acrobatics","PiercingWail","Deflect+1","Wraith Form v2+1","Backflip","Madness","Madness","Calculated Gamble+1","Wraith Form v2+1","Flechettes","Backflip","Predator+1","Backflip+1","Escape Plan+1"],"potion_use_per_floor":[[],[],[],[],[],[],[],[],[],[],[],[],[],[],[],[],[],[],[],[],[],[],[],[],[],[],[],[],[],[],[],[],[],[],[],[],[],[],[],[],[],[],[],[],[],[],[],[],[],[],[],[],[],[],[],["SpeedPotion"],[]],"relics":["Ring of the Snake","Du-Vu Doll","Blood Vial","War Paint","Sundial","Runic Pyramid","Kunai","Pocketwatch","Boot","MealTicket","Paper Crane","Red Mask","Runic Dome","OrangePellets","The Courier","Shuriken","Ornamental Fan","Turnip"],"potions_floor_usage":[56],"damage_taken":[{"damage":0,"enemies":"2 Louse","floor":1,"turns":4},{"damage":0,"enemies":"Cultist","floor":3,"turns":3},{"damage":0,"enemies":"Jaw Worm","floor":4,"turns":1},{"damage":0,"enemies":"Looter","floor":5,"turns":2},{"damage":7,"enemies":"3 Sentries","floor":7,"turns":4},{"damage":8,"enemies":"Gremlin Nob","floor":11,"turns":3},{"damage":0,"enemies":"3 Louse","floor":12,"turns":2},{"damage":0,"enemies":"Red Slaver","floor":13,"turns":1},{"damage":6,"enemies":"Lots of Slimes","floor":14,"turns":3},{"damage":11,"enemies":"The Guardian","floor":16,"turns":10},{"damage":17,"enemies":"Shell Parasite","floor":18,"turns":6},{"damage":1,"enemies":"Spheric Guardian","floor":20,"turns":4},{"damage":0,"enemies":"Centurion and Healer","floor":21,"turns":11},{"damage":0,"enemies":"Book of Stabbing","floor":23,"turns":4},{"damage":11,"enemies":"Slavers","floor":25,"turns":6},{"damage":0,"enemies":"Gremlin Leader","floor":27,"turns":2},{"damage":5,"enemies":"Sentry and Sphere","floor":28,"turns":5},{"damage":14,"enemies":"Masked Bandits","floor":30,"turns":3},{"damage":7,"enemies":"Shelled Parasite and Fungi","floor":31,"turns":3},{"damage":10,"enemies":"Automaton","floor":33,"turns":9},{"damage":0,"enemies":"Orb Walker","floor":35,"turns":2},{"damage":0,"enemies":"3 Darklings","floor":38,"turns":12},{"damage":0,"enemies":"Nemesis","floor":40,"turns":3},{"damage":0,"enemies":"Spire Growth","floor":41,"turns":5},{"damage":0,"enemies":"Reptomancer","floor":42,"turns":6},{"damage":0,"enemies":"Nemesis","floor":46,"turns":3},{"damage":0,"enemies":"Jaw Worm Horde","floor":47,"turns":2},{"damage":0,"enemies":"Writhing Mass","floor":48,"turns":3},{"damage":8,"enemies":"Time Eater","floor":50,"turns":11},{"damage":0,"enemies":"Donu and Deca","floor":51,"turns":9},{"damage":1,"enemies":"Shield and Spear","floor":55,"turns":6},{"damage":41,"enemies":"The Heart","floor":56,"turns":12}],"green_key_taken_log":46,"seed_played":"8489969825378415717","neow_bonus_log":{"cardsObtained":["Decay"],"cardsUpgraded":[],"cardsRemoved":[],"cardsTransformed":[],"relicsObtained":["Du-Vu Doll"],"maxHpGained":0,"goldGained":0,"damageTaken":0,"goldLost":0,"maxHpLost":0},"potions_obtained":[{"floor":4,"key":"Weak Potion"},{"floor":5,"key":"Fire Potion"},{"floor":16,"key":"Explosive Potion"},{"floor":25,"key":"GamblersBrew"},{"floor":33,"key":"DistilledChaos"},{"floor":48,"key":"SpeedPotion"}],"is_trial":false,"path_per_floor":["M","?","M","M","M","R","E","?","T","R","E","M","M","M","R","B",null,"M","?","M","M","$","E","R","E","T","E","M","R","?","M","R","B",null,"M","$","?","M","?","E","M","E","T","R","$","E","M","M","R","B","B",null,"R","$","E","B",null],"character_chosen":"THE_SILENT","basemod:card_modifiers":[null,null,null,null,null,null,null,null,null,null,null,null,null,null,null,null,null,null,null,null,null,null,null,null,null,null,null,null,null,null,null,null,null,null,null,null,null,null,null,null,null],"items_purchased":["Malaise","Kunai","Blade Dance","OrangePellets"],"campfire_rested":0,"item_purchase_floors":[22,22,22,36],"current_hp_per_floor":[59,39,39,39,39,39,32,32,32,32,26,28,30,26,26,17,54,39,66,65,66,66,66,66,55,55,57,54,54,42,37,37,29,57,59,66,54,56,56,58,60,62,62,62,66,66,66,66,66,58,60,65,65,66,65,25],"gold":35,"neow_bonus":"ONE_RARE_RELIC","is_prod":false,"is_daily":false,"rewards_skipped":[{"floor":18,"relics":[],"potions":["Regen Potion"]},{"floor":31,"relics":[],"potions":["Ancient Potion"]},{"floor":40,"relics":[],"potions":["AttackPotion"]},{"floor":41,"relics":[],"potions":["SmokeBomb"]},{"floor":46,"relics":[],"potions":["Block Potion"]}],"chose_seed":false,"campfire_upgraded":8,"win_rate":0,"floor_exit_playtime":[227,238,268,312,365,375,534,593,607,616,714,754,779,824,886,1178,1220,1377,1426,1531,1663,1698,1857,1864,2047,2060,2316,2473,2485,2816,2981,2994,3269,3471,3518,3587,3674,3973,3982,4081,4171,4494,4506,4514,4533,4651,4722,4798,4806,5052,5231,5241,5249,5277,5475,5884],"timestamp":1677808928,"blue_key_relic_skipped_log":{"floor":43,"relicID":"Girya"},"path_taken":["M","?","M","M","M","R","E","?","T","R","E","M","M","M","R","BOSS","M","?","M","M","$","E","R","E","T","E","?","R","?","M","R","BOSS","M","$","?","M","?","E","?","E","T","R","$","E","?","M","R","BOSS","BOSS","R","$","E","BOSS"],"build_version":"2022-12-18","purchased_purges":3,"victory":true,"max_hp_per_floor":[66,66,66,66,66,66,66,66,66,66,66,66,66,66,66,66,66,66,66,66,66,66,66,66,66,66,66,66,66,66,66,66,66,66,66,66,66,66,66,66,66,66,66,66,66,66,66,66,66,66,66,66,66,66,66,66],"relic_stats":{"counters":[32,160],"The Courier":45,"War Paint":["Defend_G","Defend_G"],"Boot":[32],"Blood Vial":36,"OrangePellets":[20],"Sundial":[12],"Shuriken":[31],"Ornamental Fan":[116],"MealTicket":12,"Turnip":[2],"Kunai":[80],"obtain_stats":[{"The Courier":40,"War Paint":9,"Paper Crane":27,"Boot":25,"Du-Vu Doll":0,"Blood Vial":7,"Runic Dome":34,"OrangePellets":36,"Sundial":11,"Shuriken":42,"Ornamental Fan":46,"MealTicket":26,"Turnip":55,"Red Mask":30,"Kunai":22,"Ring of the Snake":0,"Runic Pyramid":17,"Pocketwatch":23},{"The Courier":23,"War Paint":5,"Paper Crane":16,"Boot":15,"Du-Vu Doll":0,"Blood Vial":5,"Runic Dome":20,"OrangePellets":21,"Sundial":6,"Shuriken":25,"Ornamental Fan":26,"MealTicket":15,"Turnip":31,"Red Mask":18,"Kunai":13,"Ring of the Snake":0,"Runic Pyramid":10,"Pocketwatch":14},{"The Courier":103,"War Paint":14,"Paper Crane":66,"Boot":64,"Du-Vu Doll":0,"Blood Vial":14,"Runic Dome":86,"OrangePellets":88,"Sundial":17,"Shuriken":114,"Ornamental Fan":117,"MealTicket":64,"Turnip":148,"Red Mask":74,"Kunai":54,"Ring of the Snake":0,"Runic Pyramid":33,"Pocketwatch":58}],"Ring of the Snake":[64],"Pocketwatch":[0]},"card_choices":[{"not_picked":["Bane","Dodge and Roll"],"picked":"Blade Dance","floor":1},{"not_picked":["Acrobatics","Deflect"],"picked":"Terror","floor":3},{"not_picked":["Flying Knee","Poisoned Stab"],"picked":"Finisher","floor":4},{"not_picked":["Underhanded Strike","Dagger Throw"],"picked":"Dagger Spray","floor":5},{"not_picked":["Catalyst","Masterful Stab","Outmaneuver"],"picked":"SKIP","floor":7},{"not_picked":["Slice","Bane"],"picked":"Doppelganger","floor":11},{"not_picked":["Catalyst","Sucker Punch"],"picked":"Deflect","floor":12},{"not_picked":["Sucker Punch","Dodge and Roll"],"picked":"Endless Agony","floor":13},{"not_picked":["Distraction","Bane"],"picked":"PiercingWail","floor":14},{"not_picked":["Bullet Time","Storm of Steel"],"picked":"Adrenaline","floor":16},{"not_picked":["Slice","Underhanded Strike+1"],"picked":"Dodge and Roll+1","floor":18},{"not_picked":["Slice","Expertise"],"picked":"Endless Agony","floor":20},{"not_picked":["Cloak And Dagger","Well Laid Plans","Quick Slash"],"picked":"SKIP","floor":21},{"not_picked":["Finisher","Concentrate"],"picked":"Deflect+1","floor":23},{"not_picked":["Backstab","Endless Agony"],"picked":"Burst","floor":25},{"not_picked":["Backflip","Outmaneuver"],"picked":"Phantasmal Killer","floor":27},{"not_picked":["Quick Slash","Tactician"],"picked":"Acrobatics","floor":28},{"not_picked":["Poisoned Stab","Quick Slash"],"picked":"PiercingWail","floor":30},{"not_picked":["Bane","Crippling Poison+1"],"picked":"Deflect+1","floor":31},{"not_picked":["Unload","Grand Finale"],"picked":"Wraith Form v2","floor":33},{"not_picked":["Quick Slash+1","Expertise"],"picked":"Backflip","floor":35},{"not_picked":["Backflip","Bouncing Flask+1"],"picked":"Calculated Gamble+1","floor":38},{"not_picked":["Grand Finale","Deadly Poison+1"],"picked":"Flechettes","floor":40},{"not_picked":["Distraction","Dodge and Roll"],"picked":"Backflip","floor":41},{"not_picked":["Flying Knee","Sucker Punch"],"picked":"Predator+1","floor":42},{"not_picked":["Prepared","Bane","Slice"],"picked":"SKIP","floor":46},{"not_picked":["Glass Knife","Distraction+1","Eviscerate"],"picked":"SKIP","floor":47},{"not_picked":["Catalyst","Caltrops"],"picked":"Backflip+1","floor":48},{"not_picked":["Dash+1","Reflex"],"picked":"Escape Plan+1","floor":55}],"player_experience":5255872,"relics_obtained":[{"floor":7,"key":"Blood Vial"},{"floor":9,"key":"War Paint"},{"floor":11,"key":"Sundial"},{"floor":23,"key":"Pocketwatch"},{"floor":25,"key":"Boot"},{"floor":26,"key":"MealTicket"},{"floor":27,"key":"Paper Crane"},{"floor":30,"key":"Red Mask"},{"floor":40,"key":"The Courier"},{"floor":42,"key":"Shuriken"},{"floor":46,"key":"Ornamental Fan"},{"floor":55,"key":"Turnip"}],"event_choices":[{"damage_healed":0,"gold_gain":0,"player_choice":"Entered Light","damage_taken":20,"max_hp_gain":0,"max_hp_loss":0,"event_name":"Shining Light","floor":2,"gold_loss":0,"cards_upgraded":["Defend_G","Blade Dance"]},{"damage_healed":0,"gold_gain":0,"player_choice":"1 cards matched","damage_taken":0,"max_hp_gain":0,"max_hp_loss":0,"event_name":"Match and Keep!","floor":8,"gold_loss":0,"cards_obtained":["Quick Slash"]},{"cards_removed":["Endless Agony"],"damage_healed":27,"gold_gain":0,"player_choice":"Offered Uncommon","damage_taken":0,"max_hp_gain":0,"max_hp_loss":0,"event_name":"Bonfire Elementals","floor":19,"gold_loss":0},{"damage_healed":0,"gold_gain":0,"player_choice":"Fought Bandits","damage_taken":0,"max_hp_gain":0,"max_hp_loss":0,"event_name":"Masked Bandits","floor":30,"gold_loss":0},{"damage_healed":0,"gold_gain":0,"player_choice":"Embrace Madness","damage_taken":12,"max_hp_gain":0,"max_hp_loss":0,"event_name":"Winding Halls","floor":37,"gold_loss":0,"cards_obtained":["Madness","Madness"]},{"damage_healed":0,"gold_gain":0,"player_choice":"Copied","damage_taken":0,"max_hp_gain":0,"max_hp_loss":0,"event_name":"Duplicator","floor":39,"gold_loss":0,"cards_obtained":["Wraith Form v2"]}],"is_beta":false,"boss_relics":[{"not_picked":["Sozu","Coffee Dripper"],"picked":"Runic Pyramid"},{"not_picked":["Pandora\u0027s Box","HoveringKite"],"picked":"Runic Dome"}],"items_purged_floors":[36,45,54],"is_endless":false,"potions_floor_spawned":[4,5,16,18,25,31,33,40,41,46,48],"ascension_level":20,"potion_discard_per_floor":[[],[],[],[],[],[],[],[],[],[],[],[],[],[],[],["Weak Potion"],[],[],[],[],[],[],[],[],["Explosive Potion"],[],[],[],[],[],[],[],["Fire Potion"],[],[],[],[],[],[],[],[],[],[],[],[],[],[],["DistilledChaos"],[],[],[],[],[],[],[],[],[]]}