{"neow_bonuses_skipped_log":["RANDOM_COLORLESS","HUNDRED_GOLD","BOSS_RELIC"],"potions_obtained_entropic_brew":[[],[],[],[],[],[],[],[],[],[],[],[],[],[],[],[],[],[],[],[],[],[],[],[],[],[],[],[],[],[],[],[],[]],"neow_costs_skipped_log":["NONE","NONE","NONE"],"gold_per_floor":[368,382,396,471,22,22,53,53,79,79,92,15,15,40,40,136,136,154,168,206,8,8,8,39,39,62,91,91,105,140,159,159,159],"floor_reached":33,"playtime":3390,"items_purged":[],"score":681,"play_id":"adec706a-cd56-4785-987b-1c3c7329b918","local_time":"20230302191840","score_breakdown":["Floors Climbed (33): 165","Enemies Slain (9): 18","Exordium Elites Killed (1): 10","City Elites Killed (3): 60","Bosses Slain (1): 50","Collector (1): 25","Champion (1): 25","Ascension (20): 328"],"is_ascension_mode":true,"potions_obtained_alchemize":[[],[],[],[],[],[],[],[],[],[],[],[],[],[],[],[],[],[],[],[],[],[],[],[],[],[],[],[],[],[],[],[],[]],"campfire_choices":[{"floor":10,"key":"REST"},{"data":"Predator","floor":13,"key":"SMITH"},{"data":"Tactician","floor":15,"key":"SMITH"},{"floor":23,"key":"REST"},{"data":"Bane","floor":25,"key":"SMITH"},{"data":"Crippling Poison","floor":32,"key":"SMITH"}],"lesson_learned_per_floor":[[],[],[],[],[],[],[],[],[],[],[],[],[],[],[],[],[],[],[],[],[],[],[],[],[],[],[],[],[],[],[],[],[]],"neow_cost":"CURSE","improvable_cards":{},"seed_source_timestamp":17400213834850,"shop_contents":[{"floor":5,"relics":["Unceasing Top"],"cards":["Finisher","All Out Attack","Dodge and Roll","Outmaneuver","Infinite Blades","Mind Blast","Thinking Ahead"],"potions":["AttackPotion","AttackPotion","Dexterity Potion"]},{"floor":12,"relics":["Bottled Flame","Singing Bowl","Sling"],"cards":["Slice","Acrobatics","Deflect","Noxious Fumes","Swift Strike","Violence"],"potions":["AttackPotion","DistilledChaos","GamblersBrew"]},{"floor":21,"relics":["Paper Crane","Strange Spoon"],"cards":["Underhanded Strike","Grand Finale","Concentrate","Footwork","Dramatic Entrance","HandOfGreed"],"potions":["Block Potion","LiquidMemories","Explosive Potion"]}],"circlet_count":0,"master_deck":["AscendersBane","Defend_G","Defend_G","Defend_G","Defend_G","Defend_G","Survivor","Neutralize","Clumsy","Dagger Throw","Calculated Gamble","Acrobatics","Tactician+1","Predator+1","Backflip","Doppelganger","Underhanded Strike","Dagger Throw","Bane+1","Blade Dance","Calculated Gamble","Bite","Bite","Bite","Bite","Bite","Deflect","Tools of the Trade","Crippling Poison+1"],"potion_use_per_floor":[[],[],[],[],[],[],["Explosive Potion"],[],[],[],[],[],[],[],[],["Poison Potion","Regen Potion"],[],[],[],[],[],[],[],[],[],[],["Weak Potion"],[],[],[],[],[],["Dexterity Potion","AttackPotion"]],"relics":["Ring of the Snake","TwistedFunnel","HornCleat","Bloody Idol","Vajra","WingedGreaves","Anchor","SlaversCollar","Red Mask","PreservedInsect","MealTicket","Dream Catcher","Pantograph","Art of War"],"potions_floor_usage":[7,16,16,27,33,33],"damage_taken":[{"damage":3,"enemies":"2 Louse","floor":1,"turns":3},{"damage":1,"enemies":"Jaw Worm","floor":2,"turns":5},{"damage":6,"enemies":"Small Slimes","floor":3,"turns":4},{"damage":12,"enemies":"3 Sentries","floor":7,"turns":8},{"damage":0,"enemies":"Exordium Wildlife","floor":11,"turns":3},{"damage":0,"enemies":"3 Louse","floor":14,"turns":2},{"damage":36,"enemies":"The Guardian","floor":16,"turns":16},{"damage":1,"enemies":"2 Thieves","floor":18,"turns":3},{"damage":18,"enemies":"Spheric Guardian","floor":19,"turns":5},{"damage":17,"enemies":"Masked Bandits","floor":20,"turns":4},{"damage":0,"enemies":"Book of Stabbing","floor":24,"turns":3},{"damage":37,"enemies":"Gremlin Leader","floor":27,"turns":7},{"damage":7,"enemies":"Centurion and Healer","floor":29,"turns":18},{"damage":6,"enemies":"Book of Stabbing","floor":30,"turns":3},{"damage":30,"enemies":"Snake Plant","floor":31,"turns":5},{"damage":51,"enemies":"Collector","floor":33,"turns":8}],"seed_played":"9185646272935576361","neow_bonus_log":{"cardsObtained":["Clumsy"],"cardsUpgraded":[],"cardsRemoved":[],"cardsTransformed":[],"relicsObtained":[],"maxHpGained":0,"goldGained":250,"damageTaken":0,"goldLost":0,"maxHpLost":0},"potions_obtained":[{"floor":2,"key":"Poison Potion"},{"floor":3,"key":"Explosive Potion"},{"floor":11,"key":"Regen Potion"},{"floor":19,"key":"Weak Potion"},{"floor":29,"key":"Dexterity Potion"},{"floor":31,"key":"AttackPotion"}],"is_trial":false,"path_per_floor":["M","M","M","?","$","?","E","?","T","R","M","$","R","M","R","B",null,"M","M","?","$","?","R","E","R","T","E","?","M","E","M","R","B"],"character_chosen":"THE_SILENT","basemod:card_modifiers":[null,null,null,null,null,null,null,null,null,null,null,null,null,null,null,null,null,null,null,null,null,null,null,null,null,null,null,null,null],"items_purchased":["TwistedFunnel","HornCleat","Predator","PreservedInsect","Blade Dance"],"campfire_rested":2,"item_purchase_floors":[5,5,12,21,21],"current_hp_per_floor":[56,55,49,38,38,38,26,8,8,26,26,26,26,26,26,5,46,45,27,10,10,10,28,33,33,38,6,6,42,42,21,21,0],"gold":159,"neow_bonus":"TWO_FIFTY_GOLD","is_prod":false,"is_daily":false,"rewards_skipped":[],"chose_seed":false,"campfire_upgraded":4,"win_rate":0,"floor_exit_playtime":[197,298,403,408,486,508,670,737,746,752,949,994,1001,1033,1049,1423,1512,1564,1681,1899,1988,2004,2013,2072,2111,2118,2314,2341,2694,2811,3020,3028],"timestamp":1677802720,"path_taken":["M","M","M","?","$","?","E","?","T","R","M","$","R","M","R","BOSS","M","M","?","?","?","R","E","R","T","E","?","M","E","M","R","BOSS"],"build_version":"2022-12-18","purchased_purges":0,"victory":false,"max_hp_per_floor":[66,66,66,66,66,60,60,60,60,60,60,60,60,60,60,60,60,60,60,60,60,60,60,60,60,60,60,42,42,42,42,42,42],"relic_stats":{"Dream Catcher":0,"counters":[16,97],"Bloody Idol":21,"Pantograph":21,"MealTicket":0,"WingedGreaves":3,"PreservedInsect":133,"Art of War":[2],"obtain_stats":[{"TwistedFunnel":5,"Golden Idol":6,"Vajra":7,"PreservedInsect":21,"SlaversCollar":17,"Anchor":9,"Dream Catcher":26,"HornCleat":5,"Bloody Idol":22,"Pantograph":27,"MealTicket":24,"WingedGreaves":8,"Red Mask":20,"Art of War":30,"Ring of the Snake":0},{"TwistedFunnel":3,"Golden Idol":3,"Vajra":4,"PreservedInsect":10,"SlaversCollar":7,"Anchor":4,"Dream Catcher":11,"HornCleat":3,"Bloody Idol":10,"Pantograph":12,"MealTicket":11,"WingedGreaves":4,"Red Mask":10,"Art of War":14,"Ring of the Snake":0},{"TwistedFunnel":12,"Golden Idol":12,"Vajra":20,"PreservedInsect":53,"SlaversCollar":41,"Anchor":20,"Dream Catcher":56,"HornCleat":12,"Bloody Idol":53,"Pantograph":63,"MealTicket":56,"WingedGreaves":20,"Red Mask":53,"Art of War":84,"Ring of the Snake":0}],"Ring of the Snake":[32]},"card_choices":[{"not_picked":["Accuracy","Caltrops"],"picked":"Dagger Throw","floor":1},{"not_picked":["Slice","Acrobatics"],"picked":"Calculated Gamble","floor":2},{"not_picked":["Bane","Sucker Punch"],"picked":"Acrobatics","floor":3},{"not_picked":["A Thousand Cuts","Acrobatics","Caltrops"],"picked":"SKIP","floor":7},{"not_picked":["Prepared","Outmaneuver"],"picked":"Tactician","floor":11},{"not_picked":["Poisoned Stab","Dagger Throw"],"picked":"Backflip","floor":14},{"not_picked":["Burst","A Thousand Cuts"],"picked":"Doppelganger","floor":16},{"not_picked":["Predator","Flying Knee"],"picked":"Underhanded Strike","floor":18},{"not_picked":["Caltrops","Dodge and Roll"],"picked":"Dagger Throw","floor":19},{"not_picked":["PiercingWail","Skewer"],"picked":"Bane","floor":20},{"not_picked":["Accuracy","Masterful Stab"],"picked":"Calculated Gamble","floor":24},{"not_picked":["Concentrate","Flying Knee","Choke"],"picked":"SKIP","floor":27},{"not_picked":["Outmaneuver","Blur"],"picked":"Deflect","floor":29},{"not_picked":["Backflip","Riddle With Holes"],"picked":"Tools of the Trade","floor":30},{"not_picked":["Footwork","PiercingWail"],"picked":"Crippling Poison","floor":31}],"player_experience":5252482,"relics_obtained":[{"floor":7,"key":"Vajra"},{"floor":9,"key":"Anchor"},{"floor":20,"key":"Red Mask"},{"floor":24,"key":"MealTicket"},{"floor":26,"key":"Dream Catcher"},{"floor":27,"key":"Pantograph"},{"floor":30,"key":"Art of War"}],"event_choices":[{"damage_healed":0,"gold_gain":75,"player_choice":"Gather Gold","damage_taken":11,"max_hp_gain":0,"max_hp_loss":0,"event_name":"World of Goop","floor":4,"gold_loss":0},{"damage_healed":0,"gold_gain":0,"player_choice":"Lose Max HP","damage_taken":0,"relics_obtained":["Golden Idol"],"max_hp_gain":0,"max_hp_loss":6,"event_name":"Golden Idol","floor":6,"gold_loss":0},{"damage_healed":0,"gold_gain":0,"player_choice":"Success","damage_taken":18,"relics_obtained":["WingedGreaves"],"max_hp_gain":0,"max_hp_loss":0,"event_name":"Scrap Ooze","floor":8,"gold_loss":0},{"damage_healed":0,"gold_gain":0,"player_choice":"Fought Bandits","damage_taken":0,"max_hp_gain":0,"max_hp_loss":0,"event_name":"Masked Bandits","floor":20,"gold_loss":0},{"damage_healed":0,"gold_gain":0,"player_choice":"Gave Idol","damage_taken":0,"relics_obtained":["Bloody Idol"],"max_hp_gain":0,"max_hp_loss":0,"event_name":"Forgotten Altar","floor":22,"relics_lost":["Golden Idol"],"gold_loss":0},{"damage_healed":0,"gold_gain":0,"player_choice":"Became a vampire","damage_taken":0,"max_hp_gain":0,"max_hp_loss":18,"event_name":"Vampires","floor":28,"gold_loss":0,"cards_obtained":["Bite","Bite","Bite","Bite","Bite"]}],"is_beta":false,"boss_relics":[{"not_picked":["Velvet Choker","WristBlade"],"picked":"SlaversCollar"}],"items_purged_floors":[],"is_endless":false,"potions_floor_spawned":[2,3,11,19,29,31],"killed_by":"Collector","ascension_level":20,"potion_discard_per_floor":[[],[],[],[],[],[],[],[],[],[],[],[],[],[],[],[],[],[],[],[],[],[],[],[],[],[],[],[],[],[],[],[],[]]}