{"neow_bonuses_skipped_log":["RANDOM_COLORLESS","RANDOM_COMMON_RELIC","BOSS_RELIC"],"neow_costs_skipped_log":["NONE","NONE","NONE"],"potions_obtained_entropic_brew":[[],[],[],[],[],[],[],[],[],[],[],[],[],[],[],[],[],[],[],[],[],[],[],[],[],[],[],[],[],[],[],[],[],[],[],[],[],[],[],[],[],[],[],[],[],[],[],[],[],[],[],[],[],[],[],[],[]],"gold_per_floor":[110,127,139,159,176,176,239,239,262,262,262,304,304,36,36,122,122,136,154,189,39,50,50,70,102,129,171,195,230,259,281,293,393,405,427,457,469,509,547,603,615,336,362,382,409,55,89,107,107,107,107,107,107,53,84,84],"floor_reached":57,"playtime":6942,"items_purged":["Strike_G","Defend_G"],"score":3143,"play_id":"2388de70-c1b3-4ed5-9e72-35582a9a64ba","local_time":"20230221144627","score_breakdown":["Floors Climbed (57): 285","Enemies Slain (17): 34","Exordium Elites Killed (1): 10","City Elites Killed (2): 40","Beyond Elites Killed (3): 90","Bosses Slain (5): 750","Money Money (1186): 25","Champion (4): 100","Perfect (2): 100","Overkill: 25","Ascension (20): 1434","Heartbreaker: 250"],"is_ascension_mode":true,"potions_obtained_alchemize":[[],[],[],[],[],[],[],[],[],[],[],[],[],[],[],[],[],[],[],[],[],[],[],[],[],[],[],[],[],[],[],[],[],[],[],[],[],[],[],[],[],[],[],[],[],[],[],[],[],[],[],[],[],[],[],[],[]],"campfire_choices":[{"data":"Predator","floor":6,"key":"SMITH"},{"data":"Setup","floor":8,"key":"SMITH"},{"data":"Underhanded Strike","floor":11,"key":"SMITH"},{"floor":13,"key":"REST"},{"data":"Eviscerate","floor":15,"key":"SMITH"},{"data":"Wraith Form v2","floor":23,"key":"SMITH"},{"data":"Tactician","floor":32,"key":"SMITH"},{"data":"Wraith Form v2","floor":41,"key":"SMITH"},{"floor":49,"key":"RECALL"},{"data":"Wraith Form v2","floor":53,"key":"SMITH"}],"lesson_learned_per_floor":[[],[],[],[],[],[],[],[],[],[],[],[],[],[],[],[],[],[],[],[],[],[],[],[],[],[],[],[],[],[],[],[],[],[],[],[],[],[],[],[],[],[],[],[],[],[],[],[],[],[],[],[],[],[],[],[],[]],"neow_cost":"PERCENT_DAMAGE","improvable_cards":{},"seed_source_timestamp":5513685860026,"shop_contents":[{"floor":14,"relics":["Omamori","War Paint"],"cards":["Backstab","Tactician","PiercingWail","Noxious Fumes","Jack Of All Trades","Secret Weapon"],"potions":["PowerPotion","Energy Potion","GamblersBrew"]},{"floor":21,"relics":["Darkstone Periapt","Snake Skull","Strange Spoon"],"cards":["Sucker Punch","Bane","Reflex","Terror","Caltrops","Secret Technique"],"potions":["SkillPotion","Strength Potion"]},{"floor":42,"relics":["White Beast Statue","Molten Egg 2","HandDrill"],"cards":["Dash","Underhanded Strike","Deadly Poison","Swift Strike","Magnetism"],"potions":["ColorlessPotion","Explosive Potion","SkillPotion"]},{"floor":46,"relics":["Blood Vial","Lee\u0027s Waffle"],"cards":["Sucker Punch","Dash","Corpse Explosion","PiercingWail","Infinite Blades","Secret Technique"],"potions":["Strength Potion","EssenceOfSteel","BlessingOfTheForge"]},{"floor":54,"relics":["Gremlin Horn","Paper Crane","Medical Kit"],"cards":["Sucker Punch","Quick Slash","Prepared","Cloak And Dagger","Accuracy","Discovery","Violence"],"potions":["DistilledChaos","GhostInAJar"]}],"circlet_count":0,"master_deck":["AscendersBane","Defend_G","Defend_G","Defend_G","Survivor","Neutralize+1","Acrobatics","Leg Sweep","Predator+1","Slice+1","PiercingWail","Underhanded Strike+1","Setup+1","Terror","Eviscerate+1","Wraith Form v2+1","Flechettes","Eviscerate","Tactician+1","Dark Shackles","Prepared","Reflex","Wraith Form v2+1","Dark Shackles","Panacea","PiercingWail","Dagger Throw+1","Calculated Gamble","Backflip","Wraith Form v2+1","Good Instincts","Corpse Explosion"],"potion_use_per_floor":[[],[],[],[],[],[],["ColorlessPotion"],[],[],[],[],[],[],[],[],["Dexterity Potion"],[],[],[],[],[],[],[],[],[],[],[],[],[],[],[],[],[],[],[],[],[],[],[],[],[],[],[],[],[],[],[],[],[],[],["Dexterity Potion"],[],[],[],[],["SteroidPotion","GamblersBrew"],[]],"relics":["Ring of the Snake","Whetstone","CeramicFish","Art of War","Toolbox","Runic Pyramid","Red Mask","PreservedInsect","MawBank","Bag of Preparation","Philosopher\u0027s Stone","Meat on the Bone","Vajra","Pantograph","FossilizedHelix","InkBottle"],"potions_floor_usage":[7,16,51,56,56],"damage_taken":[{"damage":0,"enemies":"Small Slimes","floor":1,"turns":4},{"damage":1,"enemies":"Jaw Worm","floor":2,"turns":8},{"damage":0,"enemies":"2 Louse","floor":3,"turns":2},{"damage":4,"enemies":"Blue Slaver","floor":4,"turns":5},{"damage":11,"enemies":"Large Slime","floor":5,"turns":12},{"damage":8,"enemies":"Gremlin Nob","floor":7,"turns":3},{"damage":29,"enemies":"Gremlin Nob","floor":12,"turns":4},{"damage":1,"enemies":"Hexaghost","floor":16,"turns":7},{"damage":2,"enemies":"Shell Parasite","floor":18,"turns":5},{"damage":12,"enemies":"Masked Bandits","floor":20,"turns":4},{"damage":3,"enemies":"2 Thieves","floor":22,"turns":3},{"damage":0,"enemies":"Snecko","floor":24,"turns":6},{"damage":2,"enemies":"Book of Stabbing","floor":25,"turns":3},{"damage":13,"enemies":"Slavers","floor":27,"turns":4},{"damage":0,"enemies":"Centurion and Healer","floor":28,"turns":4},{"damage":0,"enemies":"Sentry and Sphere","floor":29,"turns":3},{"damage":0,"enemies":"Chosen and Byrds","floor":30,"turns":8},{"damage":0,"enemies":"Snecko","floor":31,"turns":5},{"damage":22,"enemies":"Automaton","floor":33,"turns":8},{"damage":0,"enemies":"3 Darklings","floor":35,"turns":7},{"damage":0,"enemies":"3 Shapes","floor":38,"turns":2},{"damage":0,"enemies":"3 Darklings","floor":39,"turns":6},{"damage":0,"enemies":"Reptomancer","floor":40,"turns":5},{"damage":0,"enemies":"Writhing Mass","floor":44,"turns":5},{"damage":0,"enemies":"Nemesis","floor":45,"turns":5},{"damage":0,"enemies":"Reptomancer","floor":47,"turns":3},{"damage":0,"enemies":"Maw","floor":48,"turns":5},{"damage":0,"enemies":"Time Eater","floor":50,"turns":13},{"damage":0,"enemies":"Awakened One","floor":51,"turns":21},{"damage":0,"enemies":"Shield and Spear","floor":55,"turns":6},{"damage":47,"enemies":"The Heart","floor":56,"turns":12}],"green_key_taken_log":27,"seed_played":"-6085465981977647291","neow_bonus_log":{"cardsObtained":["Acrobatics","Leg Sweep"],"cardsUpgraded":[],"cardsRemoved":[],"cardsTransformed":["Defend_G","Strike_G"],"relicsObtained":[],"maxHpGained":0,"goldGained":0,"damageTaken":15,"goldLost":0,"maxHpLost":0},"potions_obtained":[{"floor":1,"key":"SkillPotion"},{"floor":2,"key":"Dexterity Potion"},{"floor":4,"key":"ColorlessPotion"},{"floor":25,"key":"GamblersBrew"},{"floor":28,"key":"FairyPotion"},{"floor":45,"key":"Dexterity Potion"}],"is_trial":false,"path_per_floor":["M","M","M","M","M","R","?","R","T","?","R","E","R","$","R","B",null,"M","?","?","$","M","R","M","E","T","E","M","M","M","M","R","B",null,"M","?","?","M","M","E","R","$","T","M","E","$","E","M","R","B","B",null,"R","$","E","B",null],"character_chosen":"THE_SILENT","basemod:card_modifiers":[null,null,null,null,null,null,null,null,null,null,null,null,null,null,null,null,null,null,null,null,null,null,null,null,null,null,null,null,null,null,null,null],"items_purchased":["Toolbox","Eviscerate","Dark Shackles","SteroidPotion","Backflip","Wraith Form v2","Pantograph","Good Instincts","SteroidPotion"],"campfire_rested":1,"item_purchase_floors":[14,14,21,21,42,42,46,46,54],"current_hp_per_floor":[44,43,43,39,28,28,20,20,20,42,42,13,32,32,32,31,57,55,55,43,43,40,40,40,38,38,25,25,25,25,25,25,3,50,50,40,40,40,40,40,40,40,40,40,40,40,40,40,40,65,66,66,66,66,66,31],"gold":84,"neow_bonus":"TRANSFORM_TWO_CARDS","is_prod":false,"is_daily":false,"rewards_skipped":[{"floor":29,"relics":[],"potions":["Weak Potion"]},{"floor":33,"relics":[],"potions":["SpeedPotion"]},{"floor":38,"relics":[],"potions":["Fire Potion"]},{"floor":47,"relics":[],"potions":["SteroidPotion"]},{"floor":55,"relics":[],"potions":["SkillPotion"]}],"chose_seed":false,"campfire_upgraded":8,"win_rate":0,"floor_exit_playtime":[249,333,383,458,669,675,863,869,872,908,913,947,955,992,998,1160,1265,1347,1407,1510,1568,1635,1642,1754,1896,1912,2000,2102,2239,2367,2480,2495,3085,3177,3382,3450,3456,3532,3727,3872,3897,4109,4123,4348,5003,5143,5314,5399,5402,5854,6241,6252,6262,6310,6457,6942],"timestamp":1677008787,"blue_key_relic_skipped_log":{"floor":43,"relicID":"Nunchaku"},"path_taken":["M","M","M","M","M","R","?","R","T","?","R","E","R","?","R","BOSS","M","?","?","$","M","R","M","E","T","E","M","M","M","M","R","BOSS","M","?","?","M","M","E","R","$","T","M","E","$","E","M","R","BOSS","BOSS","R","$","E","BOSS"],"build_version":"2022-12-18","purchased_purges":2,"victory":true,"max_hp_per_floor":[66,66,66,66,66,66,66,66,66,66,66,66,66,66,66,66,66,66,66,66,66,66,66,66,66,66,66,66,66,66,66,66,66,66,66,66,66,66,66,66,66,66,66,66,66,66,66,66,66,66,66,66,66,66,66,66],"relic_stats":{"counters":[31,188],"CeramicFish":171,"PreservedInsect":290,"Bag of Preparation":[34],"Whetstone":["Neutralize","Slice"],"MawBank":192,"Pantograph":26,"Art of War":[33],"obtain_stats":[{"CeramicFish":9,"Vajra":45,"PreservedInsect":25,"Bag of Preparation":27,"Whetstone":7,"MawBank":26,"Pantograph":46,"Toolbox":14,"Philosopher\u0027s Stone":34,"Art of War":12,"Red Mask":20,"FossilizedHelix":47,"InkBottle":55,"Ring of the Snake":0,"Runic Pyramid":17,"Meat on the Bone":40},{"CeramicFish":6,"Vajra":25,"PreservedInsect":13,"Bag of Preparation":14,"Whetstone":6,"MawBank":13,"Pantograph":25,"Toolbox":7,"Philosopher\u0027s Stone":19,"Art of War":7,"Red Mask":10,"FossilizedHelix":26,"InkBottle":30,"Ring of the Snake":0,"Runic Pyramid":8,"Meat on the Bone":23},{"CeramicFish":34,"Vajra":128,"PreservedInsect":66,"Bag of Preparation":70,"Whetstone":34,"MawBank":66,"Pantograph":128,"Toolbox":38,"Philosopher\u0027s Stone":98,"Art of War":38,"Red Mask":54,"FossilizedHelix":131,"InkBottle":176,"Ring of the Snake":0,"Runic Pyramid":45,"Meat on the Bone":118}],"FossilizedHelix":[91],"InkBottle":[5],"Ring of the Snake":[62],"Meat on the Bone":12},"card_choices":[{"not_picked":["Dagger Throw","Expertise"],"picked":"Predator","floor":1},{"not_picked":["Deflect","Finisher"],"picked":"Slice","floor":2},{"not_picked":["Cloak And Dagger","Dash"],"picked":"PiercingWail","floor":3},{"not_picked":["Predator","Blade Dance"],"picked":"Underhanded Strike","floor":4},{"not_picked":["Night Terror","Quick Slash","Slice"],"picked":"SKIP","floor":5},{"not_picked":["Night Terror","Quick Slash","Slice"],"picked":"SKIP","floor":5},{"not_picked":["Underhanded Strike","Blade Dance"],"picked":"Setup","floor":7},{"not_picked":["Eviscerate","Outmaneuver"],"picked":"Terror","floor":12},{"not_picked":["Unload","Bullet Time"],"picked":"Wraith Form v2","floor":16},{"not_picked":["Riddle With Holes","Blade Dance","Catalyst"],"picked":"SKIP","floor":18},{"not_picked":["Bouncing Flask","Flying Knee"],"picked":"Tactician","floor":20},{"not_picked":["Well Laid Plans","Infinite Blades","Concentrate"],"picked":"SKIP","floor":22},{"not_picked":["Predator+1","Dodge and Roll"],"picked":"Prepared","floor":24},{"not_picked":["Underhanded Strike+1","Deflect","Slice"],"picked":"SKIP","floor":25},{"not_picked":["Poisoned Stab","Concentrate","Infinite Blades"],"picked":"SKIP","floor":27},{"not_picked":["Bane+1","Sucker Punch","Caltrops"],"picked":"SKIP","floor":28},{"not_picked":["Tools of the Trade","Slice"],"picked":"Reflex","floor":29},{"not_picked":["Endless Agony","Dagger Spray","Cloak And Dagger"],"picked":"SKIP","floor":30},{"not_picked":["Flying Knee","Poisoned Stab","Heel Hook"],"picked":"SKIP","floor":31},{"not_picked":["Flying Knee","Poisoned Stab","Heel Hook"],"picked":"SKIP","floor":31},{"not_picked":["Grand Finale","Bullet Time"],"picked":"Wraith Form v2","floor":33},{"not_picked":["Heel Hook","Dagger Spray+1","Endless Agony+1"],"picked":"SKIP","floor":35},{"not_picked":["Dramatic Entrance","Secret Weapon"],"picked":"Dark Shackles","floor":36},{"not_picked":["Good Instincts","Blind"],"picked":"Panacea","floor":36},{"not_picked":["Chrysalis","Madness","Magnetism"],"picked":"SKIP","floor":36},{"not_picked":["Underhanded Strike","Flying Knee"],"picked":"PiercingWail","floor":38},{"not_picked":["Catalyst","Cloak And Dagger+1"],"picked":"Dagger Throw+1","floor":39},{"not_picked":["Dagger Spray","Underhanded Strike"],"picked":"Calculated Gamble","floor":40},{"not_picked":["Reflex","All Out Attack","Sucker Punch"],"picked":"SKIP","floor":44},{"not_picked":["Infinite Blades+1","Dagger Throw+1","Outmaneuver"],"picked":"SKIP","floor":45},{"not_picked":["Blade Dance","Catalyst"],"picked":"Corpse Explosion","floor":47},{"not_picked":["Flechettes+1","Blade Dance+1","Flying Knee"],"picked":"SKIP","floor":48},{"not_picked":["Crippling Poison","Deadly Poison","Cloak And Dagger"],"picked":"SKIP","floor":55}],"player_experience":5169306,"relics_obtained":[{"floor":7,"key":"Whetstone"},{"floor":9,"key":"CeramicFish"},{"floor":12,"key":"Art of War"},{"floor":20,"key":"Red Mask"},{"floor":25,"key":"PreservedInsect"},{"floor":26,"key":"MawBank"},{"floor":27,"key":"Bag of Preparation"},{"floor":40,"key":"Meat on the Bone"},{"floor":45,"key":"Vajra"},{"floor":47,"key":"FossilizedHelix"},{"floor":55,"key":"InkBottle"}],"event_choices":[{"damage_healed":0,"gold_gain":0,"player_choice":"Searched \u00271\u0027 times","damage_taken":0,"max_hp_gain":0,"max_hp_loss":0,"event_name":"Dead Adventurer","floor":7,"gold_loss":0},{"damage_healed":22,"gold_gain":0,"player_choice":"Banana","damage_taken":0,"max_hp_gain":0,"max_hp_loss":0,"event_name":"Big Fish","floor":10,"gold_loss":0},{"damage_healed":0,"gold_gain":0,"cards_transformed":["Strike_G","Strike_G"],"player_choice":"Became Test Subject","damage_taken":0,"max_hp_gain":0,"max_hp_loss":0,"event_name":"Drug Dealer","floor":19,"gold_loss":0,"cards_obtained":["Flechettes","Eviscerate"]},{"damage_healed":0,"gold_gain":0,"player_choice":"Fought Bandits","damage_taken":0,"max_hp_gain":0,"max_hp_loss":0,"event_name":"Masked Bandits","floor":20,"gold_loss":0},{"damage_healed":0,"gold_gain":0,"player_choice":"Memory 3","damage_taken":10,"max_hp_gain":0,"max_hp_loss":0,"event_name":"SensoryStone","floor":36,"gold_loss":0},{"cards_removed":["Strike_G"],"damage_healed":0,"gold_gain":0,"player_choice":"Purged","damage_taken":0,"max_hp_gain":0,"max_hp_loss":0,"event_name":"Purifier","floor":37,"gold_loss":0}],"is_beta":false,"boss_relics":[{"not_picked":["Ring of the Serpent","Pandora\u0027s Box"],"picked":"Runic Pyramid"},{"not_picked":["Snecko Eye","Velvet Choker"],"picked":"Philosopher\u0027s Stone"}],"items_purged_floors":[14,42],"is_endless":false,"potions_floor_spawned":[1,2,4,25,28,29,33,38,45,47,55],"ascension_level":20,"potion_discard_per_floor":[[],[],[],["SkillPotion"],[],[],[],[],[],[],[],[],[],[],[],[],[],[],[],[],[],[],[],[],[],[],[],["SteroidPotion"],[],[],[],[],[],[],[],[],[],[],[],[],[],[],[],[],["FairyPotion"],[],[],[],[],[],[],[],[],[],[],[],[]]}