{"neow_bonuses_skipped_log":["THREE_CARDS","TWENTY_PERCENT_HP_BONUS","BOSS_RELIC"],"potions_obtained_entropic_brew":[[],[],[],[],[],[],[],[],[],[],[],[],[],[],[],[],[],[],[],[],[],[],[],[],[],[],[],[],[],[],[],[],[],[],[],[],[],[],[],[],[],[],[],[],[],[],[],[],[],[],[],[],[],[],[],[],[]],"neow_costs_skipped_log":["NONE","CURSE","NONE"],"gold_per_floor":[217,234,17,17,36,64,64,84,84,96,96,96,127,139,139,218,218,228,228,153,172,66,66,81,120,120,142,142,186,212,255,255,343,343,369,369,386,406,467,499,508,508,561,583,583,617,636,677,677,677,677,677,677,238,279,279],"floor_reached":57,"playtime":7781,"items_purged":["Strike_G"],"score":3024,"play_id":"0b5c255c-4a31-4373-8208-545ac10fb9c5","local_time":"20230301182941","falling_options_log":["Terror","Well Laid Plans"],"score_breakdown":["Floors Climbed (57): 285","Enemies Slain (16): 32","Exordium Elites Killed (2): 20","City Elites Killed (3): 60","Beyond Elites Killed (3): 90","Bosses Slain (5): 750","I Like Shiny: 50","Money Money (1062): 25","Librarian: 25","Stuffed: 50","Champion (3): 75","Ascension (20): 1312","Heartbreaker: 250"],"is_ascension_mode":true,"potions_obtained_alchemize":[[],[],[],[],[],[],[],[],[],[],[],[],[],[],[],[],[],[],[],[],[],[],[],[],[],[],[],[],[],[],[],[],[],[],[],[],[],[],[],["FairyPotion"],[],[],[],[],[],[],[],["Strength Potion"],[],["Swift Potion"],[],[],[],[],["Poison Potion"],["Explosive Potion"],[]],"campfire_choices":[{"floor":12,"key":"REST"},{"data":"Doppelganger","floor":15,"key":"SMITH"},{"floor":23,"key":"REST"},{"data":"Glass Knife","floor":28,"key":"SMITH"},{"data":"Prepared","floor":32,"key":"SMITH"},{"floor":45,"key":"RECALL"},{"data":"Calculated Gamble","floor":49,"key":"SMITH"},{"data":"Well Laid Plans","floor":53,"key":"SMITH"}],"lesson_learned_per_floor":[[],[],[],[],[],[],[],[],[],[],[],[],[],[],[],[],[],[],[],[],[],[],[],[],[],[],[],[],[],[],[],[],[],[],[],[],[],[],[],[],[],[],[],[],[],[],[],[],[],[],[],[],[],[],[],[],[]],"neow_cost":"NONE","improvable_cards":{},"seed_source_timestamp":2742074863922,"shop_contents":[{"floor":3,"relics":["Lantern","Darkstone Periapt"],"cards":["Slice","Sucker Punch","Backflip","Catalyst","A Thousand Cuts","Impatience","Sadistic Nature"],"potions":["Fruit Juice","SkillPotion"]},{"floor":54,"relics":["Shuriken"],"cards":["Finisher","Sucker Punch","Reflex","Cloak And Dagger","Swift Strike","Secret Weapon"],"potions":["LiquidMemories","LiquidBronze","LiquidBronze"]}],"circlet_count":0,"master_deck":["AscendersBane","Strike_G","Strike_G","Strike_G","Defend_G","Defend_G","Defend_G","Defend_G","Defend_G","Survivor","Neutralize","Sucker Punch","Blade Dance+1","Slice","Doppelganger+1","Terror","Dash","Calculated Gamble","Die Die Die","Backstab","Dagger Spray+1","Glass Knife+1","Outmaneuver+1","Well Laid Plans+1","Calculated Gamble+1","Prepared+1","Venomology","Tactician+1","Acrobatics","Panacea","PiercingWail","Reflex","Acrobatics","Malaise","Acrobatics+1","Burst","Footwork","Caltrops","Catalyst+1"],"potion_use_per_floor":[[],[],[],[],[],["PowerPotion"],[],[],[],[],[],[],[],["Fire Potion"],[],[],[],[],[],[],[],[],[],[],[],[],[],[],[],[],[],[],[],[],[],[],[],[],["CunningPotion"],["Energy Potion"],[],[],[],[],[],[],[],["LiquidMemories"],[],["Strength Potion"],[],[],[],[],["Swift Potion"],["Poison Potion","Explosive Potion"],[]],"relics":["Ring of the Snake","ClockworkSouvenir","Anchor","StoneCalendar","Pantograph","WarpedTongs","Bag of Marbles","Black Star","MutagenicStrength","Omamori","CeramicFish","Singing Bowl","Orichalcum","Ice Cream","Tough Bandages","StrikeDummy","Pen Nib","SacredBark","Mango","HornCleat","MealTicket","Ancient Tea Set","Juzu Bracelet","Tingsha","Bird Faced Urn","Orrery","Strawberry","White Beast Statue","Ginger"],"potions_floor_usage":[6,14,39,40,48,50,55,56,56],"damage_taken":[{"damage":4,"enemies":"Jaw Worm","floor":1,"turns":7},{"damage":0,"enemies":"2 Louse","floor":2,"turns":4},{"damage":0,"enemies":"Cultist","floor":5,"turns":3},{"damage":12,"enemies":"Lagavulin","floor":6,"turns":6},{"damage":11,"enemies":"Large Slime","floor":8,"turns":7},{"damage":0,"enemies":"3 Louse","floor":10,"turns":2},{"damage":16,"enemies":"Gremlin Nob","floor":13,"turns":4},{"damage":3,"enemies":"Gremlin Gang","floor":14,"turns":3},{"damage":20,"enemies":"Hexaghost","floor":16,"turns":8},{"damage":17,"enemies":"Spheric Guardian","floor":18,"turns":6},{"damage":3,"enemies":"3 Byrds","floor":21,"turns":4},{"damage":0,"enemies":"3 Cultists","floor":24,"turns":5},{"damage":8,"enemies":"Slavers","floor":25,"turns":5},{"damage":5,"enemies":"Sentry and Sphere","floor":27,"turns":3},{"damage":11,"enemies":"Book of Stabbing","floor":29,"turns":3},{"damage":0,"enemies":"Centurion and Healer","floor":30,"turns":3},{"damage":0,"enemies":"Gremlin Leader","floor":31,"turns":5},{"damage":26,"enemies":"Automaton","floor":33,"turns":7},{"damage":0,"enemies":"3 Shapes","floor":35,"turns":5},{"damage":0,"enemies":"Orb Walker","floor":37,"turns":2},{"damage":2,"enemies":"Jaw Worm Horde","floor":38,"turns":3},{"damage":0,"enemies":"2 Orb Walkers","floor":39,"turns":2},{"damage":0,"enemies":"Giant Head","floor":40,"turns":5},{"damage":16,"enemies":"Spire Growth","floor":44,"turns":3},{"damage":0,"enemies":"Reptomancer","floor":46,"turns":5},{"damage":0,"enemies":"4 Shapes","floor":47,"turns":7},{"damage":19,"enemies":"Giant Head","floor":48,"turns":5},{"damage":24,"enemies":"Donu and Deca","floor":50,"turns":7},{"damage":51,"enemies":"Time Eater","floor":51,"turns":14},{"damage":26,"enemies":"Shield and Spear","floor":55,"turns":7},{"damage":97,"enemies":"The Heart","floor":56,"turns":10}],"green_key_taken_log":48,"seed_played":"-6696499413161869661","neow_bonus_log":{"cardsObtained":[],"cardsUpgraded":[],"cardsRemoved":[],"cardsTransformed":[],"relicsObtained":[],"maxHpGained":0,"goldGained":100,"damageTaken":0,"goldLost":0,"maxHpLost":0},"potions_obtained":[{"floor":5,"key":"CunningPotion"},{"floor":8,"key":"Fire Potion"},{"floor":14,"key":"FairyPotion"},{"floor":16,"key":"Fire Potion"},{"floor":27,"key":"Fire Potion"},{"floor":31,"key":"LiquidMemories"},{"floor":39,"key":"Energy Potion"}],"is_trial":false,"path_per_floor":["M","M","$","?","M","E","?","M","T","M","?","R","E","M","R","B",null,"M","?","?","M","?","R","M","E","T","M","R","E","M","E","R","B",null,"M","?","M","M","?","E","?","?","T","M","R","E","M","E","R","B","B",null,"R","$","E","B",null],"character_chosen":"THE_SILENT","basemod:card_modifiers":[null,null,null,null,null,null,null,null,null,null,null,null,null,null,null,null,null,null,null,null,null,null,null,null,null,null,null,null,null,null,null,null,null,null,null,null,null,null,null],"items_purchased":["ClockworkSouvenir","PowerPotion","Orrery","Strawberry","Caltrops"],"campfire_rested":2,"item_purchase_floors":[3,3,54,54,54],"current_hp_per_floor":[55,55,55,37,37,25,25,14,14,14,14,33,17,14,14,19,54,37,37,37,34,34,53,53,45,45,40,40,29,29,29,29,28,57,57,66,68,68,82,84,78,78,78,62,62,62,64,45,45,48,24,75,75,99,79,6],"gold":279,"neow_bonus":"HUNDRED_GOLD","is_prod":false,"is_daily":false,"rewards_skipped":[{"floor":18,"relics":[],"potions":["PowerPotion"]},{"floor":25,"relics":[],"potions":["EssenceOfSteel"]},{"floor":44,"relics":[],"potions":["AttackPotion"]},{"floor":47,"relics":[],"potions":["CunningPotion"]}],"chose_seed":false,"campfire_upgraded":5,"win_rate":0,"floor_exit_playtime":[356,397,536,559,606,774,1037,1157,1160,1226,1243,1248,1372,1546,1811,1991,2158,2383,2401,2422,2518,2591,2596,2680,2842,2846,2944,2952,3066,3115,3356,3363,3618,3782,3861,3916,3983,4080,4161,4374,4520,4531,4536,4651,4655,4854,5002,5403,5435,5677,6213,6226,6233,6503,7162,7781],"timestamp":1677713381,"blue_key_relic_skipped_log":{"floor":43,"relicID":"Snake Skull"},"path_taken":["M","M","$","?","M","E","?","M","T","M","?","R","E","?","R","BOSS","M","?","?","M","?","R","M","E","T","?","R","E","M","E","R","BOSS","M","?","M","M","?","E","?","?","T","M","R","E","M","E","R","BOSS","BOSS","R","$","E","BOSS"],"build_version":"2022-12-18","purchased_purges":1,"victory":true,"max_hp_per_floor":[66,66,66,66,66,66,66,66,66,66,66,66,66,66,66,66,66,66,66,66,66,66,66,66,66,66,66,66,66,66,66,66,66,66,66,66,68,70,84,86,90,90,90,90,90,90,92,92,92,92,92,92,92,101,101,101],"relic_stats":{"Ice Cream":[266],"Singing Bowl":14,"counters":[31,160],"CeramicFish":162,"StoneCalendar":[198],"Tingsha":[283],"Pen Nib":[21],"Omamori":1,"Juzu Bracelet":0,"Ginger":[2],"Orichalcum":[114],"Ancient Tea Set":[4],"White Beast Statue":[0.0,0.0,0.0,0.0,0.0,1.0,0.0,0.0,0.0,0.0,0.0,0.0],"WarpedTongs":[130],"Tough Bandages":[699],"Pantograph":122,"Bird Faced Urn":[12],"MealTicket":15,"Black Star":7,"obtain_stats":[{"Ice Cream":29,"Singing Bowl":25,"CeramicFish":25,"SacredBark":34,"StoneCalendar":6,"Mango":39,"Juzu Bracelet":46,"Ginger":55,"Ancient Tea Set":46,"ClockworkSouvenir":3,"Tough Bandages":29,"HornCleat":40,"Pantograph":9,"Strawberry":54,"MealTicket":40,"Ring of the Snake":0,"Tingsha":48,"Pen Nib":31,"Omamori":22,"Orichalcum":26,"White Beast Statue":55,"WarpedTongs":11,"Anchor":4,"MutagenicStrength":19,"Bird Faced Urn":48,"Orrery":54,"Bag of Marbles":13,"Black Star":17,"StrikeDummy":31},{"Ice Cream":15,"Singing Bowl":13,"CeramicFish":13,"SacredBark":18,"StoneCalendar":4,"Mango":22,"Juzu Bracelet":25,"Ginger":30,"Ancient Tea Set":25,"ClockworkSouvenir":2,"Tough Bandages":15,"HornCleat":23,"Pantograph":5,"Strawberry":29,"MealTicket":23,"Ring of the Snake":0,"Tingsha":27,"Pen Nib":17,"Omamori":11,"Orichalcum":13,"White Beast Statue":30,"WarpedTongs":6,"Anchor":2,"MutagenicStrength":10,"Bird Faced Urn":27,"Orrery":29,"Bag of Marbles":7,"Black Star":9,"StrikeDummy":17},{"Ice Cream":70,"Singing Bowl":64,"CeramicFish":64,"SacredBark":85,"StoneCalendar":20,"Mango":97,"Juzu Bracelet":110,"Ginger":150,"Ancient Tea Set":110,"ClockworkSouvenir":11,"Tough Bandages":70,"HornCleat":102,"Pantograph":27,"Strawberry":143,"MealTicket":102,"Ring of the Snake":0,"Tingsha":122,"Pen Nib":78,"Omamori":54,"Orichalcum":64,"White Beast Statue":150,"WarpedTongs":29,"Anchor":11,"MutagenicStrength":50,"Bird Faced Urn":122,"Orrery":143,"Bag of Marbles":33,"Black Star":44,"StrikeDummy":78}],"Ring of the Snake":[62]},"card_choices":[{"not_picked":["Underhanded Strike","Bane"],"picked":"Sucker Punch","floor":1},{"not_picked":["Skewer","Underhanded Strike"],"picked":"Blade Dance","floor":2},{"not_picked":["Bane","Flechettes"],"picked":"Slice","floor":5},{"not_picked":["Dagger Spray","Prepared"],"picked":"Doppelganger","floor":6},{"not_picked":["Deflect","Leg Sweep"],"picked":"Terror","floor":8},{"not_picked":["Deflect","Quick Slash"],"picked":"Dash","floor":10},{"not_picked":["Heel Hook","Prepared","Distraction"],"picked":"SKIP","floor":13},{"not_picked":["Footwork","Blur"],"picked":"Calculated Gamble","floor":14},{"not_picked":["Burst","Bullet Time"],"picked":"Die Die Die","floor":16},{"not_picked":["Deflect","Bane"],"picked":"Backstab","floor":18},{"not_picked":["Acrobatics","Riddle With Holes+1"],"picked":"Dagger Spray+1","floor":21},{"not_picked":["Deadly Poison","Sucker Punch","Skewer"],"picked":"SKIP","floor":24},{"not_picked":["Skewer","Flying Knee"],"picked":"Glass Knife","floor":25},{"not_picked":["Terror","Dagger Throw"],"picked":"Outmaneuver+1","floor":27},{"not_picked":["Underhanded Strike","Accuracy"],"picked":"Well Laid Plans","floor":29},{"not_picked":["Dagger Spray+1","Acrobatics"],"picked":"Calculated Gamble","floor":30},{"not_picked":["Dagger Throw","Expertise"],"picked":"Prepared","floor":31},{"not_picked":["Tools of the Trade","Corpse Explosion"],"picked":"Venomology","floor":33},{"not_picked":["Deadly Poison+1","Crippling Poison"],"picked":"Tactician+1","floor":35},{"not_picked":["Cloak And Dagger+1","Bane","Well Laid Plans"],"picked":"Singing Bowl","floor":37},{"not_picked":["Deflect","Deadly Poison","Bane+1"],"picked":"Singing Bowl","floor":38},{"not_picked":["Cloak And Dagger","Deflect"],"picked":"Acrobatics","floor":39},{"not_picked":["Bouncing Flask","Quick Slash","Storm of Steel"],"picked":"Singing Bowl","floor":40},{"not_picked":["Finesse","Swift Strike","Bandage Up"],"picked":"Singing Bowl","floor":41},{"not_picked":["Swift Strike","Panache","Mayhem"],"picked":"Singing Bowl","floor":41},{"not_picked":["Purity","The Bomb"],"picked":"Panacea","floor":41},{"not_picked":["Quick Slash","Deflect"],"picked":"PiercingWail","floor":44},{"not_picked":["Choke","Deflect+1"],"picked":"Reflex","floor":46},{"not_picked":["Bouncing Flask","Underhanded Strike","Bane"],"picked":"Singing Bowl","floor":47},{"not_picked":["Dagger Throw","Night Terror"],"picked":"Acrobatics","floor":48},{"not_picked":["Prepared+1","Blade Dance"],"picked":"Malaise","floor":54},{"not_picked":["Reflex","Calculated Gamble"],"picked":"Acrobatics+1","floor":54},{"not_picked":["Concentrate","Slice"],"picked":"Burst","floor":54},{"not_picked":["Quick Slash","Blade Dance","Expertise+1"],"picked":"Singing Bowl","floor":54},{"not_picked":["Outmaneuver+1","Dagger Spray"],"picked":"Footwork","floor":54},{"not_picked":["Backflip","Leg Sweep"],"picked":"Catalyst+1","floor":55}],"player_experience":5244701,"relics_obtained":[{"floor":6,"key":"StoneCalendar"},{"floor":9,"key":"Pantograph"},{"floor":13,"key":"Bag of Marbles"},{"floor":25,"key":"CeramicFish"},{"floor":25,"key":"Singing Bowl"},{"floor":26,"key":"Orichalcum"},{"floor":29,"key":"Ice Cream"},{"floor":29,"key":"Tough Bandages"},{"floor":31,"key":"StrikeDummy"},{"floor":31,"key":"Pen Nib"},{"floor":39,"key":"Mango"},{"floor":40,"key":"HornCleat"},{"floor":40,"key":"MealTicket"},{"floor":46,"key":"Ancient Tea Set"},{"floor":46,"key":"Juzu Bracelet"},{"floor":48,"key":"Tingsha"},{"floor":48,"key":"Bird Faced Urn"},{"floor":55,"key":"White Beast Statue"},{"floor":55,"key":"Ginger"}],"event_choices":[{"damage_healed":0,"gold_gain":0,"player_choice":"Success","damage_taken":18,"relics_obtained":["Anchor"],"max_hp_gain":0,"max_hp_loss":0,"event_name":"Scrap Ooze","floor":4,"gold_loss":0},{"damage_healed":0,"gold_gain":0,"player_choice":"Grow","damage_taken":0,"max_hp_gain":0,"max_hp_loss":0,"event_name":"Living Wall","floor":7,"gold_loss":0,"cards_upgraded":["Blade Dance"]},{"damage_healed":0,"gold_gain":0,"player_choice":"Rummage","damage_taken":0,"relics_obtained":["WarpedTongs"],"max_hp_gain":0,"max_hp_loss":0,"event_name":"Accursed Blacksmith","floor":11,"gold_loss":0,"cards_obtained":["Pain"]},{"damage_healed":0,"gold_gain":0,"player_choice":"Inject Mutagens","damage_taken":0,"relics_obtained":["MutagenicStrength"],"max_hp_gain":0,"max_hp_loss":0,"event_name":"Drug Dealer","floor":19,"gold_loss":0},{"cards_removed":["Pain"],"damage_healed":0,"gold_gain":0,"player_choice":"Gave Gold","damage_taken":0,"max_hp_gain":0,"max_hp_loss":0,"event_name":"Beggar","floor":20,"gold_loss":75},{"damage_healed":0,"gold_gain":0,"player_choice":"Paid Gold","damage_taken":0,"relics_obtained":["Omamori"],"max_hp_gain":0,"max_hp_loss":0,"event_name":"WeMeetAgain","floor":22,"gold_loss":106},{"damage_healed":13,"gold_gain":0,"player_choice":"Writhe","damage_taken":0,"max_hp_gain":0,"max_hp_loss":0,"event_name":"Winding Halls","floor":36,"gold_loss":0,"cards_obtained":["Writhe"]},{"damage_healed":0,"gold_gain":0,"player_choice":"Fight","damage_taken":0,"max_hp_gain":0,"max_hp_loss":0,"event_name":"Mysterious Sphere","floor":39,"gold_loss":0},{"damage_healed":0,"gold_gain":0,"player_choice":"Memory 3","damage_taken":10,"max_hp_gain":0,"max_hp_loss":0,"event_name":"SensoryStone","floor":41,"gold_loss":0},{"cards_removed":["Strike_G"],"damage_healed":0,"gold_gain":0,"player_choice":"Removed Attack","damage_taken":0,"max_hp_gain":0,"max_hp_loss":0,"event_name":"Falling","floor":42,"gold_loss":0}],"is_beta":false,"boss_relics":[{"not_picked":["Tiny House","WristBlade"],"picked":"Black Star"},{"not_picked":["Fusion Hammer","HoveringKite"],"picked":"SacredBark"}],"items_purged_floors":[54],"is_endless":false,"potions_floor_spawned":[5,8,14,16,18,25,27,31,39,44,47],"ascension_level":20,"potion_discard_per_floor":[[],[],[],[],[],[],[],[],[],[],[],[],[],[],[],["FairyPotion"],[],[],[],[],[],[],[],[],[],[],["Fire Potion"],[],[],[],["Fire Potion"],[],[],[],[],[],[],[],[],[],[],[],[],[],[],[],[],[],[],[],[],[],[],[],[],[],[]]}