{"neow_bonuses_skipped_log":["REMOVE_CARD","THREE_ENEMY_KILL","BOSS_RELIC"],"potions_obtained_entropic_brew":[[],[],[],[],[],[],[],[],[],[],[],[],[],[],[],[],[],[],[],[],[],[],[],[],[],[],[],[],[],[],[],[],[],[],[],[],[],[],[],[],[],[],[],[],[],[],[],[],[],[],[],[],[],[],[],[],[]],"neow_costs_skipped_log":["NONE","NONE","NONE"],"gold_per_floor":[110,120,120,85,85,110,54,54,79,97,97,108,135,135,135,209,209,227,250,269,288,37,37,68,68,118,118,118,118,143,153,153,229,229,246,25,25,39,53,80,95,95,95,114,133,133,162,182,182,182,182,182,182,20,46,46],"floor_reached":57,"playtime":12975,"items_purged":[],"score":2720,"play_id":"6414eaf2-d994-46de-89e4-7d13d6993352","local_time":"20230227200259","score_breakdown":["Floors Climbed (57): 285","Enemies Slain (15): 30","Exordium Elites Killed (2): 20","City Elites Killed (2): 40","Beyond Elites Killed (2): 60","Bosses Slain (5): 750","Collector (1): 25","Librarian: 25","Overkill: 25","Ascension (20): 1210","Heartbreaker: 250"],"is_ascension_mode":true,"potions_obtained_alchemize":[[],[],[],[],[],[],[],[],[],[],[],[],[],[],[],[],[],[],[],[],[],[],[],[],[],[],[],[],[],[],[],[],[],[],["Regen Potion"],[],[],["SteroidPotion"],[],["Strength Potion"],["AttackPotion"],[],[],[],[],[],["SkillPotion"],["Regen Potion"],[],["Strength Potion"],["Regen Potion"],[],[],[],["FearPotion"],["Explosive Potion"],[]],"campfire_choices":[{"floor":8,"key":"REST"},{"data":"Predator","floor":11,"key":"SMITH"},{"floor":15,"key":"REST"},{"data":"Wraith Form v2","floor":23,"key":"SMITH"},{"data":"Phantasmal Killer","floor":25,"key":"SMITH"},{"floor":27,"key":"REST"},{"data":"Well Laid Plans","floor":29,"key":"SMITH"},{"data":"Tactician","floor":32,"key":"SMITH"},{"floor":42,"key":"RECALL"},{"data":"Calculated Gamble","floor":46,"key":"SMITH"},{"data":"Malaise","floor":49,"key":"SMITH"},{"data":"Outmaneuver","floor":53,"key":"SMITH"}],"lesson_learned_per_floor":[[],[],[],[],[],[],[],[],[],[],[],[],[],[],[],[],[],[],[],[],[],[],[],[],[],[],[],[],[],[],[],[],[],[],[],[],[],[],[],[],[],[],[],[],[],[],[],[],[],[],[],[],[],[],[],[],[]],"neow_cost":"PERCENT_DAMAGE","improvable_cards":{},"seed_source_timestamp":7332491661645,"shop_contents":[{"floor":7,"relics":["Ninja Scroll","Art of War","Cauldron"],"cards":["Quick Slash","Flechettes","Concentrate","Crippling Poison","Well Laid Plans","Dramatic Entrance","HandOfGreed"],"potions":["SkillPotion","DuplicationPotion"]},{"floor":22,"relics":["Darkstone Periapt","HornCleat","TheAbacus"],"cards":["Heel Hook","Slice","Footwork","Jack Of All Trades","Violence"],"potions":["SteroidPotion","Swift Potion","EntropicBrew"]},{"floor":36,"relics":["Paper Crane","Gremlin Horn"],"cards":["Finisher","Slice","Distraction","After Image","Enlightenment","Metamorphosis"],"potions":["Energy Potion","GamblersBrew","FearPotion"]},{"floor":54,"relics":["Tough Bandages","Pantograph","Chemical X"],"cards":["Poisoned Stab","Unload","Outmaneuver","Backflip","Noxious Fumes","Dramatic Entrance","The Bomb"],"potions":["BlessingOfTheForge"]}],"circlet_count":0,"master_deck":["AscendersBane","Defend_G","Defend_G","Defend_G","Defend_G","Survivor","Neutralize","The Bomb","Dagger Throw","Acrobatics","Escape Plan","Predator+1","PiercingWail","Infinite Blades","Slice","Wraith Form v2+1","Flechettes+1","Escape Plan","Well Laid Plans+1","Calculated Gamble+1","Phantasmal Killer+1","Blade Dance+1","Bite","Bite","Bite","Bite","Bite","Backflip","Tactician+1","Venomology","Reflex","Acrobatics","Acrobatics","Outmaneuver+1","Malaise+1","Deadly Poison+1","Tactician","Dodge and Roll+1","Grand Finale","Terror","Wraith Form v2"],"potion_use_per_floor":[[],[],[],[],[],[],[],[],[],[],[],["Fire Potion"],[],[],[],[],[],["Ancient Potion"],[],[],["Poison Potion"],[],[],[],[],[],[],[],[],["ColorlessPotion"],[],[],["Dexterity Potion"],[],[],[],[],["Regen Potion"],[],["LiquidBronze"],["Energy Potion"],[],[],[],[],[],["Strength Potion","SkillPotion"],[],[],["Regen Potion"],["Strength Potion","Regen Potion","GamblersBrew"],[],[],[],["SteroidPotion"],["CultistPotion","Explosive Potion","FearPotion","FairyPotion","Energy Potion"],[]],"relics":["Ring of the Snake","Singing Bowl","Strawberry","Akabeko","Unceasing Top","SacredBark","Nunchaku","Sundial","Potion Belt","Happy Flower","Runic Pyramid","ClockworkSouvenir","Omamori","Orichalcum"],"potions_floor_usage":[12,18,21,30,33,38,40,41,47,47,50,51,51,51,55,56,56,56,56],"damage_taken":[{"damage":1,"enemies":"Cultist","floor":1,"turns":4},{"damage":0,"enemies":"Jaw Worm","floor":2,"turns":5},{"damage":39,"enemies":"Gremlin Nob","floor":6,"turns":4},{"damage":0,"enemies":"2 Louse","floor":10,"turns":2},{"damage":4,"enemies":"Large Slime","floor":12,"turns":3},{"damage":10,"enemies":"3 Sentries","floor":13,"turns":5},{"damage":40,"enemies":"Slime Boss","floor":16,"turns":9},{"damage":18,"enemies":"Shell Parasite","floor":18,"turns":8},{"damage":1,"enemies":"3 Byrds","floor":20,"turns":4},{"damage":5,"enemies":"Cultist and Chosen","floor":21,"turns":5},{"damage":28,"enemies":"Slavers","floor":24,"turns":7},{"damage":8,"enemies":"Gremlin Leader","floor":30,"turns":8},{"damage":4,"enemies":"Centurion and Healer","floor":31,"turns":11},{"damage":57,"enemies":"Champ","floor":33,"turns":12},{"damage":0,"enemies":"3 Shapes","floor":35,"turns":3},{"damage":5,"enemies":"3 Darklings","floor":38,"turns":6},{"damage":49,"enemies":"4 Shapes","floor":39,"turns":14},{"damage":3,"enemies":"Nemesis","floor":40,"turns":7},{"damage":9,"enemies":"Writhing Mass","floor":41,"turns":10},{"damage":0,"enemies":"Sphere and 2 Shapes","floor":44,"turns":3},{"damage":1,"enemies":"Spire Growth","floor":45,"turns":7},{"damage":2,"enemies":"Giant Head","floor":47,"turns":7},{"damage":4,"enemies":"Transient","floor":48,"turns":6},{"damage":68,"enemies":"Time Eater","floor":50,"turns":7},{"damage":87,"enemies":"Donu and Deca","floor":51,"turns":13},{"damage":6,"enemies":"Shield and Spear","floor":55,"turns":4},{"damage":113,"enemies":"The Heart","floor":56,"turns":8}],"green_key_taken_log":40,"seed_played":"-3749277139812611006","neow_bonus_log":{"cardsObtained":[],"cardsUpgraded":[],"cardsRemoved":[],"cardsTransformed":[],"relicsObtained":[],"maxHpGained":0,"goldGained":0,"damageTaken":15,"goldLost":0,"maxHpLost":0},"potions_obtained":[{"floor":10,"key":"Ancient Potion"},{"floor":16,"key":"Poison Potion"},{"floor":18,"key":"Dexterity Potion"},{"floor":24,"key":"ColorlessPotion"},{"floor":30,"key":"GamblersBrew"},{"floor":31,"key":"LiquidBronze"},{"floor":33,"key":"Energy Potion"},{"floor":41,"key":"CultistPotion"}],"is_trial":false,"path_per_floor":["M","M","?","?","?","E","$","R","T","M","R","M","E","?","R","B",null,"M","T","M","M","$","R","E","R","T","R","?","R","E","M","R","B",null,"M","$","?","M","M","E","M","R","T","M","M","R","E","M","R","B","B",null,"R","$","E","B",null],"character_chosen":"THE_SILENT","basemod:card_modifiers":[null,null,null,null,null,null,null,null,null,null,null,null,null,null,null,null,null,null,null,null,null,null,null,null,null,null,null,null,null,null,null,null,null,null,null,null,null,null,null,null,null],"items_purchased":["Fire Potion","Calculated Gamble","Phantasmal Killer","Acrobatics","ClockworkSouvenir","FairyPotion","Energy Potion"],"campfire_rested":3,"item_purchase_floors":[7,22,22,36,36,54,54],"current_hp_per_floor":[43,43,32,48,48,16,16,37,37,37,37,33,23,23,44,4,56,38,38,37,32,32,32,4,4,4,25,25,25,31,51,51,18,43,45,45,45,51,16,25,38,38,38,44,51,51,51,51,51,36,26,45,45,45,45,20],"gold":46,"neow_bonus":"RANDOM_COLORLESS_2","is_prod":false,"is_daily":false,"rewards_skipped":[{"floor":35,"relics":[],"potions":["SkillPotion"]},{"floor":40,"relics":[],"potions":["Poison Potion"]},{"floor":45,"relics":[],"potions":["GamblersBrew"]},{"floor":55,"relics":["Dead Branch"],"potions":[]}],"chose_seed":false,"campfire_upgraded":8,"win_rate":0,"floor_exit_playtime":[1393,1476,1485,1540,1572,1655,1713,1718,1735,1760,1769,1876,1961,1971,1980,2153,4869,5202,5211,5365,5516,5675,5682,5911,5918,5923,5928,5977,5983,6373,6628,6668,7113,7259,7482,7690,7760,8289,8706,9116,9599,9616,9621,9698,9958,9987,10447,10629,10658,11243,11991,12009,12090,12170,12489,12975],"timestamp":1677546179,"blue_key_relic_skipped_log":{"floor":43,"relicID":"Letter Opener"},"path_taken":["M","M","?","?","?","E","$","R","T","M","R","M","E","?","R","BOSS","M","?","M","M","$","R","E","R","T","R","?","R","E","M","R","BOSS","M","$","?","M","M","E","M","R","T","M","M","R","E","M","R","BOSS","BOSS","R","$","E","BOSS"],"build_version":"2022-12-18","purchased_purges":0,"victory":true,"max_hp_per_floor":[66,66,66,66,66,73,73,73,73,73,73,73,73,73,73,73,73,73,73,73,73,73,73,73,73,73,73,51,51,51,51,51,51,51,51,51,51,51,51,51,51,51,51,51,51,51,51,51,51,51,51,51,51,51,51,51],"relic_stats":{"Nunchaku":[30],"Singing Bowl":0,"Happy Flower":[39],"counters":[27,182],"Sundial":[14],"Omamori":1,"Orichalcum":[102],"obtain_stats":[{"Potion Belt":26,"Singing Bowl":3,"Happy Flower":30,"SacredBark":17,"Omamori":40,"Orichalcum":47,"Akabeko":9,"ClockworkSouvenir":36,"Nunchaku":19,"Sundial":24,"Strawberry":6,"Unceasing Top":13,"Ring of the Snake":0,"Runic Pyramid":34},{"Potion Belt":11,"Singing Bowl":2,"Happy Flower":12,"SacredBark":7,"Omamori":18,"Orichalcum":22,"Akabeko":3,"ClockworkSouvenir":15,"Nunchaku":8,"Sundial":11,"Strawberry":3,"Unceasing Top":6,"Ring of the Snake":0,"Runic Pyramid":14},{"Potion Belt":56,"Singing Bowl":9,"Happy Flower":64,"SacredBark":32,"Omamori":117,"Orichalcum":144,"Akabeko":13,"ClockworkSouvenir":90,"Nunchaku":40,"Sundial":56,"Strawberry":13,"Unceasing Top":23,"Ring of the Snake":0,"Runic Pyramid":87}],"Unceasing Top":[3],"Ring of the Snake":[54]},"card_choices":[{"not_picked":["Transmutation","Secret Weapon"],"picked":"The Bomb","floor":0},{"not_picked":["Escape Plan","PiercingWail"],"picked":"Dagger Throw","floor":1},{"not_picked":["Dodge and Roll","Deadly Poison"],"picked":"Acrobatics","floor":2},{"not_picked":["Expertise","Cloak And Dagger"],"picked":"Predator","floor":6},{"not_picked":["Bane","Cloak And Dagger"],"picked":"PiercingWail","floor":10},{"not_picked":["Deflect","Accuracy"],"picked":"Infinite Blades","floor":12},{"not_picked":["Catalyst","Deadly Poison"],"picked":"Slice","floor":13},{"not_picked":["Corpse Explosion","Die Die Die"],"picked":"Wraith Form v2","floor":16},{"not_picked":["Backflip","Acrobatics"],"picked":"Flechettes+1","floor":18},{"not_picked":["Crippling Poison","Slice"],"picked":"Escape Plan","floor":20},{"not_picked":["Acrobatics","Underhanded Strike"],"picked":"Well Laid Plans","floor":21},{"not_picked":["Setup","Acrobatics"],"picked":"Blade Dance+1","floor":24},{"not_picked":["Blade Dance+1","Escape Plan"],"picked":"Backflip","floor":30},{"not_picked":["PiercingWail","Underhanded Strike"],"picked":"Tactician","floor":31},{"not_picked":["Corpse Explosion","Envenom"],"picked":"Venomology","floor":33},{"not_picked":["Poisoned Stab","Concentrate"],"picked":"Reflex","floor":35},{"not_picked":["Dagger Spray","Blur"],"picked":"Acrobatics","floor":38},{"not_picked":["Cloak And Dagger","Expertise"],"picked":"Outmaneuver","floor":39},{"not_picked":["Reflex","Tactician"],"picked":"Malaise","floor":40},{"not_picked":["Backstab","Dagger Throw"],"picked":"Deadly Poison+1","floor":41},{"not_picked":["Deadly Poison","Accuracy"],"picked":"Tactician","floor":44},{"not_picked":["Dagger Spray","Dagger Throw"],"picked":"Dodge and Roll+1","floor":45},{"not_picked":["Blur+1","Masterful Stab"],"picked":"Grand Finale","floor":47},{"not_picked":["Flying Knee","Choke+1"],"picked":"Terror","floor":48},{"not_picked":["Quick Slash","Dash+1"],"picked":"Wraith Form v2","floor":55}],"player_experience":5219815,"relics_obtained":[{"floor":6,"key":"Strawberry"},{"floor":9,"key":"Akabeko"},{"floor":13,"key":"Unceasing Top"},{"floor":19,"key":"Nunchaku"},{"floor":24,"key":"Sundial"},{"floor":26,"key":"Potion Belt"},{"floor":30,"key":"Happy Flower"},{"floor":40,"key":"Omamori"},{"floor":47,"key":"Orichalcum"}],"event_choices":[{"damage_healed":0,"gold_gain":0,"player_choice":"Success","damage_taken":11,"relics_obtained":["Singing Bowl"],"max_hp_gain":0,"max_hp_loss":0,"event_name":"Scrap Ooze","floor":3,"gold_loss":0},{"damage_healed":16,"gold_gain":0,"player_choice":"Healed","damage_taken":0,"max_hp_gain":0,"max_hp_loss":0,"event_name":"The Cleric","floor":4,"gold_loss":35},{"damage_healed":0,"gold_gain":0,"cards_transformed":["Defend_G"],"player_choice":"Change","damage_taken":0,"max_hp_gain":0,"max_hp_loss":0,"event_name":"Living Wall","floor":5,"gold_loss":0,"cards_obtained":["Escape Plan"]},{"cards_removed":["Strike_G"],"damage_healed":0,"gold_gain":0,"player_choice":"Purged","damage_taken":0,"max_hp_gain":0,"max_hp_loss":0,"event_name":"Purifier","floor":14,"gold_loss":0},{"damage_healed":0,"gold_gain":0,"player_choice":"Became a vampire","damage_taken":0,"max_hp_gain":0,"max_hp_loss":22,"event_name":"Vampires","floor":28,"gold_loss":0,"cards_obtained":["Bite","Bite","Bite","Bite","Bite"]},{"damage_healed":0,"gold_gain":0,"player_choice":"0 cards matched","damage_taken":0,"max_hp_gain":0,"max_hp_loss":0,"event_name":"Match and Keep!","floor":37,"gold_loss":0,"cards_obtained":[]}],"is_beta":false,"boss_relics":[{"not_picked":["Ring of the Serpent","WristBlade"],"picked":"SacredBark"},{"not_picked":["Tiny House","Philosopher\u0027s Stone"],"picked":"Runic Pyramid"}],"items_purged_floors":[],"is_endless":false,"potions_floor_spawned":[10,16,18,24,30,31,33,35,40,41,45],"ascension_level":20,"potion_discard_per_floor":[[],[],[],[],[],[],[],[],[],[],[],[],[],[],[],[],[],[],[],[],[],[],[],[],[],[],[],[],[],[],[],[],[],[],[],[],[],[],[],[],["AttackPotion"],[],[],[],[],[],[],[],[],[],[],[],[],[],[],[],[]]}