{"neow_bonuses_skipped_log":["TEN_PERCENT_HP_BONUS","ONE_RARE_RELIC","BOSS_RELIC"],"neow_costs_skipped_log":["NONE","NO_GOLD","NONE"],"potions_obtained_entropic_brew":[[],[],[],[],[],[],[],[],[],[],[],[],[],[],[],[],[],[],[],[],[],[],[],[],[],[],[],[],[],[],[],[],[],[],[],[],[],[],[],[],[],[],[],[],[],["BlessingOfTheForge","CunningPotion"],[],[],[],[],[]],"gold_per_floor":[119,269,285,295,24,24,42,69,69,69,96,4,34,46,46,124,124,140,140,65,65,80,80,117,117,117,131,163,190,190,227,227,308,308,329,345,345,366,366,366,401,413,425,437,475,319,353,367,367,367,367],"floor_reached":51,"playtime":14652,"items_purged":["Doubt"],"score":1622,"play_id":"fac7cb29-eef4-43fe-bf9b-7c36c98636e9","local_time":"20230224190648","falling_options_log":["PiercingWail+1","Envenom+1"],"score_breakdown":["Floors Climbed (51): 255","Enemies Slain (13): 26","Exordium Elites Killed (3): 30","City Elites Killed (3): 60","Beyond Elites Killed (3): 90","Bosses Slain (3): 300","Champion (1): 25","Overkill: 25","Ascension (20): 811"],"is_ascension_mode":true,"potions_obtained_alchemize":[[],[],[],[],[],[],[],[],[],[],["Dexterity Potion"],[],["PowerPotion"],[],[],["Dexterity Potion"],[],["SkillPotion"],[],[],[],["Strength Potion"],[],["Energy Potion"],[],[],["Weak Potion"],["SteroidPotion"],["DistilledChaos"],[],["GamblersBrew"],[],["LiquidMemories"],[],["Poison Potion"],["CunningPotion"],[],[],[],[],[],[],[],[],["ColorlessPotion","PowerPotion","Energy Potion","Strength Potion"],[],["Explosive Potion"],["FairyPotion","ColorlessPotion"],[],["LiquidBronze"],[]],"campfire_choices":[{"data":"Apotheosis","floor":6,"key":"SMITH"},{"floor":10,"key":"REST"},{"data":"Dramatic Entrance","floor":15,"key":"SMITH"},{"data":"Envenom","floor":23,"key":"SMITH"},{"floor":25,"key":"REST"},{"floor":30,"key":"REST"},{"data":"Acrobatics","floor":32,"key":"SMITH"},{"data":"Malaise","floor":40,"key":"SMITH"},{"floor":42,"key":"REST"},{"floor":49,"key":"RECALL"}],"lesson_learned_per_floor":[[],[],[],[],[],[],[],[],[],[],[],[],[],[],[],[],[],[],[],[],[],[],[],[],[],[],[],[],[],[],[],[],[],[],[],[],[],[],[],[],[],[],[],[],[],[],[],[],[],[],[]],"neow_cost":"NONE","improvable_cards":{"RitualDagger":[76]},"seed_source_timestamp":10528246004063,"shop_contents":[{"floor":5,"relics":["Akabeko","Dream Catcher","TwistedFunnel"],"cards":["Riddle With Holes","Flying Knee","Blade Dance","Cloak And Dagger","Well Laid Plans","Blind"],"potions":["Poison Potion","DistilledChaos","DistilledChaos"]},{"floor":12,"relics":["Bottled Tornado","Pen Nib","DollysMirror"],"cards":["Dagger Spray","Quick Slash","Concentrate","Distraction","Caltrops","HandOfGreed"],"potions":["BlessingOfTheForge","DistilledChaos","AttackPotion"]},{"floor":21,"relics":["Bottled Lightning","Happy Flower","ClockworkSouvenir"],"cards":["Backstab","Underhanded Strike","Dodge and Roll","Bouncing Flask","Caltrops+1","Mind Blast","Secret Technique"],"potions":["Poison Potion","SteroidPotion","Strength Potion"]},{"floor":46,"relics":["Boot","War Paint"],"cards":["Dash","Underhanded Strike","Outmaneuver","Concentrate","Infinite Blades+1","Mind Blast","Panache+1"],"potions":["ColorlessPotion","ColorlessPotion","EssenceOfSteel"]}],"circlet_count":0,"master_deck":["AscendersBane","Strike_G","Strike_G","Strike_G","Defend_G","Defend_G","Defend_G","Defend_G","Survivor","Neutralize","Envenom+1","Blade Dance","Dagger Throw","Phantasmal Killer","Apotheosis+1","Venomology","Leg Sweep","Dramatic Entrance+1","Malaise+1","PiercingWail+1","RitualDagger","PiercingWail","Acrobatics+1","Concentrate+1","Adrenaline","Corpse Explosion","Calculated Gamble+1","Bane","Night Terror","Terror+1"],"potion_use_per_floor":[[],[],[],[],[],[],[],["Fire Potion"],[],[],["FearPotion"],[],[],[],[],["PowerPotion"],[],["Dexterity Potion"],[],[],[],["SkillPotion"],[],["Strength Potion","Energy Potion"],[],[],["Regen Potion"],["Weak Potion","SteroidPotion"],["Swift Potion"],[],["DistilledChaos"],[],["GamblersBrew","LiquidMemories"],[],[],["Poison Potion"],[],[],[],[],["LiquidMemories"],[],[],[],["AttackPotion","ColorlessPotion","PowerPotion","CunningPotion"],["EntropicBrew"],["ColorlessPotion"],["ColorlessPotion","Energy Potion"],[],["ColorlessPotion"],["FairyPotion"]],"relics":["Ring of the Snake","Regal Pillow","Art of War","Letter Opener","Frozen Egg 2","Black Star","CeramicFish","Juzu Bracelet","Bird Faced Urn","Blood Vial","StrikeDummy","Pantograph","Ninja Scroll","SlaversCollar","Girya","MawBank","Omamori","PreservedInsect","Cauldron","MealTicket","Ancient Tea Set"],"potions_floor_usage":[8,11,16,18,22,24,24,27,28,28,29,31,33,33,36,41,45,45,45,45,46,47,48,48,50],"damage_taken":[{"damage":0,"enemies":"Small Slimes","floor":1,"turns":5},{"damage":8,"enemies":"2 Louse","floor":3,"turns":3},{"damage":12,"enemies":"Jaw Worm","floor":4,"turns":4},{"damage":5,"enemies":"Blue Slaver","floor":7,"turns":2},{"damage":6,"enemies":"3 Sentries","floor":8,"turns":7},{"damage":9,"enemies":"Gremlin Nob","floor":11,"turns":3},{"damage":0,"enemies":"Lagavulin","floor":13,"turns":6},{"damage":0,"enemies":"Exordium Thugs","floor":14,"turns":4},{"damage":14,"enemies":"Hexaghost","floor":16,"turns":9},{"damage":2,"enemies":"Spheric Guardian","floor":18,"turns":4},{"damage":5,"enemies":"Shell Parasite","floor":22,"turns":6},{"damage":14,"enemies":"Book of Stabbing","floor":24,"turns":8},{"damage":13,"enemies":"Shelled Parasite and Fungi","floor":27,"turns":5},{"damage":8,"enemies":"Gremlin Leader","floor":28,"turns":5},{"damage":28,"enemies":"Snecko","floor":29,"turns":7},{"damage":20,"enemies":"Slavers","floor":31,"turns":4},{"damage":45,"enemies":"Collector","floor":33,"turns":13},{"damage":5,"enemies":"3 Shapes","floor":35,"turns":12},{"damage":11,"enemies":"3 Darklings","floor":36,"turns":5},{"damage":10,"enemies":"Jaw Worm Horde","floor":38,"turns":3},{"damage":40,"enemies":"Nemesis","floor":41,"turns":9},{"damage":32,"enemies":"Reptomancer","floor":45,"turns":8},{"damage":5,"enemies":"Giant Head","floor":47,"turns":2},{"damage":8,"enemies":"Writhing Mass","floor":48,"turns":77},{"damage":64,"enemies":"Awakened One","floor":50,"turns":26},{"damage":64,"enemies":"Donu and Deca","floor":51,"turns":5}],"green_key_taken_log":45,"seed_played":"-9214407292989413967","neow_bonus_log":{"cardsObtained":["Envenom"],"cardsUpgraded":[],"cardsRemoved":[],"cardsTransformed":["Defend_G"],"relicsObtained":[],"maxHpGained":0,"goldGained":0,"damageTaken":0,"goldLost":0,"maxHpLost":0},"potions_obtained":[{"floor":1,"key":"FearPotion"},{"floor":7,"key":"Fire Potion"},{"floor":13,"key":"LiquidMemories"},{"floor":24,"key":"Regen Potion"},{"floor":28,"key":"Swift Potion"},{"floor":31,"key":"GamblersBrew"},{"floor":33,"key":"LiquidBronze"},{"floor":41,"key":"AttackPotion"},{"floor":46,"key":"EntropicBrew"},{"floor":46,"key":"ColorlessPotion"},{"floor":46,"key":"ColorlessPotion"},{"floor":47,"key":"Energy Potion"}],"is_trial":false,"path_per_floor":["M","?","M","M","$","R","M","E","T","R","E","$","E","M","R","B",null,"M","?","?","$","M","R","E","R","T","M","E","M","R","E","R","B",null,"M","M","?","M","?","R","E","R","T","?","E","$","E","M","R","B","B"],"character_chosen":"THE_SILENT","basemod:card_modifiers":[null,null,null,null,null,null,null,null,null,null,null,null,null,null,null,null,null,null,null,null,null,null,null,null,null,null,null,null,null,null],"items_purchased":["Apotheosis","Dramatic Entrance","Cauldron"],"campfire_rested":4,"item_purchase_floors":[5,12,46],"current_hp_per_floor":[59,59,51,39,39,39,34,28,28,62,53,53,53,53,53,39,59,57,51,51,51,46,46,32,66,66,65,57,33,66,46,46,21,55,54,47,47,39,39,39,3,36,36,36,10,10,9,37,37,1,0],"gold":367,"neow_bonus":"TRANSFORM_CARD","is_prod":false,"is_daily":false,"rewards_skipped":[{"floor":14,"relics":[],"potions":["Block Potion"]},{"floor":27,"relics":[],"potions":["Ancient Potion"]},{"floor":36,"relics":[],"potions":["Block Potion"]},{"floor":46,"relics":[],"potions":["SteroidPotion","Poison Potion"]},{"floor":48,"relics":[],"potions":["Ancient Potion"]}],"chose_seed":false,"campfire_upgraded":5,"win_rate":0,"floor_exit_playtime":[335,370,544,615,642,676,724,962,1010,1017,1143,1187,1371,1462,1488,1765,2037,2102,2127,2164,2230,2484,2579,2928,2958,2991,3159,3660,3910,3915,4177,4226,5543,5692,5909,6176,6228,6438,6455,6468,6833,6839,6852,7159,7894,8840,9145,13046,13050,13939],"timestamp":1677283608,"blue_key_relic_skipped_log":{"floor":43,"relicID":"Ice Cream"},"path_taken":["M","?","M","M","$","R","M","E","T","R","E","$","E","M","R","BOSS","M","?","?","$","M","R","E","R","T","M","E","M","R","E","R","BOSS","M","M","?","M","?","R","E","R","T","?","E","?","E","M","R","BOSS","BOSS"],"build_version":"2022-12-18","purchased_purges":1,"victory":false,"max_hp_per_floor":[66,66,66,66,66,66,66,66,66,66,66,66,66,66,66,66,66,66,66,66,66,66,66,66,66,66,66,66,66,66,66,66,66,66,66,66,66,66,63,63,63,63,63,63,63,63,63,63,63,63,63],"relic_stats":{"Girya":0,"Regal Pillow":59,"counters":[26,242],"CeramicFish":72,"PreservedInsect":130,"Juzu Bracelet":0,"Omamori":1,"Letter Opener":[564],"MawBank":60,"Ancient Tea Set":[2],"Blood Vial":19,"Cauldron":3,"Bird Faced Urn":[52],"Pantograph":70,"MealTicket":0,"Art of War":[110],"Black Star":6,"obtain_stats":[{"Girya":41,"Regal Pillow":8,"CeramicFish":24,"PreservedInsect":45,"Juzu Bracelet":24,"Omamori":45,"Letter Opener":11,"Frozen Egg 2":13,"MawBank":41,"Ancient Tea Set":47,"Blood Vial":28,"SlaversCollar":34,"Cauldron":46,"Ninja Scroll":31,"Bird Faced Urn":26,"Pantograph":31,"MealTicket":47,"Art of War":9,"Black Star":17,"StrikeDummy":28,"Ring of the Snake":0},{"Girya":21,"Regal Pillow":5,"CeramicFish":12,"PreservedInsect":22,"Juzu Bracelet":12,"Omamori":22,"Letter Opener":6,"Frozen Egg 2":7,"MawBank":21,"Ancient Tea Set":23,"Blood Vial":14,"SlaversCollar":17,"Cauldron":22,"Ninja Scroll":16,"Bird Faced Urn":12,"Pantograph":16,"MealTicket":23,"Art of War":5,"Black Star":9,"StrikeDummy":14,"Ring of the Snake":0},{"Girya":124,"Regal Pillow":21,"CeramicFish":61,"PreservedInsect":132,"Juzu Bracelet":61,"Omamori":132,"Letter Opener":24,"Frozen Egg 2":30,"MawBank":124,"Ancient Tea Set":134,"Blood Vial":71,"SlaversCollar":95,"Cauldron":132,"Ninja Scroll":82,"Bird Faced Urn":61,"Pantograph":82,"MealTicket":134,"Art of War":21,"Black Star":43,"StrikeDummy":71,"Ring of the Snake":0}],"Ring of the Snake":[52]},"card_choices":[{"not_picked":["Poisoned Stab","Deflect"],"picked":"Blade Dance","floor":1},{"not_picked":["Heel Hook","Poisoned Stab"],"picked":"Dagger Throw","floor":3},{"not_picked":["Catalyst","Blur"],"picked":"Phantasmal Killer","floor":4},{"not_picked":["Setup","Prepared","Blur"],"picked":"SKIP","floor":7},{"not_picked":["Finisher","Poisoned Stab"],"picked":"Venomology","floor":8},{"not_picked":["Distraction","Outmaneuver"],"picked":"Leg Sweep","floor":11},{"not_picked":["Outmaneuver","Finisher","Setup"],"picked":"SKIP","floor":13},{"not_picked":["Outmaneuver","Finisher","Setup"],"picked":"SKIP","floor":13},{"not_picked":["Reflex","Quick Slash","Infinite Blades+1"],"picked":"SKIP","floor":14},{"not_picked":["Phantasmal Killer","Burst"],"picked":"Malaise","floor":16},{"not_picked":["Dodge and Roll","Backstab"],"picked":"PiercingWail+1","floor":18},{"not_picked":["Caltrops+1","Deadly Poison"],"picked":"PiercingWail","floor":22},{"not_picked":["Backstab","Prepared+1"],"picked":"Acrobatics","floor":24},{"not_picked":["Dodge and Roll","Sucker Punch","Dagger Throw"],"picked":"SKIP","floor":27},{"not_picked":["Concentrate","Choke","Setup"],"picked":"SKIP","floor":28},{"not_picked":["Dagger Spray","Choke"],"picked":"Concentrate+1","floor":29},{"not_picked":["Backflip","Underhanded Strike"],"picked":"Adrenaline","floor":31},{"not_picked":["Venomology","Phantasmal Killer"],"picked":"Corpse Explosion","floor":33},{"not_picked":["Dagger Spray","Leg Sweep"],"picked":"Calculated Gamble+1","floor":35},{"not_picked":["Masterful Stab+1","Quick Slash","Sucker Punch"],"picked":"SKIP","floor":36},{"not_picked":["Accuracy+1","Deadly Poison"],"picked":"Bane","floor":38},{"not_picked":["Deadly Poison","Bane"],"picked":"Night Terror","floor":41},{"not_picked":["Flying Knee","Dagger Throw","Heel Hook+1"],"picked":"SKIP","floor":45},{"not_picked":["Catalyst","Infinite Blades+1"],"picked":"Terror+1","floor":47},{"not_picked":["Bane","Quick Slash","Setup+1"],"picked":"SKIP","floor":48}],"player_experience":5183800,"relics_obtained":[{"floor":8,"key":"Regal Pillow"},{"floor":9,"key":"Art of War"},{"floor":11,"key":"Letter Opener"},{"floor":13,"key":"Frozen Egg 2"},{"floor":24,"key":"CeramicFish"},{"floor":24,"key":"Juzu Bracelet"},{"floor":26,"key":"Bird Faced Urn"},{"floor":28,"key":"Blood Vial"},{"floor":28,"key":"StrikeDummy"},{"floor":31,"key":"Pantograph"},{"floor":31,"key":"Ninja Scroll"},{"floor":41,"key":"Girya"},{"floor":41,"key":"MawBank"},{"floor":45,"key":"Omamori"},{"floor":45,"key":"PreservedInsect"},{"floor":47,"key":"MealTicket"},{"floor":47,"key":"Ancient Tea Set"}],"event_choices":[{"damage_healed":0,"gold_gain":150,"player_choice":"AGREE","damage_taken":0,"max_hp_gain":0,"max_hp_loss":0,"event_name":"Liars Game","floor":2,"gold_loss":0,"cards_obtained":["Doubt"]},{"damage_healed":0,"gold_gain":0,"player_choice":"Joined the Cult","damage_taken":6,"max_hp_gain":0,"max_hp_loss":0,"event_name":"Nest","floor":19,"gold_loss":0,"cards_obtained":["RitualDagger"]},{"cards_removed":["Strike_G"],"damage_healed":0,"gold_gain":0,"player_choice":"Gave Gold","damage_taken":0,"max_hp_gain":0,"max_hp_loss":0,"event_name":"Beggar","floor":20,"gold_loss":75},{"cards_removed":["Strike_G"],"damage_healed":0,"gold_gain":0,"player_choice":"Removed Attack","damage_taken":0,"max_hp_gain":0,"max_hp_loss":0,"event_name":"Falling","floor":37,"gold_loss":0},{"damage_healed":0,"gold_gain":0,"player_choice":"Max HP","damage_taken":0,"max_hp_gain":0,"max_hp_loss":3,"event_name":"Winding Halls","floor":39,"gold_loss":0},{"damage_healed":0,"gold_gain":0,"player_choice":"Ignored","damage_taken":0,"max_hp_gain":0,"max_hp_loss":0,"event_name":"Mysterious Sphere","floor":44,"gold_loss":0}],"is_beta":false,"boss_relics":[{"not_picked":["Calling Bell","HoveringKite"],"picked":"Black Star"},{"not_picked":["Ring of the Serpent","Tiny House"],"picked":"SlaversCollar"}],"items_purged_floors":[5],"is_endless":false,"potions_floor_spawned":[1,7,13,14,24,27,28,31,33,36,41,47,48],"killed_by":"Donu and Deca","ascension_level":20,"potion_discard_per_floor":[[],[],[],[],[],[],[],[],[],[],[],[],["Dexterity Potion"],[],[],[],[],[],[],[],[],[],[],[],[],[],[],[],[],[],["GamblersBrew"],[],[],[],["LiquidBronze"],[],[],[],[],[],[],[],[],[],[],["Energy Potion","Strength Potion","CunningPotion","BlessingOfTheForge"],["Explosive Potion"],[],[],[],[]]}