{"neow_bonuses_skipped_log":["UPGRADE_CARD","THREE_SMALL_POTIONS","BOSS_RELIC"],"potions_obtained_entropic_brew":[[],[],[],[],[],[],[],[],[],[],[],[],[],[],[],[],[],[],[],[],[],[],[],[],[],[],[],[],[],[],[],[],[],[],[],[],[],[],[],[],[],[],[],[],[],[],[],[],[],[],[],[],[],[],[],[],[]],"neow_costs_skipped_log":["NONE","NONE","NONE"],"gold_per_floor":[362,4,24,24,34,64,64,64,89,106,117,143,143,169,169,242,242,259,269,269,269,5,49,49,75,150,187,206,215,215,249,249,335,335,357,357,384,384,193,193,232,516,516,152,185,209,234,260,260,260,260,260,260,47,83,83],"floor_reached":57,"playtime":7552,"items_purged":["Defend_G","Strike_G","Writhe","Regret","Strike_G+1"],"score":3107,"play_id":"d91ef72f-db7c-47e6-b46b-905aa53291a9","local_time":"20230222170324","falling_options_log":["Acrobatics+1","Footwork+1"],"score_breakdown":["Floors Climbed (57): 285","Enemies Slain (13): 26","Exordium Elites Killed (3): 30","City Elites Killed (3): 60","Beyond Elites Killed (3): 90","Bosses Slain (5): 750","Money Money (1412): 25","Champion (5): 125","Perfect (1): 50","Ascension (20): 1416","Heartbreaker: 250"],"is_ascension_mode":true,"potions_obtained_alchemize":[[],[],[],[],[],[],[],[],[],[],[],[],[],["Ancient Potion"],[],["SteroidPotion"],[],["GamblersBrew"],[],[],[],[],["SpeedPotion"],[],["EssenceOfSteel"],[],["Swift Potion"],["Swift Potion"],[],[],[],[],["DistilledChaos"],[],["EssenceOfSteel"],[],["SpeedPotion"],[],[],[],["SteroidPotion"],[],[],[],[],[],["SmokeBomb"],["EssenceOfSteel"],[],["CunningPotion"],["ColorlessPotion"],[],[],[],["CunningPotion"],["EssenceOfSteel"],[]],"campfire_choices":[{"floor":8,"key":"REST"},{"data":"Venomology","floor":13,"key":"SMITH"},{"data":"Finisher","floor":15,"key":"SMITH"},{"data":"Phantasmal Killer","floor":24,"key":"SMITH"},{"data":"Footwork","floor":32,"key":"SMITH"},{"floor":40,"key":"RECALL"},{"data":"Malaise","floor":49,"key":"SMITH"},{"data":"Prepared","floor":53,"key":"SMITH"}],"lesson_learned_per_floor":[[],[],[],[],[],[],[],[],[],[],[],[],[],[],[],[],[],[],[],[],[],[],[],[],[],[],[],[],[],[],[],[],[],[],[],[],[],[],[],[],[],[],[],[],[],[],[],[],[],[],[],[],[],[],[],[],[]],"neow_cost":"TEN_PERCENT_HP_LOSS","improvable_cards":{},"seed_source_timestamp":11527820053270,"shop_contents":[{"floor":2,"relics":["Juzu Bracelet","War Paint"],"cards":["Poisoned Stab","Bane","Deflect","Crippling Poison","Infinite Blades","Good Instincts","Secret Technique"],"potions":["SkillPotion"]},{"floor":22,"relics":["Singing Bowl","Centennial Puzzle"],"cards":["Riddle With Holes","Sucker Punch","Deflect","Bouncing Flask","Accuracy","Swift Strike","Panache"],"potions":["Block Potion","Weak Potion","SpeedPotion"]},{"floor":39,"relics":["TungstenRod","Meat on the Bone","Chemical X"],"cards":["Masterful Stab","Unload","Outmaneuver","Footwork","The Bomb"],"potions":["AttackPotion","Energy Potion","FearPotion"]},{"floor":44,"relics":["Calipers","PrismaticShard"],"cards":["Poisoned Stab","Dagger Throw","Catalyst","Concentrate","Infinite Blades","Dramatic Entrance","Magnetism"],"potions":["Explosive Potion","CunningPotion","Strength Potion"]},{"floor":54,"relics":["Tingsha","Cauldron"],"cards":["Riddle With Holes","Die Die Die","Cloak And Dagger","Concentrate","Accuracy","Jack Of All Trades","Chrysalis"],"potions":["SteroidPotion","Strength Potion","Fruit Juice"]}],"circlet_count":0,"master_deck":["AscendersBane","Strike_G+1","Strike_G+1","Defend_G+1","Defend_G+1","Defend_G+1","Defend_G+1","Survivor","Neutralize+1","Terror","PiercingWail","Finisher+1","Flying Knee","Poisoned Stab","Acrobatics","Venomology+1","Backstab","Phantasmal Killer+1","Footwork+1","Tactician+1","Backflip","PiercingWail","Dagger Spray","Eviscerate","PiercingWail","Malaise+1","Concentrate+1","Acrobatics+1","Acrobatics","PanicButton","Prepared+1","Footwork+1","Dash","Deadly Poison+1"],"potion_use_per_floor":[[],[],[],[],[],["Fire Potion"],[],[],[],[],[],["SteroidPotion"],[],["PowerPotion"],[],["Fire Potion"],[],["Ancient Potion"],[],[],[],[],["GamblersBrew","SpeedPotion"],[],[],[],["EssenceOfSteel","Swift Potion"],[],[],[],[],[],["SteroidPotion"],[],["GamblersBrew"],[],[],[],[],[],["EssenceOfSteel"],[],[],[],[],[],["Strength Potion"],[],[],["SpeedPotion"],["CunningPotion"],[],[],[],["ColorlessPotion"],["GamblersBrew","EssenceOfSteel","CunningPotion"],[]],"relics":["Ring of the Snake","ClockworkSouvenir","Boot","Lantern","Whetstone","Strawberry","HoveringKite","MutagenicStrength","TwistedFunnel","CeramicFish","Paper Crane","Pocketwatch","Dream Catcher","Smiling Mask","Runic Pyramid","PreservedInsect","Pen Nib","Incense Burner","Snake Skull","StoneCalendar","Anchor","Blood Vial"],"potions_floor_usage":[6,12,14,16,18,23,23,27,27,33,35,41,47,50,51,55,56,56,56],"damage_taken":[{"damage":0,"enemies":"2 Louse","floor":1,"turns":3},{"damage":8,"enemies":"Jaw Worm","floor":3,"turns":7},{"damage":0,"enemies":"Cultist","floor":5,"turns":4},{"damage":22,"enemies":"3 Sentries","floor":6,"turns":10},{"damage":0,"enemies":"2 Fungi Beasts","floor":10,"turns":3},{"damage":0,"enemies":"Looter","floor":11,"turns":2},{"damage":0,"enemies":"Gremlin Nob","floor":12,"turns":2},{"damage":15,"enemies":"Lagavulin","floor":14,"turns":6},{"damage":25,"enemies":"Slime Boss","floor":16,"turns":8},{"damage":1,"enemies":"3 Byrds","floor":18,"turns":5},{"damage":3,"enemies":"Shell Parasite","floor":19,"turns":3},{"damage":4,"enemies":"Book of Stabbing","floor":23,"turns":4},{"damage":0,"enemies":"Shelled Parasite and Fungi","floor":25,"turns":3},{"damage":2,"enemies":"Slavers","floor":27,"turns":5},{"damage":14,"enemies":"Snake Plant","floor":28,"turns":4},{"damage":0,"enemies":"Gremlin Leader","floor":31,"turns":4},{"damage":16,"enemies":"Collector","floor":33,"turns":5},{"damage":0,"enemies":"3 Darklings","floor":35,"turns":3},{"damage":0,"enemies":"3 Shapes","floor":37,"turns":8},{"damage":0,"enemies":"Reptomancer","floor":41,"turns":3},{"damage":0,"enemies":"Nemesis","floor":45,"turns":5},{"damage":0,"enemies":"Writhing Mass","floor":46,"turns":5},{"damage":0,"enemies":"Giant Head","floor":47,"turns":7},{"damage":12,"enemies":"Maw","floor":48,"turns":6},{"damage":0,"enemies":"Awakened One","floor":50,"turns":18},{"damage":18,"enemies":"Donu and Deca","floor":51,"turns":11},{"damage":3,"enemies":"Shield and Spear","floor":55,"turns":6},{"damage":43,"enemies":"The Heart","floor":56,"turns":12}],"green_key_taken_log":12,"seed_played":"1595962782550061933","neow_bonus_log":{"cardsObtained":[],"cardsUpgraded":[],"cardsRemoved":[],"cardsTransformed":[],"relicsObtained":[],"maxHpGained":0,"goldGained":250,"damageTaken":0,"goldLost":0,"maxHpLost":6},"potions_obtained":[{"floor":11,"key":"PowerPotion"},{"floor":12,"key":"Fire Potion"},{"floor":33,"key":"GamblersBrew"},{"floor":41,"key":"Strength Potion"},{"floor":48,"key":"GamblersBrew"}],"is_trial":false,"path_per_floor":["M","$","M","?","M","E","?","R","T","M","M","E","R","E","R","B",null,"M","M","?","?","$","E","R","M","T","E","M","?","?","E","R","B",null,"M","?","M","?","$","R","E","?","T","$","E","M","E","M","R","B","B",null,"R","$","E","B",null],"character_chosen":"THE_SILENT","basemod:card_modifiers":[null,null,null,null,null,null,null,null,null,null,null,null,null,null,null,null,null,null,null,null,null,null,null,null,null,null,null,null,null,null,null,null,null,null],"items_purchased":["ClockworkSouvenir","SteroidPotion","Fire Potion","TwistedFunnel","Acrobatics","PanicButton","Incense Burner","Anchor"],"campfire_rested":1,"item_purchase_floors":[2,2,2,22,39,39,44,54],"current_hp_per_floor":[59,59,51,51,51,29,29,47,47,47,47,47,47,39,39,14,54,53,50,50,50,50,46,46,46,46,44,30,30,30,30,30,14,54,54,54,54,54,54,54,54,54,54,54,54,54,54,42,42,42,24,56,56,56,53,12],"gold":83,"neow_bonus":"TWO_FIFTY_GOLD","is_prod":false,"is_daily":false,"rewards_skipped":[{"floor":3,"relics":[],"potions":["FairyPotion"]},{"floor":5,"relics":[],"potions":["Strength Potion"]},{"floor":19,"relics":[],"potions":["Regen Potion"]},{"floor":25,"relics":[],"potions":["LiquidBronze"]},{"floor":28,"relics":[],"potions":["PowerPotion"]},{"floor":46,"relics":[],"potions":["EntropicBrew"]}],"chose_seed":false,"campfire_upgraded":6,"win_rate":0,"floor_exit_playtime":[100,185,291,310,399,813,908,911,914,949,975,1010,1020,1200,1263,1816,1885,1977,2055,2120,2152,2279,2390,2398,2497,2507,2650,2908,2915,2921,3193,3213,3553,3599,3747,3765,3933,3952,4068,4082,4535,4563,4569,4593,4741,5070,5266,5463,5485,6092,6457,6471,6539,6660,6938,7552],"timestamp":1677103404,"blue_key_relic_skipped_log":{"floor":43,"relicID":"Bag of Preparation"},"path_taken":["M","$","M","?","M","E","?","R","T","M","M","E","R","E","R","BOSS","M","M","?","?","$","E","R","?","T","E","M","?","?","E","R","BOSS","M","?","?","?","$","R","E","?","T","$","E","?","E","M","R","BOSS","BOSS","R","$","E","BOSS"],"build_version":"2022-12-18","purchased_purges":5,"victory":true,"max_hp_per_floor":[60,60,60,60,60,60,60,60,60,60,60,60,60,67,67,67,67,67,67,67,67,67,67,67,67,67,67,67,67,67,67,67,67,67,67,67,67,67,67,67,67,67,67,67,67,67,67,67,67,67,67,67,67,67,67,67],"relic_stats":{"counters":[28,162],"CeramicFish":144,"HoveringKite":[71],"StoneCalendar":[156],"PreservedInsect":318,"Pen Nib":[14],"Snake Skull":[29],"Whetstone":["Neutralize","Strike_G"],"Boot":[39],"Smiling Mask":300,"Blood Vial":2,"Dream Catcher":0,"obtain_stats":[{"TwistedFunnel":22,"Lantern":9,"CeramicFish":23,"HoveringKite":17,"StoneCalendar":47,"PreservedInsect":36,"Pen Nib":41,"Snake Skull":45,"Incense Burner":44,"Whetstone":12,"Paper Crane":26,"Boot":6,"Smiling Mask":31,"ClockworkSouvenir":2,"Blood Vial":55,"Dream Catcher":29,"Anchor":54,"Strawberry":14,"MutagenicStrength":20,"Ring of the Snake":0,"Pocketwatch":27,"Runic Pyramid":34},{"TwistedFunnel":11,"Lantern":4,"CeramicFish":12,"HoveringKite":9,"StoneCalendar":23,"PreservedInsect":18,"Pen Nib":20,"Snake Skull":21,"Incense Burner":20,"Whetstone":7,"Paper Crane":13,"Boot":4,"Smiling Mask":16,"ClockworkSouvenir":1,"Blood Vial":27,"Dream Catcher":15,"Anchor":26,"Strawberry":8,"MutagenicStrength":11,"Ring of the Snake":0,"Pocketwatch":14,"Runic Pyramid":17},{"TwistedFunnel":53,"Lantern":24,"CeramicFish":57,"HoveringKite":45,"StoneCalendar":109,"PreservedInsect":81,"Pen Nib":92,"Snake Skull":97,"Incense Burner":92,"Whetstone":31,"Paper Crane":60,"Boot":24,"Smiling Mask":73,"ClockworkSouvenir":3,"Blood Vial":150,"Dream Catcher":69,"Anchor":144,"Strawberry":37,"MutagenicStrength":53,"Ring of the Snake":0,"Pocketwatch":65,"Runic Pyramid":78}],"Ring of the Snake":[56],"Pocketwatch":[33]},"card_choices":[{"not_picked":["Bane","Escape Plan"],"picked":"Terror","floor":1},{"not_picked":["Blur","Underhanded Strike"],"picked":"PiercingWail","floor":3},{"not_picked":["Flechettes","Prepared"],"picked":"Finisher","floor":5},{"not_picked":["Finisher","Quick Slash"],"picked":"Flying Knee","floor":6},{"not_picked":["Deflect","Terror"],"picked":"Poisoned Stab","floor":10},{"not_picked":["Prepared","Flying Knee"],"picked":"Acrobatics","floor":11},{"not_picked":["Masterful Stab","Heel Hook"],"picked":"Venomology","floor":12},{"not_picked":["Catalyst","Noxious Fumes"],"picked":"Backstab","floor":14},{"not_picked":["After Image","Die Die Die"],"picked":"Phantasmal Killer","floor":16},{"not_picked":["Cloak And Dagger","Reflex"],"picked":"Footwork","floor":18},{"not_picked":["Eviscerate","Underhanded Strike"],"picked":"Tactician+1","floor":19},{"not_picked":["Flechettes+1","Caltrops"],"picked":"Backflip","floor":23},{"not_picked":["Underhanded Strike","Footwork"],"picked":"PiercingWail","floor":25},{"not_picked":["Reflex","Concentrate"],"picked":"Dagger Spray","floor":27},{"not_picked":["Blade Dance","Deflect"],"picked":"Eviscerate","floor":28},{"not_picked":["Expertise","Dagger Spray+1"],"picked":"PiercingWail","floor":31},{"not_picked":["Glass Knife","Unload"],"picked":"Malaise","floor":33},{"not_picked":["Dagger Spray","Bane"],"picked":"Concentrate+1","floor":35},{"not_picked":["Endless Agony","Prepared"],"picked":"Acrobatics+1","floor":37},{"not_picked":["Finisher","Crippling Poison"],"picked":"Prepared","floor":41},{"not_picked":["Blade Dance+1","Cloak And Dagger","Backstab"],"picked":"SKIP","floor":45},{"not_picked":["Blade Dance+1","Cloak And Dagger","Backstab"],"picked":"SKIP","floor":45},{"not_picked":["Sucker Punch","Quick Slash+1"],"picked":"Footwork+1","floor":46},{"not_picked":["Distraction","Cloak And Dagger","Quick Slash"],"picked":"SKIP","floor":47},{"not_picked":["Dagger Throw+1","Doppelganger"],"picked":"Dash","floor":48},{"not_picked":["Masterful Stab+1","Skewer"],"picked":"Deadly Poison+1","floor":55}],"player_experience":5176248,"relics_obtained":[{"floor":6,"key":"Boot"},{"floor":9,"key":"Lantern"},{"floor":12,"key":"Whetstone"},{"floor":14,"key":"Strawberry"},{"floor":23,"key":"CeramicFish"},{"floor":26,"key":"Paper Crane"},{"floor":27,"key":"Pocketwatch"},{"floor":31,"key":"Smiling Mask"},{"floor":41,"key":"Pen Nib"},{"floor":45,"key":"Snake Skull"},{"floor":47,"key":"StoneCalendar"},{"floor":55,"key":"Blood Vial"}],"event_choices":[{"damage_healed":0,"gold_gain":0,"player_choice":"Ignored","damage_taken":0,"max_hp_gain":0,"max_hp_loss":0,"event_name":"Liars Game","floor":4,"gold_loss":0},{"damage_healed":0,"gold_gain":0,"cards_transformed":["Strike_G"],"player_choice":"Change","damage_taken":0,"max_hp_gain":0,"max_hp_loss":0,"event_name":"Living Wall","floor":7,"gold_loss":0,"cards_obtained":["Slice"]},{"damage_healed":0,"gold_gain":0,"player_choice":"Inject Mutagens","damage_taken":0,"relics_obtained":["MutagenicStrength"],"max_hp_gain":0,"max_hp_loss":0,"event_name":"Drug Dealer","floor":20,"gold_loss":0},{"damage_healed":0,"gold_gain":0,"player_choice":"0 cards matched","damage_taken":0,"max_hp_gain":0,"max_hp_loss":0,"event_name":"Match and Keep!","floor":21,"gold_loss":0,"cards_obtained":[]},{"damage_healed":0,"gold_gain":0,"player_choice":"Opened","damage_taken":0,"relics_obtained":["Dream Catcher"],"max_hp_gain":0,"max_hp_loss":0,"event_name":"The Mausoleum","floor":29,"gold_loss":0,"cards_obtained":["Writhe"]},{"damage_healed":0,"gold_gain":0,"player_choice":"Simplicity","damage_taken":0,"max_hp_gain":0,"max_hp_loss":0,"event_name":"Back to Basics","floor":30,"gold_loss":0,"cards_upgraded":["Strike_G","Strike_G","Defend_G","Defend_G","Defend_G","Defend_G"]},{"damage_healed":0,"gold_gain":0,"player_choice":"Gave Potion","damage_taken":0,"relics_obtained":["PreservedInsect"],"max_hp_gain":0,"max_hp_loss":0,"event_name":"WeMeetAgain","floor":36,"gold_loss":0},{"cards_removed":["Slice"],"damage_healed":0,"gold_gain":0,"player_choice":"Removed Attack","damage_taken":0,"max_hp_gain":0,"max_hp_loss":0,"event_name":"Falling","floor":38,"gold_loss":0},{"damage_healed":0,"gold_gain":275,"player_choice":"Desecrate","damage_taken":0,"max_hp_gain":0,"max_hp_loss":0,"event_name":"Golden Shrine","floor":42,"gold_loss":0,"cards_obtained":["Regret"]}],"is_beta":false,"boss_relics":[{"not_picked":["Velvet Choker","Astrolabe"],"picked":"HoveringKite"},{"not_picked":["Snecko Eye","Ring of the Serpent"],"picked":"Runic Pyramid"}],"items_purged_floors":[2,22,39,44,54],"is_endless":false,"potions_floor_spawned":[3,5,11,12,19,25,28,33,41,46,48],"ascension_level":20,"potion_discard_per_floor":[[],[],[],[],[],[],[],[],[],[],[],[],[],[],[],[],[],[],[],[],[],[],[],[],[],[],[],[],[],[],[],[],["DistilledChaos"],[],[],[],[],[],[],[],["SteroidPotion"],[],[],[],[],[],[],["SmokeBomb","EssenceOfSteel"],[],[],[],[],[],[],[],[],[]]}