{"neow_bonuses_skipped_log":["TEN_PERCENT_HP_BONUS","TWENTY_PERCENT_HP_BONUS","BOSS_RELIC"],"neow_costs_skipped_log":["NONE","NO_GOLD","NONE"],"potions_obtained_entropic_brew":[[],[],[],[],[],[],[],[],[],[],[],[],[],[],[],[],[],[],[],[],[],[],[],[],[],[],[],[],[],[],[],[],[],[],[],[],[],[],[],[],[],[],[],[],[],[],[],[],[],[],[],[],[],[],[],[],[]],"gold_per_floor":[115,131,141,151,18,45,55,81,106,106,106,140,162,175,175,246,246,265,225,244,256,271,271,14,40,40,65,65,93,93,123,123,194,194,213,213,32,80,97,131,131,162,162,174,499,517,60,85,85,85,85,85,85,41,70,70],"floor_reached":57,"playtime":12970,"items_purged":[],"score":3001,"play_id":"75c23084-ff15-4f8e-bcd3-03b27ace8257","local_time":"20230225161801","score_breakdown":["Floors Climbed (57): 285","Enemies Slain (14): 28","Exordium Elites Killed (3): 30","City Elites Killed (4): 80","Beyond Elites Killed (3): 90","Bosses Slain (5): 750","Money Money (1083): 25","Collector (1): 25","Librarian: 25","Champion (1): 25","Perfect (1): 50","Ascension (20): 1338","Heartbreaker: 250"],"is_ascension_mode":true,"potions_obtained_alchemize":[[],[],[],[],[],[],[],[],[],[],[],[],[],[],[],[],[],[],[],[],[],[],[],[],[],[],[],[],[],[],[],[],[],[],["Swift Potion"],[],[],["AttackPotion"],[],["FairyPotion"],[],[],[],[],[],[],[],[],[],["Strength Potion"],["CultistPotion"],[],[],[],[],["AttackPotion"],[]],"campfire_choices":[{"data":"Bullet Time","floor":11,"key":"SMITH"},{"floor":15,"key":"REST"},{"floor":23,"key":"REST"},{"floor":28,"key":"REST"},{"floor":32,"key":"REST"},{"floor":41,"key":"REST"},{"floor":49,"key":"RECALL"},{"data":"Well Laid Plans","floor":53,"key":"SMITH"}],"lesson_learned_per_floor":[[],[],[],[],[],[],[],[],[],[],[],[],[],[],[],[],[],[],[],[],[],[],[],[],[],[],[],[],[],[],[],[],[],[],[],[],[],[],[],[],[],[],[],[],[],[],[],[],[],[],[],[],[],[],[],[],[]],"neow_cost":"NONE","improvable_cards":{},"seed_source_timestamp":1452470992649,"shop_contents":[{"floor":5,"relics":["Anchor","Potion Belt","DollysMirror"],"cards":["Bane","Poisoned Stab","Crippling Poison","Caltrops","Deep Breath","Violence"],"potions":["Energy Potion","CultistPotion"]},{"floor":24,"relics":["Dream Catcher","Strawberry"],"cards":["Masterful Stab","Quick Slash","Cloak And Dagger","Envenom","Flash of Steel","Magnetism"],"potions":["GamblersBrew","CunningPotion","DistilledChaos"]},{"floor":37,"relics":["Boot","Juzu Bracelet","HandDrill"],"cards":["All Out Attack","Finisher","Deflect","Forethought","Violence"],"potions":["Block Potion","EssenceOfSteel"]},{"floor":47,"relics":["StoneCalendar","PrismaticShard"],"cards":["Bane","Sucker Punch","Blur","PanicButton","Violence"],"potions":["Energy Potion","FearPotion","Swift Potion"]},{"floor":54,"relics":["Blood Vial","Akabeko","ClockworkSouvenir"],"cards":["Choke","Sucker Punch","Storm of Steel","Tactician","Caltrops","Mind Blast","Chrysalis"],"potions":["ColorlessPotion","Dexterity Potion","FairyPotion"]}],"circlet_count":0,"master_deck":["AscendersBane","Survivor","Neutralize","Die Die Die","Dagger Throw","PiercingWail","Bullet Time+1","Terror","Prepared","Acrobatics","PiercingWail","Backstab","Deflect","Phantasmal Killer","Unload","Backflip","Backflip","Blade Dance","Calculated Gamble","Eviscerate","Burst","Underhanded Strike","Predator","Venomology","Concentrate","Bane","Poisoned Stab","Poisoned Stab","Terror","Malaise","Setup","Prepared","Outmaneuver","Skewer","Backflip","PanicButton","Secret Technique","Panacea","Bouncing Flask","Noxious Fumes","Backflip+1","Reflex","Well Laid Plans+1","Tactician","Leg Sweep","Outmaneuver+1"],"potion_use_per_floor":[[],[],[],[],[],["Explosive Potion"],[],[],[],[],[],["FearPotion"],[],[],[],["LiquidMemories"],[],["EssenceOfSteel"],[],["Regen Potion"],[],["CunningPotion"],[],[],[],[],["Dexterity Potion"],[],[],[],["EssenceOfSteel"],[],["EssenceOfSteel","SteroidPotion"],[],["Swift Potion","Fire Potion"],[],[],["Strength Potion","AttackPotion"],[],["Dexterity Potion"],[],[],[],[],[],[],[],[],[],["SpeedPotion"],["Strength Potion","CultistPotion"],[],[],[],[],["SpeedPotion","AttackPotion"],[]],"relics":["Ring of the Snake","Lizard Tail","Pen Nib","Whetstone","Lantern","Odd Mushroom","HoveringKite","Lee\u0027s Waffle","Vajra","HornCleat","Snake Skull","Regal Pillow","Centennial Puzzle","Pandora\u0027s Box","FossilizedHelix","Ornamental Fan","Bag of Marbles","Old Coin","Tough Bandages","The Courier","Toy Ornithopter"],"potions_floor_usage":[6,12,16,18,20,22,27,31,33,33,35,35,38,38,40,50,51,51,56,56],"damage_taken":[{"damage":1,"enemies":"2 Louse","floor":1,"turns":3},{"damage":0,"enemies":"Cultist","floor":2,"turns":4},{"damage":2,"enemies":"Jaw Worm","floor":3,"turns":5},{"damage":5,"enemies":"Exordium Wildlife","floor":4,"turns":5},{"damage":12,"enemies":"3 Sentries","floor":6,"turns":5},{"damage":0,"enemies":"3 Louse","floor":7,"turns":3},{"damage":36,"enemies":"Gremlin Nob","floor":8,"turns":4},{"damage":23,"enemies":"3 Sentries","floor":12,"turns":8},{"damage":0,"enemies":"The Mushroom Lair","floor":13,"turns":4},{"damage":0,"enemies":"Blue Slaver","floor":14,"turns":4},{"damage":0,"enemies":"Slime Boss","floor":16,"turns":7},{"damage":4,"enemies":"Shell Parasite","floor":18,"turns":6},{"damage":4,"enemies":"3 Byrds","floor":20,"turns":7},{"damage":45,"enemies":"Cultist and Chosen","floor":21,"turns":8},{"damage":11,"enemies":"Chosen and Byrds","floor":22,"turns":7},{"damage":58,"enemies":"Slavers","floor":25,"turns":9},{"damage":1,"enemies":"Book of Stabbing","floor":27,"turns":2},{"damage":6,"enemies":"Slavers","floor":29,"turns":5},{"damage":15,"enemies":"Gremlin Leader","floor":31,"turns":4},{"damage":47,"enemies":"Automaton","floor":33,"turns":8},{"damage":11,"enemies":"3 Shapes","floor":35,"turns":4},{"damage":3,"enemies":"2 Orb Walkers","floor":38,"turns":3},{"damage":0,"enemies":"Orb Walker","floor":39,"turns":1},{"damage":0,"enemies":"Nemesis","floor":40,"turns":5},{"damage":20,"enemies":"Reptomancer","floor":42,"turns":4},{"damage":0,"enemies":"Spire Growth","floor":44,"turns":3},{"damage":0,"enemies":"Mind Bloom Boss Battle","floor":45,"turns":3},{"damage":0,"enemies":"4 Shapes","floor":46,"turns":7},{"damage":10,"enemies":"Giant Head","floor":48,"turns":5},{"damage":10,"enemies":"Time Eater","floor":50,"turns":19},{"damage":21,"enemies":"Donu and Deca","floor":51,"turns":9},{"damage":9,"enemies":"Shield and Spear","floor":55,"turns":8},{"damage":51,"enemies":"The Heart","floor":56,"turns":11}],"green_key_taken_log":48,"seed_played":"8008194994363965770","neow_bonus_log":{"cardsObtained":["Die Die Die"],"cardsUpgraded":[],"cardsRemoved":[],"cardsTransformed":[],"relicsObtained":[],"maxHpGained":0,"goldGained":0,"damageTaken":0,"goldLost":0,"maxHpLost":0},"potions_obtained":[{"floor":2,"key":"FearPotion"},{"floor":7,"key":"SpeedPotion"},{"floor":8,"key":"LiquidMemories"},{"floor":12,"key":"EssenceOfSteel"},{"floor":18,"key":"SkillPotion"},{"floor":19,"key":"SteroidPotion"},{"floor":19,"key":"Regen Potion"},{"floor":20,"key":"CunningPotion"},{"floor":25,"key":"Dexterity Potion"},{"floor":27,"key":"EssenceOfSteel"},{"floor":31,"key":"EssenceOfSteel"},{"floor":33,"key":"Fire Potion"},{"floor":38,"key":"GhostInAJar"},{"floor":39,"key":"Dexterity Potion"},{"floor":42,"key":"SpeedPotion"}],"is_trial":false,"path_per_floor":["M","M","M","M","$","E","M","E","T","?","R","E","?","M","R","B",null,"M","?","M","M","M","R","$","E","T","E","R","E","?","E","R","B",null,"M","?","$","?","M","E","R","E","T","M","?","M","$","E","R","B","B",null,"R","$","E","B",null],"character_chosen":"THE_SILENT","basemod:card_modifiers":[null,null,null,null,null,null,null,null,null,null,null,null,null,null,null,null,null,null,null,null,null,null,null,null,null,null,null,null,null,null,null,null,null,null,null,null,null,null,null,null,null,null,null,null,null,null],"items_purchased":["Terror","Explosive Potion","Lee\u0027s Waffle","Calculated Gamble","Bouncing Flask","Noxious Fumes","Strength Potion","Well Laid Plans","Tough Bandages","Tactician","SpeedPotion"],"campfire_rested":5,"item_purchase_floors":[5,5,24,24,37,37,37,47,47,47,54],"current_hp_per_floor":[58,58,56,51,51,39,39,3,3,25,25,2,2,2,21,21,55,51,51,62,17,6,25,73,15,15,14,35,29,29,14,50,3,56,45,35,35,32,32,32,68,48,48,48,48,48,48,38,38,28,7,57,57,57,48,7],"gold":70,"neow_bonus":"ONE_RANDOM_RARE_CARD","is_prod":false,"is_daily":false,"rewards_skipped":[{"floor":19,"relics":[],"potions":["Energy Potion"]},{"floor":48,"relics":[],"potions":["Swift Potion"]}],"chose_seed":false,"campfire_upgraded":2,"win_rate":0,"floor_exit_playtime":[179,230,307,401,439,769,809,938,952,958,985,1338,1485,1563,1567,1899,2003,2218,2262,2452,2728,3116,3263,3354,3657,3660,3884,3889,4020,4035,4177,4193,4521,4862,5116,5217,5728,6191,6237,6520,6530,7167,7203,7412,7588,7768,7870,8280,8285,9299,10177,10193,10274,10453,11831,12970],"timestamp":1677359881,"blue_key_relic_skipped_log":{"floor":43,"relicID":"Bag of Preparation"},"path_taken":["M","M","M","M","$","E","M","E","T","?","R","E","?","M","R","BOSS","M","?","M","M","?","R","?","E","T","E","R","E","?","E","R","BOSS","M","?","$","?","M","E","R","E","T","M","?","M","?","E","R","BOSS","BOSS","R","$","E","BOSS"],"build_version":"2022-12-18","purchased_purges":0,"victory":true,"max_hp_per_floor":[66,66,66,66,66,66,66,66,66,66,66,66,66,66,66,66,66,66,66,66,66,66,66,73,73,73,73,73,73,73,73,73,73,73,73,73,73,73,73,73,73,73,73,73,73,73,73,73,73,73,73,73,73,73,73,73],"relic_stats":{"Lee\u0027s Waffle":48,"Regal Pillow":30,"counters":[33,190],"HoveringKite":[95],"Pen Nib":[32],"Snake Skull":[96],"The Courier":11,"Whetstone":["Strike_G","Strike_G"],"Lizard Tail":0,"Centennial Puzzle":[27],"Tough Bandages":[309],"Ornamental Fan":[104],"Pandora\u0027s Box":["Concentrate","Bane","Poisoned Stab","Poisoned Stab","Terror","Malaise","Setup","Prepared","Outmaneuver","Skewer"],"obtain_stats":[{"Lantern":12,"Lee\u0027s Waffle":24,"Regal Pillow":29,"HoveringKite":17,"Vajra":25,"Pen Nib":8,"Snake Skull":27,"The Courier":48,"Whetstone":9,"Odd Mushroom":13,"Old Coin":45,"Lizard Tail":6,"Centennial Puzzle":31,"Tough Bandages":47,"HornCleat":26,"Ornamental Fan":40,"Pandora\u0027s Box":34,"Bag of Marbles":42,"FossilizedHelix":38,"Toy Ornithopter":55,"Ring of the Snake":0},{"Lantern":8,"Lee\u0027s Waffle":15,"Regal Pillow":18,"HoveringKite":11,"Vajra":16,"Pen Nib":7,"Snake Skull":17,"The Courier":29,"Whetstone":7,"Odd Mushroom":9,"Old Coin":27,"Lizard Tail":5,"Centennial Puzzle":19,"Tough Bandages":28,"HornCleat":16,"Ornamental Fan":24,"Pandora\u0027s Box":20,"Bag of Marbles":25,"FossilizedHelix":22,"Toy Ornithopter":32,"Ring of the Snake":0},{"Lantern":37,"Lee\u0027s Waffle":80,"Regal Pillow":96,"HoveringKite":52,"Vajra":89,"Pen Nib":29,"Snake Skull":91,"The Courier":143,"Whetstone":29,"Odd Mushroom":41,"Old Coin":131,"Lizard Tail":22,"Centennial Puzzle":100,"Tough Bandages":138,"HornCleat":89,"Ornamental Fan":121,"Pandora\u0027s Box":108,"Bag of Marbles":125,"FossilizedHelix":115,"Toy Ornithopter":179,"Ring of the Snake":0}],"FossilizedHelix":[142],"Toy Ornithopter":10,"Ring of the Snake":[66]},"card_choices":[{"not_picked":["Prepared","Flying Knee"],"picked":"Dagger Throw","floor":1},{"not_picked":["Concentrate","Deadly Poison","Cloak And Dagger"],"picked":"SKIP","floor":2},{"not_picked":["Endless Agony","All Out Attack"],"picked":"PiercingWail","floor":3},{"not_picked":["Distraction","Flying Knee"],"picked":"Bullet Time","floor":4},{"not_picked":["Poisoned Stab","Outmaneuver"],"picked":"Prepared","floor":6},{"not_picked":["Slice","Dodge and Roll"],"picked":"Acrobatics","floor":7},{"not_picked":["Bane","Deflect"],"picked":"PiercingWail","floor":8},{"not_picked":["Accuracy","Dodge and Roll"],"picked":"Backstab","floor":12},{"not_picked":["Bane","Sucker Punch"],"picked":"Deflect","floor":13},{"not_picked":["Predator","Masterful Stab"],"picked":"Phantasmal Killer","floor":14},{"not_picked":["Envenom","Phantasmal Killer"],"picked":"Unload","floor":16},{"not_picked":["All Out Attack","Deadly Poison"],"picked":"Backflip","floor":18},{"not_picked":["Caltrops","Deflect","Dodge and Roll"],"picked":"SKIP","floor":20},{"not_picked":["Accuracy","Deadly Poison"],"picked":"Backflip","floor":21},{"not_picked":["Poisoned Stab","Deadly Poison"],"picked":"Blade Dance","floor":22},{"not_picked":["Terror+1","Finisher"],"picked":"Eviscerate","floor":25},{"not_picked":["Blade Dance","Dagger Spray"],"picked":"Burst","floor":27},{"not_picked":["Dagger Spray","Quick Slash"],"picked":"Underhanded Strike","floor":29},{"not_picked":["Bane","Backstab+1"],"picked":"Predator","floor":31},{"not_picked":["Envenom","Unload"],"picked":"Venomology","floor":33},{"not_picked":["Dodge and Roll+1","Deadly Poison"],"picked":"Backflip","floor":35},{"not_picked":["Transmutation","Blind"],"picked":"PanicButton","floor":36},{"not_picked":["Blind","Flash of Steel"],"picked":"Secret Technique","floor":36},{"not_picked":["HandOfGreed","Metamorphosis"],"picked":"Panacea","floor":36},{"not_picked":["Sucker Punch","Prepared","Bane"],"picked":"SKIP","floor":38},{"not_picked":["Masterful Stab+1","Slice+1","All Out Attack+1"],"picked":"SKIP","floor":39},{"not_picked":["Setup","Flechettes"],"picked":"Backflip+1","floor":40},{"not_picked":["Outmaneuver","Slice+1","Underhanded Strike"],"picked":"SKIP","floor":42},{"not_picked":["Dagger Spray+1","Finisher+1"],"picked":"Reflex","floor":44},{"not_picked":["Dagger Throw+1","Outmaneuver","Caltrops"],"picked":"SKIP","floor":45},{"not_picked":["Outmaneuver","Poisoned Stab","Endless Agony+1"],"picked":"SKIP","floor":46},{"not_picked":["Concentrate","Quick Slash+1"],"picked":"Leg Sweep","floor":48},{"not_picked":["Blade Dance","Flying Knee+1"],"picked":"Outmaneuver+1","floor":55}],"player_experience":5198452,"relics_obtained":[{"floor":6,"key":"Lizard Tail"},{"floor":8,"key":"Pen Nib"},{"floor":9,"key":"Whetstone"},{"floor":12,"key":"Lantern"},{"floor":13,"key":"Odd Mushroom"},{"floor":25,"key":"Vajra"},{"floor":26,"key":"HornCleat"},{"floor":27,"key":"Snake Skull"},{"floor":29,"key":"Regal Pillow"},{"floor":31,"key":"Centennial Puzzle"},{"floor":38,"key":"FossilizedHelix"},{"floor":40,"key":"Ornamental Fan"},{"floor":42,"key":"Bag of Marbles"},{"floor":45,"key":"Old Coin"},{"floor":48,"key":"The Courier"},{"floor":55,"key":"Toy Ornithopter"}],"event_choices":[{"damage_healed":22,"gold_gain":0,"player_choice":"Banana","damage_taken":0,"max_hp_gain":0,"max_hp_loss":0,"event_name":"Big Fish","floor":10,"gold_loss":0},{"damage_healed":0,"gold_gain":0,"player_choice":"Fought Mushrooms","damage_taken":0,"max_hp_gain":0,"max_hp_loss":0,"event_name":"Mushrooms","floor":13,"gold_loss":0},{"damage_healed":0,"gold_gain":0,"player_choice":"Bought 3 Potions","damage_taken":0,"max_hp_gain":0,"max_hp_loss":0,"event_name":"The Woman in Blue","floor":19,"gold_loss":0},{"damage_healed":0,"gold_gain":0,"player_choice":"Simplicity","damage_taken":0,"max_hp_gain":0,"max_hp_loss":0,"event_name":"Back to Basics","floor":30,"gold_loss":0,"cards_upgraded":["Strike_G","Strike_G","Strike_G","Defend_G","Defend_G","Defend_G","Defend_G","Defend_G"]},{"damage_healed":0,"gold_gain":0,"player_choice":"Memory 3","damage_taken":10,"max_hp_gain":0,"max_hp_loss":0,"event_name":"SensoryStone","floor":36,"gold_loss":0},{"damage_healed":0,"gold_gain":0,"player_choice":"Fight","damage_taken":0,"max_hp_gain":0,"max_hp_loss":0,"event_name":"Mysterious Sphere","floor":38,"gold_loss":0},{"damage_healed":0,"gold_gain":0,"player_choice":"Fight","damage_taken":0,"max_hp_gain":0,"max_hp_loss":0,"event_name":"MindBloom","floor":45,"gold_loss":0}],"is_beta":false,"boss_relics":[{"not_picked":["Velvet Choker","Snecko Eye"],"picked":"HoveringKite"},{"not_picked":["SacredBark","Coffee Dripper"],"picked":"Pandora\u0027s Box"}],"items_purged_floors":[],"is_endless":false,"potions_floor_spawned":[2,7,8,12,18,20,25,27,31,33,38,39,42,48],"ascension_level":20,"potion_discard_per_floor":[[],[],[],[],[],[],[],["SpeedPotion"],[],[],[],[],[],[],[],[],[],[],["SkillPotion"],[],[],[],[],[],[],[],[],[],[],[],[],[],[],[],[],[],[],[],[],[],[],["FairyPotion"],[],[],[],[],[],[],[],[],[],[],[],[],[],["GhostInAJar"],[]]}