{"neow_bonuses_skipped_log":["UPGRADE_CARD","THREE_ENEMY_KILL","BOSS_RELIC"],"potions_obtained_entropic_brew":[[],[],[],[],[],[],[],[],[],[],[],[],[],[],[],[],[],[],[],[],[],[],[],[],[],[],[],[],[],[],[],[],[],[],[],[],[],[],[],[],[],[],[],[],[],[],[],[],[],[],[],[],[],[],[],[],[]],"neow_costs_skipped_log":["NONE","NONE","NONE"],"gold_per_floor":[363,4,20,39,39,39,114,114,137,147,158,189,208,233,233,307,307,317,331,331,331,349,349,374,374,399,427,444,471,486,514,514,588,588,600,620,16,36,51,77,104,104,104,139,139,165,200,215,215,215,215,215,215,48,75,75],"floor_reached":57,"playtime":8393,"items_purged":["Doubt","All Out Attack+1"],"score":3484,"play_id":"701256bb-4c38-432b-92a5-0ec981e10f24","local_time":"20230226173514","score_breakdown":["Floors Climbed (57): 285","Enemies Slain (16): 32","Exordium Elites Killed (2): 20","City Elites Killed (4): 80","Beyond Elites Killed (5): 150","Bosses Slain (5): 750","Money Money (1106): 25","Librarian: 25","Champion (7): 175","Perfect (2): 100","Ascension (20): 1592","Heartbreaker: 250"],"is_ascension_mode":true,"potions_obtained_alchemize":[[],[],[],[],[],[],[],[],[],[],[],[],[],[],[],[],[],["Weak Potion"],[],[],[],[],[],[],[],[],["Regen Potion"],[],["AttackPotion"],[],["SneckoOil"],[],["SteroidPotion"],[],["Fire Potion"],[],[],[],[],[],[],[],[],[],[],["DistilledChaos"],[],[],[],[],[],[],[],[],[],["CunningPotion"],[]],"campfire_choices":[{"data":"All Out Attack","floor":6,"key":"SMITH"},{"data":"Blade Dance","floor":8,"key":"SMITH"},{"data":"Finisher","floor":15,"key":"SMITH"},{"data":"Ghostly","floor":23,"key":"SMITH"},{"data":"Ghostly","floor":25,"key":"SMITH"},{"data":"Ghostly","floor":32,"key":"SMITH"},{"floor":42,"key":"RECALL"},{"data":"Burst","floor":49,"key":"SMITH"},{"data":"Calculated Gamble","floor":53,"key":"SMITH"}],"lesson_learned_per_floor":[[],[],[],[],[],[],[],[],[],[],[],[],[],[],[],[],[],[],[],[],[],[],[],[],[],[],[],[],[],[],[],[],[],[],[],[],[],[],[],[],[],[],[],[],[],[],[],[],[],[],[],[],[],[],[],[],[]],"neow_cost":"CURSE","improvable_cards":{},"seed_source_timestamp":2759215384322,"shop_contents":[{"floor":2,"relics":["Pen Nib","HandDrill"],"cards":["Flechettes","Heel Hook","Deflect","Reflex","Footwork","Mind Blast","Metamorphosis"],"potions":["Block Potion","ColorlessPotion","SpeedPotion"]},{"floor":37,"relics":["White Beast Statue","PrismaticShard"],"cards":["Skewer","Sucker Punch","Bouncing Flask","Noxious Fumes","Jack Of All Trades","HandOfGreed"],"potions":["CunningPotion","Regen Potion","FearPotion"]},{"floor":54,"relics":["Bottled Lightning","StoneCalendar"],"cards":["All Out Attack","Dash","Dodge and Roll","Expertise","Infinite Blades","Enlightenment","Panache"],"potions":["Block Potion","Energy Potion","EntropicBrew"]}],"circlet_count":0,"master_deck":["AscendersBane","Strike_G","Strike_G","Strike_G","Strike_G","Strike_G","Defend_G","Defend_G","Defend_G","Defend_G","Survivor","Neutralize","Sucker Punch","Blade Dance+1","Deflect","Blade Dance","Backstab","Finisher+1","Acrobatics","After Image","Venomology","Dagger Throw","Dodge and Roll+1","Ghostly+1","Ghostly+1","Ghostly+1","Decay","Calculated Gamble+1","Malaise","Burst+1","Backflip","Outmaneuver","After Image","Calculated Gamble","PiercingWail","Phantasmal Killer","Reflex","Deadly Poison","PiercingWail","Deadly Poison+1","Noxious Fumes","Acrobatics","Prepared"],"potion_use_per_floor":[[],[],[],[],[],[],[],[],[],[],[],["FearPotion"],[],[],[],[],[],["EssenceOfSteel"],["Block Potion"],[],[],[],[],[],[],[],["DuplicationPotion"],[],["Energy Potion"],[],["DistilledChaos"],[],["PowerPotion","SteroidPotion","Poison Potion"],[],[],[],[],[],[],[],[],[],[],[],[],["SteroidPotion"],[],[],[],[],[],[],[],[],[],["GhostInAJar","DistilledChaos","CunningPotion"],[]],"relics":["Ring of the Snake","HornCleat","Orichalcum","Ornamental Fan","Vajra","Runic Pyramid","Bag of Preparation","Anchor","Darkstone Periapt","Blood Vial","Tiny Chest","Coffee Dripper","WingedGreaves","Art of War","Bronze Scales","Mercury Hourglass","Tingsha","Happy Flower","TwistedFunnel","Nunchaku"],"potions_floor_usage":[12,18,19,27,29,31,33,33,33,46,56,56,56],"damage_taken":[{"damage":11,"enemies":"Cultist","floor":1,"turns":6},{"damage":0,"enemies":"Small Slimes","floor":3,"turns":2},{"damage":0,"enemies":"2 Louse","floor":4,"turns":2},{"damage":3,"enemies":"Exordium Wildlife","floor":10,"turns":4},{"damage":0,"enemies":"Gremlin Gang","floor":11,"turns":1},{"damage":3,"enemies":"Lagavulin","floor":12,"turns":4},{"damage":0,"enemies":"Blue Slaver","floor":13,"turns":3},{"damage":0,"enemies":"Gremlin Nob","floor":14,"turns":3},{"damage":0,"enemies":"Slime Boss","floor":16,"turns":4},{"damage":0,"enemies":"Spheric Guardian","floor":18,"turns":3},{"damage":0,"enemies":"Chosen","floor":19,"turns":5},{"damage":0,"enemies":"Centurion and Healer","floor":22,"turns":6},{"damage":0,"enemies":"Slavers","floor":24,"turns":4},{"damage":2,"enemies":"Book of Stabbing","floor":27,"turns":2},{"damage":0,"enemies":"Sentry and Sphere","floor":28,"turns":6},{"damage":0,"enemies":"Gremlin Leader","floor":29,"turns":8},{"damage":0,"enemies":"3 Cultists","floor":30,"turns":6},{"damage":13,"enemies":"Slavers","floor":31,"turns":11},{"damage":6,"enemies":"Automaton","floor":33,"turns":16},{"damage":0,"enemies":"3 Darklings","floor":35,"turns":6},{"damage":0,"enemies":"3 Shapes","floor":36,"turns":4},{"damage":0,"enemies":"Transient","floor":38,"turns":6},{"damage":0,"enemies":"Maw","floor":39,"turns":11},{"damage":0,"enemies":"Reptomancer","floor":40,"turns":6},{"damage":1,"enemies":"Nemesis","floor":41,"turns":5},{"damage":0,"enemies":"Reptomancer","floor":44,"turns":4},{"damage":0,"enemies":"Giant Head","floor":46,"turns":6},{"damage":1,"enemies":"Nemesis","floor":47,"turns":7},{"damage":0,"enemies":"Sphere and 2 Shapes","floor":48,"turns":4},{"damage":0,"enemies":"Awakened One","floor":50,"turns":14},{"damage":2,"enemies":"Donu and Deca","floor":51,"turns":14},{"damage":0,"enemies":"Shield and Spear","floor":55,"turns":11},{"damage":2,"enemies":"The Heart","floor":56,"turns":11}],"green_key_taken_log":27,"seed_played":"1002238961368736035","neow_bonus_log":{"cardsObtained":["Doubt"],"cardsUpgraded":[],"cardsRemoved":[],"cardsTransformed":[],"relicsObtained":[],"maxHpGained":0,"goldGained":250,"damageTaken":0,"goldLost":0,"maxHpLost":0},"potions_obtained":[{"floor":3,"key":"FearPotion"},{"floor":4,"key":"SpeedPotion"},{"floor":13,"key":"Block Potion"},{"floor":14,"key":"EssenceOfSteel"},{"floor":18,"key":"Energy Potion"},{"floor":19,"key":"DuplicationPotion"},{"floor":27,"key":"DistilledChaos"},{"floor":30,"key":"PowerPotion"},{"floor":31,"key":"Poison Potion"},{"floor":33,"key":"SteroidPotion"},{"floor":35,"key":"GhostInAJar"}],"is_trial":false,"path_per_floor":["M","$","M","M","?","R","?","R","T","M","M","E","M","E","R","B",null,"M","M","?","?","M","R","E","R","T","E","M","E","M","E","R","B",null,"M","M","$","M","M","E","E","R","T","E","?","E","E","M","R","B","B",null,"R","$","E","B",null],"character_chosen":"THE_SILENT","basemod:card_modifiers":[null,null,null,null,null,null,null,null,null,null,null,null,null,null,null,null,null,null,null,null,null,null,null,null,null,null,null,null,null,null,null,null,null,null,null,null,null,null,null,null,null,null,null],"items_purchased":["HornCleat","Phantasmal Killer","WingedGreaves","TwistedFunnel"],"campfire_rested":0,"item_purchase_floors":[2,37,37,54],"current_hp_per_floor":[48,48,48,48,48,48,37,37,37,34,34,31,31,31,31,31,57,57,57,33,33,33,33,33,33,33,31,31,31,33,20,20,16,29,31,33,33,33,33,33,32,32,32,33,31,31,30,31,31,31,29,31,31,31,31,29],"gold":75,"neow_bonus":"TWO_FIFTY_GOLD","is_prod":false,"is_daily":false,"rewards_skipped":[{"floor":36,"relics":[],"potions":["EssenceOfSteel"]},{"floor":41,"relics":[],"potions":["Energy Potion"]},{"floor":46,"relics":[],"potions":["EntropicBrew"]},{"floor":48,"relics":[],"potions":["AttackPotion"]}],"chose_seed":false,"campfire_upgraded":8,"win_rate":0,"floor_exit_playtime":[186,281,309,388,434,452,459,472,517,569,606,653,680,806,817,1233,1334,1459,1611,1684,1716,1804,1811,2022,2029,2040,2209,2303,2586,2849,3154,3160,4355,4572,4753,4846,5160,5275,5691,5949,6111,6124,6129,6380,6448,6670,6816,6916,6962,7287,7597,7609,7685,7733,8028,8393],"timestamp":1677450914,"blue_key_relic_skipped_log":{"floor":43,"relicID":"Omamori"},"path_taken":["M","$","?","M","?","R","?","R","T","M","M","E","M","E","R","BOSS","M","M","?","?","?","R","E","R","T","E","M","E","M","E","R","BOSS","M","M","$","M","M","E","E","R","T","E","?","E","E","M","R","BOSS","BOSS","R","$","E","BOSS"],"build_version":"2022-12-18","purchased_purges":2,"victory":true,"max_hp_per_floor":[66,66,66,66,66,66,66,66,66,66,66,66,66,66,66,66,66,66,66,33,33,33,33,33,33,33,33,33,33,33,33,33,33,33,33,33,33,33,33,33,33,33,33,33,31,31,31,31,31,31,31,31,31,31,31,31],"relic_stats":{"Darkstone Periapt":0,"Happy Flower":[18],"counters":[33,205],"Tingsha":[176],"Bag of Preparation":[40],"Orichalcum":[30],"Mercury Hourglass":[178],"Blood Vial":10,"Nunchaku":[2],"Ornamental Fan":[508],"Bronze Scales":[395],"Tiny Chest":0,"WingedGreaves":3,"Art of War":[29],"obtain_stats":[{"Darkstone Periapt":27,"TwistedFunnel":54,"Happy Flower":47,"Vajra":14,"Tingsha":46,"Bag of Preparation":24,"Orichalcum":9,"Mercury Hourglass":44,"Blood Vial":29,"Anchor":26,"Nunchaku":55,"HornCleat":2,"Ornamental Fan":12,"Bronze Scales":41,"Tiny Chest":31,"WingedGreaves":37,"Coffee Dripper":34,"Art of War":40,"Ring of the Snake":0,"Runic Pyramid":17},{"Darkstone Periapt":14,"TwistedFunnel":31,"Happy Flower":28,"Vajra":8,"Tingsha":27,"Bag of Preparation":13,"Orichalcum":3,"Mercury Hourglass":26,"Blood Vial":16,"Anchor":13,"Nunchaku":32,"HornCleat":1,"Ornamental Fan":6,"Bronze Scales":25,"Tiny Chest":18,"WingedGreaves":21,"Coffee Dripper":19,"Art of War":24,"Ring of the Snake":0,"Runic Pyramid":9},{"Darkstone Periapt":49,"TwistedFunnel":183,"Happy Flower":151,"Vajra":25,"Tingsha":144,"Bag of Preparation":47,"Orichalcum":10,"Mercury Hourglass":138,"Blood Vial":63,"Anchor":47,"Nunchaku":194,"HornCleat":6,"Ornamental Fan":19,"Bronze Scales":134,"Tiny Chest":80,"WingedGreaves":106,"Coffee Dripper":96,"Art of War":129,"Ring of the Snake":0,"Runic Pyramid":29}],"Ring of the Snake":[66]},"card_choices":[{"not_picked":["Skewer","Slice"],"picked":"All Out Attack","floor":1},{"not_picked":["Escape Plan","Deflect"],"picked":"Sucker Punch","floor":3},{"not_picked":["Leg Sweep","Eviscerate"],"picked":"Blade Dance","floor":4},{"not_picked":["Flying Knee","Poisoned Stab"],"picked":"Blade Dance","floor":10},{"not_picked":["Poisoned Stab","Slice"],"picked":"Backstab","floor":11},{"not_picked":["Dodge and Roll","Flying Knee"],"picked":"Finisher","floor":12},{"not_picked":["Bane","Poisoned Stab"],"picked":"Acrobatics","floor":13},{"not_picked":["PiercingWail","Bouncing Flask"],"picked":"After Image","floor":14},{"not_picked":["Glass Knife","Wraith Form v2"],"picked":"Venomology","floor":16},{"not_picked":["Reflex","Flechettes"],"picked":"Dagger Throw","floor":18},{"not_picked":["Flying Knee","Dagger Spray"],"picked":"Dodge and Roll+1","floor":19},{"not_picked":["Deflect","Well Laid Plans+1"],"picked":"Calculated Gamble","floor":22},{"not_picked":["Underhanded Strike","Dagger Throw","Quick Slash"],"picked":"SKIP","floor":24},{"not_picked":["Poisoned Stab","Heel Hook+1","Deadly Poison"],"picked":"SKIP","floor":27},{"not_picked":["Blade Dance","Slice"],"picked":"Malaise","floor":28},{"not_picked":["Predator","Deflect"],"picked":"Burst","floor":29},{"not_picked":["Poisoned Stab","Cloak And Dagger"],"picked":"Backflip","floor":30},{"not_picked":["Poisoned Stab+1","Acrobatics"],"picked":"Outmaneuver","floor":31},{"not_picked":["Adrenaline","Glass Knife"],"picked":"After Image","floor":33},{"not_picked":["Poisoned Stab","Deadly Poison"],"picked":"Calculated Gamble","floor":35},{"not_picked":["Blade Dance+1","Underhanded Strike"],"picked":"PiercingWail","floor":36},{"not_picked":["Well Laid Plans","Poisoned Stab"],"picked":"Reflex","floor":38},{"not_picked":["Blade Dance+1","Backstab","Glass Knife"],"picked":"SKIP","floor":39},{"not_picked":["Flying Knee","Setup"],"picked":"Deadly Poison","floor":40},{"not_picked":["Flying Knee","Distraction"],"picked":"PiercingWail","floor":41},{"not_picked":["Underhanded Strike","Phantasmal Killer"],"picked":"Deadly Poison+1","floor":44},{"not_picked":["Dodge and Roll+1","Slice"],"picked":"Noxious Fumes","floor":46},{"not_picked":["Quick Slash","Reflex+1","Choke+1"],"picked":"SKIP","floor":47},{"not_picked":["Dagger Spray","Noxious Fumes"],"picked":"Acrobatics","floor":48},{"not_picked":["Corpse Explosion","Quick Slash"],"picked":"Prepared","floor":55}],"player_experience":5211422,"relics_obtained":[{"floor":9,"key":"Orichalcum"},{"floor":12,"key":"Ornamental Fan"},{"floor":14,"key":"Vajra"},{"floor":24,"key":"Bag of Preparation"},{"floor":26,"key":"Anchor"},{"floor":27,"key":"Darkstone Periapt"},{"floor":29,"key":"Blood Vial"},{"floor":31,"key":"Tiny Chest"},{"floor":40,"key":"Art of War"},{"floor":41,"key":"Bronze Scales"},{"floor":44,"key":"Mercury Hourglass"},{"floor":46,"key":"Tingsha"},{"floor":47,"key":"Happy Flower"},{"floor":55,"key":"Nunchaku"}],"event_choices":[{"damage_healed":0,"gold_gain":0,"cards_transformed":["Defend_G"],"player_choice":"Change","damage_taken":0,"max_hp_gain":0,"max_hp_loss":0,"event_name":"Living Wall","floor":5,"gold_loss":0,"cards_obtained":["Deflect"]},{"damage_healed":0,"gold_gain":75,"player_choice":"Gather Gold","damage_taken":11,"max_hp_gain":0,"max_hp_loss":0,"event_name":"World of Goop","floor":7,"gold_loss":0},{"damage_healed":0,"gold_gain":0,"player_choice":"Became a Ghost","damage_taken":0,"max_hp_gain":0,"max_hp_loss":33,"event_name":"Ghosts","floor":20,"gold_loss":0,"cards_obtained":["Ghostly","Ghostly","Ghostly"]},{"damage_healed":0,"gold_gain":0,"player_choice":"Cursed","damage_taken":0,"max_hp_gain":0,"max_hp_loss":0,"event_name":"Wheel of Change","floor":21,"gold_loss":0,"cards_obtained":["Decay"]},{"damage_healed":0,"gold_gain":0,"player_choice":"Max HP","damage_taken":0,"max_hp_gain":0,"max_hp_loss":2,"event_name":"Winding Halls","floor":45,"gold_loss":0}],"is_beta":false,"boss_relics":[{"not_picked":["Calling Bell","Black Star"],"picked":"Runic Pyramid"},{"not_picked":["Fusion Hammer","WristBlade"],"picked":"Coffee Dripper"}],"items_purged_floors":[2,37],"is_endless":false,"potions_floor_spawned":[3,4,13,14,18,19,27,30,31,33,35,36,41,46,48],"ascension_level":20,"potion_discard_per_floor":[[],[],[],[],[],[],[],[],[],[],[],[],[],["SpeedPotion"],[],[],[],["Weak Potion"],[],[],[],[],[],[],[],[],["Regen Potion"],[],[],["AttackPotion"],["SneckoOil"],[],[],[],["Fire Potion"],[],[],[],[],[],[],[],[],[],[],[],[],[],[],[],[],[],[],[],[],[],[]]}