{"neow_bonuses_skipped_log":["REMOVE_CARD","THREE_SMALL_POTIONS","BOSS_RELIC"],"potions_obtained_entropic_brew":[[],[],[],[],[],[],[],[],[],[],[],[],[],[],[],[],[],[],[],[],[],[],[],[],[],[],[],[],[],[],[],[],[],[],[],[],[],[],[],[],[],[],[],[],[],[],[],[],[],[],[],[],[],[],[],[]],"neow_costs_skipped_log":["NONE","NONE","NONE"],"gold_per_floor":[110,123,123,123,143,143,143,174,197,207,207,241,257,268,268,345,345,355,41,41,60,79,79,105,120,120,149,166,1,31,48,48,121,121,133,133,149,162,176,207,207,241,241,273,288,300,310,337,337,337,337,337,337,40,74,74],"floor_reached":56,"playtime":11645,"items_purged":["Strike_G"],"score":2311,"play_id":"277bf3d2-5942-4709-a6c9-1ed39ed62175","local_time":"20230228181320","score_breakdown":["Floors Climbed (56): 280","Enemies Slain (19): 38","Exordium Elites Killed (2): 20","City Elites Killed (3): 60","Beyond Elites Killed (4): 120","Bosses Slain (4): 500","I Like Shiny: 50","Librarian: 25","Champion (4): 100","Ascension (20): 1118"],"is_ascension_mode":true,"potions_obtained_alchemize":[[],[],[],[],[],[],[],[],[],[],[],[],[],[],[],[],[],[],[],[],[],[],[],[],[],[],[],[],[],[],[],[],[],[],[],[],[],[],[],[],[],[],[],[],[],[],[],[],[],[],[],[],[],[],[],[]],"campfire_choices":[{"floor":6.0,"key":"REST"},{"data":"Dagger Spray","floor":11.0,"key":"SMITH"},{"data":"Predator","floor":15.0,"key":"SMITH"},{"data":"Blade Dance","floor":23.0,"key":"SMITH"},{"data":"Phantasmal Killer","floor":32.0,"key":"SMITH"},{"floor":41.0,"key":"REST"},{"floor":49.0,"key":"RECALL"},{"data":"After Image","floor":53.0,"key":"SMITH"}],"lesson_learned_per_floor":[[],[],[],[],[],[],[],[],[],[],[],[],[],[],[],[],[],[],[],[],[],[],[],[],[],[],[],[],[],[],[],[],[],[],[],[],[],[],[],[],[],[],[],[],[],[],[],[],[],[],[],[],[],[],[],[]],"neow_cost":"PERCENT_DAMAGE","improvable_cards":{},"seed_source_timestamp":13207539916981,"shop_contents":[{"floor":19,"relics":["Boot","Chemical X"],"cards":["Finisher","Unload","Reflex","Caltrops","Magnetism"],"potions":["LiquidMemories","BlessingOfTheForge","BlessingOfTheForge"]},{"floor":29,"relics":["Toy Ornithopter","TwistedFunnel"],"cards":["Dash","Grand Finale","Phantasmal Killer","Blade Dance","Caltrops","PanicButton","Secret Weapon"],"potions":["BlessingOfTheForge","Fire Potion","Swift Potion"]},{"floor":54,"relics":["White Beast Statue"],"cards":["Predator+1","Finisher+1","Setup","Concentrate","Forethought","Thinking Ahead"],"potions":["Ancient Potion","ColorlessPotion","ColorlessPotion"]}],"circlet_count":0,"master_deck":["AscendersBane","Strike_G+1","Strike_G","Strike_G","Defend_G","Defend_G+1","Defend_G","Defend_G","Survivor","Neutralize","Die Die Die","Sucker Punch","Dagger Spray+1","Infinite Blades","Slice","Predator+1","Backflip","After Image+1","Noxious Fumes+1","Blade Dance+1","PanicButton","Acrobatics","Outmaneuver","Deflect","Dagger Throw","Finisher","Backstab+1","Phantasmal Killer+1","Malaise+1","Backflip","Blur+1","Terror","PiercingWail+1","Outmaneuver+1","PiercingWail","Bouncing Flask+1","PiercingWail","Flying Knee+1","Caltrops","Outmaneuver"],"special_seed":0,"potion_use_per_floor":[[],[],[],[],[],[],[],["Explosive Potion"],[],[],[],["Fire Potion"],[],[],[],["Weak Potion"],[],[],[],[],[],[],[],["Swift Potion"],[],[],[],["SpeedPotion"],[],[],[],[],["FairyPotion"],[],[],[],[],[],[],[],[],[],[],[],[],[],[],[],[],[],[],[],[],[],["GamblersBrew"],["Explosive Potion","CultistPotion"]],"relics":["Ring of the Snake","Bag of Marbles","Happy Flower","MealTicket","Centennial Puzzle","Black Star","PreservedInsect","MutagenicStrength","Orichalcum","Oddly Smooth Stone","Sundial","Regal Pillow","Question Card","Anchor","Paper Crane","Snake Skull","Runic Pyramid","Strawberry","War Paint","Eternal Feather","Molten Egg 2","Blue Candle","Whetstone","HornCleat","Letter Opener","Membership Card","Bronze Scales","Akabeko","Art of War"],"potions_floor_usage":[56,56],"damage_taken":[{"damage":5.0,"enemies":"Jaw Worm","floor":1.0,"turns":6.0},{"damage":7.0,"enemies":"Small Slimes","floor":2.0,"turns":3.0},{"damage":0.0,"enemies":"2 Louse","floor":5.0,"turns":2.0},{"damage":5.0,"enemies":"3 Sentries","floor":8.0,"turns":3.0},{"damage":3.0,"enemies":"Red Slaver","floor":10.0,"turns":3.0},{"damage":12.0,"enemies":"Lagavulin","floor":12.0,"turns":6.0},{"damage":3.0,"enemies":"Blue Slaver","floor":13.0,"turns":5.0},{"damage":1.0,"enemies":"2 Fungi Beasts","floor":14.0,"turns":3.0},{"damage":13.0,"enemies":"Slime Boss","floor":16.0,"turns":8.0},{"damage":15.0,"enemies":"Shell Parasite","floor":18.0,"turns":7.0},{"damage":1.0,"enemies":"3 Byrds","floor":21.0,"turns":4.0},{"damage":4.0,"enemies":"Cultist and Chosen","floor":22.0,"turns":4.0},{"damage":0.0,"enemies":"Gremlin Leader","floor":24.0,"turns":6.0},{"damage":13.0,"enemies":"Snecko","floor":25.0,"turns":6.0},{"damage":1.0,"enemies":"Slavers","floor":27.0,"turns":4.0},{"damage":29.0,"enemies":"Sentry and Sphere","floor":28.0,"turns":8.0},{"damage":0.0,"enemies":"Gremlin Leader","floor":30.0,"turns":4.0},{"damage":0.0,"enemies":"3 Cultists","floor":31.0,"turns":3.0},{"damage":43.0,"enemies":"Automaton","floor":33.0,"turns":10.0},{"damage":0.0,"enemies":"Orb Walker","floor":35.0,"turns":2.0},{"damage":4.0,"enemies":"3 Darklings","floor":37.0,"turns":6.0},{"damage":7.0,"enemies":"Transient","floor":38.0,"turns":6.0},{"damage":4.0,"enemies":"Jaw Worm Horde","floor":39.0,"turns":4.0},{"damage":25.0,"enemies":"Nemesis","floor":40.0,"turns":5.0},{"damage":13.0,"enemies":"Reptomancer","floor":42.0,"turns":5.0},{"damage":0.0,"enemies":"Nemesis","floor":44.0,"turns":7.0},{"damage":0.0,"enemies":"3 Darklings","floor":45.0,"turns":9.0},{"damage":4.0,"enemies":"Transient","floor":46.0,"turns":6.0},{"damage":0.0,"enemies":"Maw","floor":47.0,"turns":6.0},{"damage":0.0,"enemies":"Giant Head","floor":48.0,"turns":6.0},{"damage":11.0,"enemies":"Donu and Deca","floor":50.0,"turns":12.0},{"damage":53.0,"enemies":"Time Eater","floor":51.0,"turns":14.0},{"damage":4.0,"enemies":"Shield and Spear","floor":55.0,"turns":6.0},{"damage":85,"enemies":"The Heart","floor":56,"turns":9}],"green_key_taken_log":27,"seed_played":"3251321848003679903","neow_bonus_log":{"cardsObtained":["Die Die Die","Accuracy"],"cardsUpgraded":[],"cardsRemoved":[],"cardsTransformed":["Defend_G","Strike_G"],"relicsObtained":[],"maxHpGained":0,"goldGained":0,"damageTaken":15,"goldLost":0,"maxHpLost":0},"potions_obtained":[{"floor":2.0,"key":"Fire Potion"},{"floor":5.0,"key":"Explosive Potion"},{"floor":8.0,"key":"Swift Potion"},{"floor":12.0,"key":"Weak Potion"},{"floor":21.0,"key":"FairyPotion"},{"floor":25.0,"key":"SpeedPotion"},{"floor":30.0,"key":"Block Potion"},{"floor":31.0,"key":"GamblersBrew"},{"floor":37.0,"key":"SpeedPotion"},{"floor":38.0,"key":"CultistPotion"},{"floor":55.0,"key":"Explosive Potion"}],"is_trial":false,"path_per_floor":["M","M","?","?","M","R","?","E","T","M","R","E","M","M","R","B",null,"M","$","?","M","M","R","E","M","T","E","M","$","E","M","R","B",null,"M","?","M","M","M","E","R","E","T","E","M","M","M","E","R","B","B",null,"R","$","E","B"],"character_chosen":"THE_SILENT","basemod:card_modifiers":[null,null,null,null,null,null,null,null,null,null,null,null,null,null,null,null,null,null,null,null,null,null,null,null,null,null,null,null,null,null,null,null,null,null,null,null,null,null,null,null],"items_purchased":["PreservedInsect","Blade Dance","PanicButton","Anchor","Membership Card","Bronze Scales","Caltrops"],"campfire_rested":2,"item_purchase_floors":[19,19,19,29,54,54,54],"current_hp_per_floor":[39,32,54,19,19,38,66,61,61,58,58,46,43,42,42,29,57,42,57,57,56,52,52,52,39,39,38,9,24,24,24,24,19,54,54,66,62,55,51,33,69,56,56,56,56,52,52,52,73,62,9,57,73,73,69,0],"gold":74,"neow_bonus":"TRANSFORM_TWO_CARDS","is_prod":false,"is_daily":false,"rewards_skipped":[{"floor":22,"relics":[],"potions":["BlessingOfTheForge"]},{"floor":44,"relics":[],"potions":["Block Potion"]},{"floor":46,"relics":[],"potions":["Fire Potion"]},{"floor":47,"relics":[],"potions":["Poison Potion"]}],"chose_seed":false,"campfire_upgraded":5,"win_rate":0,"floor_exit_playtime":[324,411,414,423,458,463,470,539,543,590,606,892,1032,1062,1075,1373,1697,1830,1855,1877,1950,2054,2092,2342,2536,2540,2668,2840,2875,2948,3033,3040,3592,3848,3927,4008,4243,5108,5346,5572,5634,6110,6123,6549,6862,7195,7369,7724,7728,8130,8650,8661,8680,9131,10930],"timestamp":1677626000,"blue_key_relic_skipped_log":{"floor":43,"relicID":"Toxic Egg 2"},"path_taken":["M","M","?","?","M","R","?","E","T","M","R","E","?","M","R","BOSS","M","$","?","M","M","R","E","M","T","E","M","$","E","M","R","BOSS","M","?","M","M","M","E","R","E","T","E","M","M","?","E","R","BOSS","BOSS","R","$","E","BOSS"],"build_version":"2022-12-18","purchased_purges":1,"victory":false,"max_hp_per_floor":[66,66,66,66,66,66,66,66,66,66,66,66,66,66,66,66,66,66,66,66,66,66,66,66,66,66,66,66,66,66,66,66,66,66,66,66,66,66,66,73,73,73,73,73,73,73,73,73,73,73,73,73,73,73,73,73],"relic_stats":{"Regal Pillow":15,"Happy Flower":[61],"counters":[34,198],"Blue Candle":[1],"Eternal Feather":37,"PreservedInsect":504,"Snake Skull":[119],"Whetstone":["Strike_G","Backstab"],"Letter Opener":[75],"Orichalcum":[114],"War Paint":["Defend_G","Malaise"],"Question Card":16,"Centennial Puzzle":[59],"Sundial":[8],"Bronze Scales":[163],"MealTicket":30,"Black Star":8,"Art of War":[1],"Membership Card":138,"obtain_stats":[{"Regal Pillow":27,"Snake Skull":30,"Whetstone":44,"Centennial Puzzle":12,"HornCleat":48,"Sundial":26,"Strawberry":40,"MealTicket":9,"Ring of the Snake":0,"Runic Pyramid":34,"Happy Flower":8,"Blue Candle":44,"Oddly Smooth Stone":24,"Eternal Feather":42,"PreservedInsect":19,"Letter Opener":48,"Orichalcum":24,"Paper Crane":30,"War Paint":40,"Question Card":27,"Akabeko":55,"Anchor":29,"MutagenicStrength":20,"Bronze Scales":54,"Molten Egg 2":42,"Bag of Marbles":4,"Black Star":17,"Art of War":55,"Membership Card":54},{"Regal Pillow":15,"Snake Skull":17,"Whetstone":26,"Centennial Puzzle":6,"HornCleat":30,"Sundial":14,"Strawberry":24,"MealTicket":4,"Ring of the Snake":0,"Runic Pyramid":19,"Happy Flower":4,"Blue Candle":26,"Oddly Smooth Stone":13,"Eternal Feather":25,"PreservedInsect":10,"Letter Opener":30,"Orichalcum":13,"Paper Crane":17,"War Paint":24,"Question Card":15,"Akabeko":33,"Anchor":16,"MutagenicStrength":10,"Bronze Scales":32,"Molten Egg 2":25,"Bag of Marbles":2,"Black Star":9,"Art of War":33,"Membership Card":32},{"Regal Pillow":70,"Snake Skull":82,"Whetstone":130,"Centennial Puzzle":23,"HornCleat":157,"Sundial":66,"Strawberry":118,"MealTicket":14,"Ring of the Snake":0,"Runic Pyramid":95,"Happy Flower":14,"Blue Candle":130,"Oddly Smooth Stone":60,"Eternal Feather":123,"PreservedInsect":46,"Letter Opener":157,"Orichalcum":60,"Paper Crane":82,"War Paint":118,"Question Card":70,"Akabeko":189,"Anchor":78,"MutagenicStrength":46,"Bronze Scales":183,"Molten Egg 2":123,"Bag of Marbles":9,"Black Star":39,"Art of War":189,"Membership Card":183}],"Ring of the Snake":[68]},"card_choices":[{"not_picked":["Dodge and Roll","Accuracy","Concentrate"],"picked":"SKIP","floor":1.0},{"not_picked":["Deadly Poison","Calculated Gamble"],"picked":"Sucker Punch","floor":2.0},{"not_picked":["Dodge and Roll","Cloak And Dagger"],"picked":"Dagger Spray","floor":5.0},{"not_picked":["Prepared","Dagger Spray","Escape Plan"],"picked":"SKIP","floor":8.0},{"not_picked":["Underhanded Strike","Deadly Poison"],"picked":"Infinite Blades","floor":10.0},{"not_picked":["Bane","Burst"],"picked":"Slice","floor":12.0},{"not_picked":["Dagger Throw","Well Laid Plans"],"picked":"Predator","floor":13.0},{"not_picked":["Bane","Outmaneuver"],"picked":"Backflip","floor":14.0},{"not_picked":["Doppelganger","A Thousand Cuts"],"picked":"After Image","floor":16.0},{"not_picked":["Outmaneuver","Slice+1"],"picked":"Noxious Fumes+1","floor":18.0},{"not_picked":["Deadly Poison","Dagger Throw"],"picked":"Acrobatics","floor":21.0},{"not_picked":["Choke","Cloak And Dagger"],"picked":"Outmaneuver","floor":22.0},{"not_picked":["Concentrate","Outmaneuver+1"],"picked":"Deflect","floor":24.0},{"not_picked":["Choke","Catalyst"],"picked":"Dagger Throw","floor":25.0},{"not_picked":["Sucker Punch+1","All Out Attack"],"picked":"Finisher","floor":27.0},{"not_picked":["Deflect","Skewer+1","Prepared"],"picked":"Backstab","floor":28.0},{"not_picked":["Infinite Blades","Dagger Throw","Prepared"],"picked":"Phantasmal Killer","floor":30.0},{"not_picked":["Quick Slash","Sucker Punch","Flechettes","Deadly Poison"],"picked":"SKIP","floor":31.0},{"not_picked":["Doppelganger","A Thousand Cuts","Wraith Form v2"],"picked":"Malaise","floor":33.0},{"not_picked":["Sucker Punch","Crippling Poison","Endless Agony","Deflect"],"picked":"SKIP","floor":35.0},{"not_picked":["Cloak And Dagger","Deflect","Slice","Choke"],"picked":"SKIP","floor":37.0},{"not_picked":["Dodge and Roll","Slice","Outmaneuver"],"picked":"Backflip","floor":38.0},{"not_picked":["Flying Knee","Riddle With Holes+1","Phantasmal Killer"],"picked":"Blur+1","floor":39.0},{"not_picked":["Deflect","Glass Knife","Outmaneuver"],"picked":"Terror","floor":40.0},{"not_picked":["Dodge and Roll","Outmaneuver","Skewer+1"],"picked":"PiercingWail+1","floor":42.0},{"not_picked":["Eviscerate+1","Acrobatics","Leg Sweep"],"picked":"Outmaneuver+1","floor":44.0},{"not_picked":["Bane+1","Flechettes+1","Sucker Punch+1"],"picked":"PiercingWail","floor":45.0},{"not_picked":["Deadly Poison","Expertise+1","Predator+1"],"picked":"Bouncing Flask+1","floor":46.0},{"not_picked":["Endless Agony+1","Cloak And Dagger+1","Slice+1"],"picked":"PiercingWail","floor":47.0},{"not_picked":["Phantasmal Killer","Quick Slash+1","Tactician"],"picked":"Flying Knee+1","floor":48.0},{"not_picked":["Flechettes+1","Underhanded Strike+1","Blade Dance+1"],"picked":"Outmaneuver","floor":55.0}],"player_experience":5233056,"relics_obtained":[{"floor":8.0,"key":"Happy Flower"},{"floor":9.0,"key":"MealTicket"},{"floor":12.0,"key":"Centennial Puzzle"},{"floor":24.0,"key":"Orichalcum"},{"floor":24.0,"key":"Oddly Smooth Stone"},{"floor":26.0,"key":"Sundial"},{"floor":27.0,"key":"Regal Pillow"},{"floor":27.0,"key":"Question Card"},{"floor":30.0,"key":"Paper Crane"},{"floor":30.0,"key":"Snake Skull"},{"floor":40.0,"key":"Strawberry"},{"floor":40.0,"key":"War Paint"},{"floor":42.0,"key":"Eternal Feather"},{"floor":42.0,"key":"Molten Egg 2"},{"floor":44.0,"key":"Blue Candle"},{"floor":44.0,"key":"Whetstone"},{"floor":48.0,"key":"HornCleat"},{"floor":48.0,"key":"Letter Opener"},{"floor":55.0,"key":"Akabeko"},{"floor":55.0,"key":"Art of War"}],"event_choices":[{"damage_healed":22.0,"max_hp_gain":0.0,"max_hp_loss":0.0,"gold_gain":0.0,"event_name":"Big Fish","player_choice":"Banana","floor":3.0,"gold_loss":0.0,"damage_taken":0.0},{"damage_healed":0.0,"max_hp_gain":0.0,"max_hp_loss":0.0,"gold_gain":0.0,"event_name":"Scrap Ooze","player_choice":"Success","floor":4.0,"gold_loss":0.0,"damage_taken":35.0,"relics_obtained":["Bag of Marbles"]},{"cards_removed":["Accuracy"],"damage_healed":28.0,"max_hp_gain":0.0,"max_hp_loss":0.0,"gold_gain":0.0,"event_name":"Bonfire Elementals","player_choice":"Offered Uncommon","floor":7.0,"gold_loss":0.0,"damage_taken":0.0},{"damage_healed":0.0,"max_hp_gain":0.0,"max_hp_loss":0.0,"gold_gain":0.0,"event_name":"Drug Dealer","player_choice":"Inject Mutagens","floor":20.0,"gold_loss":0.0,"damage_taken":0.0,"relics_obtained":["MutagenicStrength"]},{"damage_healed":12.0,"max_hp_gain":0.0,"max_hp_loss":0.0,"gold_gain":0.0,"event_name":"Wheel of Change","player_choice":"Full Heal","floor":36.0,"gold_loss":0.0,"damage_taken":0.0}],"is_beta":false,"boss_relics":[{"not_picked":["Calling Bell","Astrolabe"],"picked":"Black Star"},{"not_picked":["Coffee Dripper","Pandora\u0027s Box"],"picked":"Runic Pyramid"}],"items_purged_floors":[54],"is_endless":false,"potions_floor_spawned":[2,5,8,12,21,22,25,30,31,37,38,44,46,47,55],"killed_by":"The Heart","ascension_level":20,"potion_discard_per_floor":[[],[],[],[],[],[],[],[],[],[],[],[],[],[],[],[],[],[],[],[],[],[],[],[],[],[],[],[],[],[],["Block Potion"],[],[],[],[],[],[],["SpeedPotion"],[],[],[],[],[],[],[],[],[],[],[],[],[],[],[],[],[],[]]}