{"neow_bonuses_skipped_log":["TRANSFORM_CARD","THREE_ENEMY_KILL","BOSS_RELIC"],"potions_obtained_entropic_brew":[[],[],[],[],[],[],[],[],[],[],[],[],[],[],[],[],[],[],[],[],[],[],[],[],[],[],[],[],[],[],[],[],[],[],[],[],[],[],[],[],[],[],[],[],[],[],[],[],[],[],[],[],[],[],[],[],[]],"neow_costs_skipped_log":["NONE","NONE","NONE"],"gold_per_floor":[116,128,143,161,236,236,268,268,349,374,394,418,432,17,17,91,91,110,130,130,145,145,145,179,179,179,17,51,63,101,133,145,231,243,265,290,302,329,22,52,52,62,89,99,119,147,166,197,197,197,197,197,197,91,121,121],"floor_reached":57,"playtime":8605,"items_purged":["Shame","All Out Attack+1"],"score":2878,"play_id":"811017ad-00b2-4401-9e80-f2d904f8155a","local_time":"20230305172645","falling_options_log":["Defend_G+1","After Image"],"score_breakdown":["Floors Climbed (57): 285","Enemies Slain (17): 34","Exordium Elites Killed (2): 20","City Elites Killed (3): 60","Beyond Elites Killed (3): 90","Bosses Slain (5): 750","Money Money (1084): 25","Librarian: 25","Champion (2): 50","Ascension (20): 1289","Heartbreaker: 250"],"is_ascension_mode":true,"potions_obtained_alchemize":[[],[],[],[],[],[],[],[],[],[],[],[],[],[],[],[],[],[],[],[],[],[],[],[],[],[],[],[],[],[],[],[],[],[],[],[],[],[],[],[],[],[],[],[],[],[],[],[],[],[],[],[],[],[],[],[],[]],"campfire_choices":[{"data":"All Out Attack","floor":6.0,"key":"SMITH"},{"data":"Blade Dance","floor":8.0,"key":"SMITH"},{"data":"Well Laid Plans","floor":15.0,"key":"SMITH"},{"floor":23.0,"key":"REST"},{"data":"Adrenaline","floor":32.0,"key":"SMITH"},{"floor":41,"key":"RECALL"},{"data":"Night Terror","floor":49,"key":"SMITH"},{"data":"Caltrops","floor":53,"key":"SMITH"}],"lesson_learned_per_floor":[[],[],[],[],[],[],[],[],[],[],[],[],[],[],[],[],[],[],[],[],[],[],[],[],[],[],[],[],[],[],[],[],[],[],[],[],[],[],[],[],[],[],[],[],[],[],[],[],[],[],[],[],[],[],[],[],[]],"neow_cost":"TEN_PERCENT_HP_LOSS","improvable_cards":{},"seed_source_timestamp":3690726104242,"shop_contents":[{"floor":14,"relics":["Orichalcum","TwistedFunnel"],"cards":["Masterful Stab","Glass Knife","Dodge and Roll","Backflip","Mind Blast","Secret Weapon"],"potions":["GamblersBrew","GamblersBrew"]},{"floor":22,"relics":["Boot","Ninja Scroll","PrismaticShard"],"cards":["Backstab","Flechettes","Setup","Cloak And Dagger","Accuracy","Mind Blast","Secret Technique"],"potions":["DuplicationPotion","FairyPotion","DistilledChaos"]},{"floor":27,"relics":["Shovel","Dead Branch","Strange Spoon"],"cards":["Flying Knee+1","Poisoned Stab+1","Storm of Steel","Expertise","Infinite Blades","Transmutation"],"potions":["DuplicationPotion","Dexterity Potion"]},{"floor":39,"relics":["Art of War","Anchor"],"cards":["Bane+1","Riddle With Holes+1","Deflect","Dodge and Roll","Mind Blast+1","Secret Technique"],"potions":["Energy Potion","ColorlessPotion","SkillPotion"]},{"floor":54,"relics":["Pear","Akabeko","TheAbacus"],"cards":["All Out Attack+1","Masterful Stab+1","Leg Sweep","Bouncing Flask","Footwork","Blind","Apotheosis"],"potions":["SkillPotion","EntropicBrew"]}],"circlet_count":0,"master_deck":["AscendersBane","Strike_G+1","Strike_G+1","Strike_G+1","Defend_G+1","Defend_G+1","Defend_G+1","Defend_G+1","Survivor","Neutralize","Slice","Backstab","Blade Dance+1","Accuracy","Calculated Gamble","Blade Dance","Well Laid Plans+1","Adrenaline+1","Poisoned Stab+1","Terror","Deflect","Blind","Finisher+1","After Image","PiercingWail","After Image","Blade Dance","PiercingWail+1","Crippling Poison+1","Caltrops+1","Acrobatics+1","Sucker Punch+1","Tactician","Footwork+1","Night Terror+1","Night Terror"],"special_seed":0,"potion_use_per_floor":[[],[],[],[],[],[],["SteroidPotion"],[],[],[],["Strength Potion"],[],[],[],[],["Strength Potion"],[],[],[],[],[],[],[],["SteroidPotion"],[],[],[],[],[],["CunningPotion"],[],[],["ColorlessPotion","FairyPotion"],[],[],[],[],[],[],[],[],[],[],["Weak Potion"],["Dexterity Potion"],["BlessingOfTheForge"],["Poison Potion"],["SteroidPotion"],[],[],[],[],[],[],["SteroidPotion"],["Swift Potion","PowerPotion"],[]],"relics":["Ring of the Serpent","Lizard Tail","Eternal Feather","Toy Ornithopter","Bronze Scales","Mummified Hand","Black Star","Centennial Puzzle","Darkstone Periapt","Molten Egg 2","Gremlin Horn","Snake Skull","MawBank","Nunchaku","Bottled Lightning","Toolbox","Ancient Tea Set","White Beast Statue","Turnip","Omamori","Smiling Mask","Gambling Chip","Happy Flower","Mercury Hourglass"],"potions_floor_usage":[44,45,46,47,48,55,56,56],"damage_taken":[{"damage":0.0,"enemies":"Small Slimes","floor":1.0,"turns":6.0},{"damage":0.0,"enemies":"Jaw Worm","floor":2.0,"turns":5.0},{"damage":4.0,"enemies":"Cultist","floor":3.0,"turns":3.0},{"damage":0.0,"enemies":"2 Fungi Beasts","floor":4.0,"turns":3.0},{"damage":11.0,"enemies":"Gremlin Nob","floor":7.0,"turns":3.0},{"damage":22.0,"enemies":"3 Sentries","floor":10.0,"turns":7.0},{"damage":0.0,"enemies":"Exordium Thugs","floor":11.0,"turns":2.0},{"damage":0.0,"enemies":"Looter","floor":13.0,"turns":1.0},{"damage":15.0,"enemies":"Slime Boss","floor":16.0,"turns":5.0},{"damage":15.0,"enemies":"2 Thieves","floor":18.0,"turns":3.0},{"damage":22.0,"enemies":"Shell Parasite","floor":19.0,"turns":4.0},{"damage":4.0,"enemies":"Centurion and Healer","floor":21.0,"turns":3.0},{"damage":39.0,"enemies":"Book of Stabbing","floor":24.0,"turns":4.0},{"damage":0.0,"enemies":"Gremlin Leader","floor":28.0,"turns":5.0},{"damage":5.0,"enemies":"Book of Stabbing","floor":30.0,"turns":4.0},{"damage":0.0,"enemies":"Snake Plant","floor":31.0,"turns":2.0},{"damage":30.0,"enemies":"Automaton","floor":33.0,"turns":8.0},{"damage":11.0,"enemies":"3 Darklings","floor":35.0,"turns":4.0},{"damage":0.0,"enemies":"Orb Walker","floor":36.0,"turns":3.0},{"damage":3,"enemies":"3 Darklings","floor":38,"turns":4},{"damage":22,"enemies":"Nemesis","floor":40,"turns":5},{"damage":4,"enemies":"4 Shapes","floor":42,"turns":7},{"damage":8,"enemies":"Maw","floor":44,"turns":6},{"damage":2,"enemies":"Jaw Worm Horde","floor":45,"turns":4},{"damage":0,"enemies":"Reptomancer","floor":46,"turns":6},{"damage":0,"enemies":"Sphere and 2 Shapes","floor":47,"turns":5},{"damage":6,"enemies":"Nemesis","floor":48,"turns":9},{"damage":19,"enemies":"Time Eater","floor":50,"turns":15},{"damage":29,"enemies":"Awakened One","floor":51,"turns":16},{"damage":2,"enemies":"Shield and Spear","floor":55,"turns":3},{"damage":68,"enemies":"The Heart","floor":56,"turns":9}],"green_key_taken_log":48,"seed_played":"1276256075838074286","neow_bonus_log":{"cardsObtained":[],"cardsUpgraded":[],"cardsRemoved":["Defend_G","Strike_G"],"cardsTransformed":[],"relicsObtained":[],"maxHpGained":0,"goldGained":0,"damageTaken":0,"goldLost":0,"maxHpLost":6},"potions_obtained":[{"floor":1.0,"key":"SteroidPotion"},{"floor":2.0,"key":"Strength Potion"},{"floor":7.0,"key":"Energy Potion"},{"floor":10.0,"key":"Strength Potion"},{"floor":16.0,"key":"BlessingOfTheForge"},{"floor":21.0,"key":"CunningPotion"},{"floor":28.0,"key":"FairyPotion"},{"floor":30.0,"key":"ColorlessPotion"},{"floor":40,"key":"Weak Potion"},{"floor":42,"key":"PowerPotion"},{"floor":44,"key":"Dexterity Potion"},{"floor":45,"key":"BlessingOfTheForge"},{"floor":46,"key":"Poison Potion"},{"floor":47,"key":"SteroidPotion"},{"floor":55,"key":"Swift Potion"}],"is_trial":false,"path_per_floor":["M","M","M","M","?","R","E","R","T","E","M","T","M","$","R","B",null,"M","M","?","M","$","R","E","?","T","$","E","?","E","M","R","B",null,"M","M","?","M","$","E","R","M","T","M","M","E","M","E","R","B","B",null,"R","$","E","B",null],"character_chosen":"THE_SILENT","basemod:card_modifiers":[null,null,null,null,null,null,null,null,null,null,null,null,null,null,null,null,null,null,null,null,null,null,null,null,null,null,null,null,null,null,null,null,null,null,null,null],"items_purchased":["Well Laid Plans","Mummified Hand","SteroidPotion","AttackPotion","Blind","Toolbox","Caltrops","SteroidPotion"],"campfire_rested":1,"item_purchase_floors":[14,14,14,27,27,39,39,54],"current_hp_per_floor":[59,59,55,55,44,44,33,33,33,11,16,16,16,16,25,15,49,34,12,12,8,8,38,4,10,10,10,10,10,10,10,25,19,54,43,43,43,40,40,18,36,32,32,29,32,37,42,41,62,43,14,53,66,66,64,6],"gold":121,"neow_bonus":"REMOVE_TWO","is_prod":false,"is_daily":false,"rewards_skipped":[{"floor":3,"relics":[],"potions":["Poison Potion"]}],"chose_seed":false,"campfire_upgraded":6,"win_rate":0,"floor_exit_playtime":[195,269,305,394,400,407,512,525,529,634,728,767,800,916,926,1063,1104,1199,1316,1333,1397,1505,1523,1775,1805,1872,1939,2124,2130,2567,2615,2657,3034,3216,3393,3547,3552,3751,3945,4090,4099,4352,4379,4518,4686,4904,5134,5410,5439,5844,6599,6613,6665,6989,7829,8605],"timestamp":1678055205,"blue_key_relic_skipped_log":{"floor":43,"relicID":"Pen Nib"},"path_taken":["M","M","M","M","?","R","E","R","T","E","M","?","?","$","R","BOSS","M","?","?","M","?","R","E","?","T","$","E","?","E","M","R","BOSS","M","M","?","M","$","E","R","M","T","M","M","E","M","E","R","BOSS","BOSS","R","$","E","BOSS"],"build_version":"2022-12-18","purchased_purges":2,"victory":true,"max_hp_per_floor":[60,60,60,60,60,60,60,60,60,60,60,60,60,60,60,60,60,60,60,60,60,60,60,60,66,66,66,66,66,66,66,66,66,66,66,66,66,66,66,66,66,66,66,66,66,66,66,66,66,66,66,66,66,66,66,66],"relic_stats":{"Darkstone Periapt":6,"Gremlin Horn":[30,30],"Happy Flower":[3],"counters":[31,164],"Eternal Feather":88,"Snake Skull":[36],"Omamori":0,"MawBank":132,"Ancient Tea Set":[6],"Smiling Mask":50,"White Beast Statue":[0.0,0.0,0.0,0.4,0.0,0.6000000000000001,0.0,0.0,0.0,0.0,0.0,3.7689280000000007],"Mercury Hourglass":[24],"Lizard Tail":0,"Centennial Puzzle":[39],"Nunchaku":[39],"Mummified Hand":[106],"Bronze Scales":[475],"Gambling Chip":[15],"Turnip":[8],"Black Star":7,"Bottled Lightning":"Adrenaline","obtain_stats":[{"Darkstone Periapt":24,"Gremlin Horn":26,"Snake Skull":28,"Ancient Tea Set":40,"Smiling Mask":48,"Lizard Tail":7,"Centennial Puzzle":24,"Nunchaku":30,"Mummified Hand":14,"Gambling Chip":48,"Toolbox":39,"Ring of the Snake":0,"Happy Flower":55,"Eternal Feather":9,"Omamori":46,"MawBank":28,"White Beast Statue":40,"Mercury Hourglass":55,"Bronze Scales":12,"Molten Egg 2":25,"Turnip":46,"Black Star":17,"Bottled Lightning":30,"Toy Ornithopter":10,"Ring of the Serpent":34},{"Darkstone Periapt":13,"Gremlin Horn":13,"Snake Skull":14,"Ancient Tea Set":21,"Smiling Mask":27,"Lizard Tail":5,"Centennial Puzzle":13,"Nunchaku":15,"Mummified Hand":8,"Gambling Chip":27,"Toolbox":20,"Ring of the Snake":0,"Happy Flower":30,"Eternal Feather":5,"Omamori":25,"MawBank":14,"White Beast Statue":21,"Mercury Hourglass":30,"Bronze Scales":7,"Molten Egg 2":13,"Turnip":25,"Black Star":9,"Bottled Lightning":15,"Toy Ornithopter":6,"Ring of the Serpent":17},{"Darkstone Periapt":49,"Gremlin Horn":49,"Snake Skull":54,"Ancient Tea Set":84,"Smiling Mask":121,"Lizard Tail":20,"Centennial Puzzle":49,"Nunchaku":58,"Mummified Hand":30,"Gambling Chip":121,"Toolbox":79,"Ring of the Snake":0,"Happy Flower":155,"Eternal Feather":20,"Omamori":107,"MawBank":54,"White Beast Statue":84,"Mercury Hourglass":155,"Bronze Scales":29,"Molten Egg 2":49,"Turnip":107,"Black Star":35,"Bottled Lightning":58,"Toy Ornithopter":27,"Ring of the Serpent":68}],"Toy Ornithopter":60},"card_choices":[{"not_picked":["Bouncing Flask","Acrobatics"],"picked":"Slice","floor":1.0},{"not_picked":["Dagger Throw","Choke"],"picked":"All Out Attack","floor":2.0},{"not_picked":["Acrobatics","Dodge and Roll"],"picked":"Backstab","floor":3.0},{"not_picked":["Die Die Die","Noxious Fumes"],"picked":"Blade Dance","floor":4.0},{"not_picked":["Choke","Infinite Blades"],"picked":"Accuracy","floor":7.0},{"not_picked":["Bane","Dagger Spray"],"picked":"Calculated Gamble","floor":10.0},{"not_picked":["Deflect","Deadly Poison","Dodge and Roll"],"picked":"SKIP","floor":11.0},{"not_picked":["Eviscerate","Dagger Spray"],"picked":"Blade Dance","floor":13.0},{"not_picked":["Burst","A Thousand Cuts"],"picked":"Adrenaline","floor":16.0},{"not_picked":["Blur","Quick Slash","Poisoned Stab"],"picked":"SKIP","floor":18.0},{"not_picked":["Backflip","Concentrate"],"picked":"Poisoned Stab+1","floor":19.0},{"not_picked":["Deflect","Blade Dance","Deadly Poison","Noxious Fumes","Backflip","Prepared","Dodge and Roll","Heel Hook","PiercingWail","Slice","Predator","Dagger Spray","Accuracy","Outmaneuver","Eviscerate","Infinite Blades","Dagger Throw","Cloak And Dagger","Sucker Punch"],"picked":"Terror","floor":20.0},{"not_picked":["Skewer","Dash"],"picked":"Deflect","floor":21.0},{"not_picked":["Poisoned Stab","Catalyst","Dagger Spray"],"picked":"SKIP","floor":24.0},{"not_picked":["Quick Slash+1","Slice+1"],"picked":"Finisher+1","floor":28.0},{"not_picked":["Backflip","Calculated Gamble"],"picked":"After Image","floor":30.0},{"not_picked":["Flying Knee+1","Bane+1"],"picked":"PiercingWail","floor":31.0},{"not_picked":["Bullet Time","Tools of the Trade"],"picked":"After Image","floor":33.0},{"not_picked":["Underhanded Strike+1","Backstab+1"],"picked":"Blade Dance","floor":35.0},{"not_picked":["Sucker Punch+1","Blade Dance"],"picked":"PiercingWail+1","floor":36},{"not_picked":["Deadly Poison","Blade Dance"],"picked":"Crippling Poison+1","floor":38},{"not_picked":["Heel Hook+1","Quick Slash+1"],"picked":"Acrobatics+1","floor":40},{"not_picked":["Slice+1","Dagger Throw+1"],"picked":"Sucker Punch+1","floor":42},{"not_picked":["Deadly Poison","Dagger Throw+1","Slice+1"],"picked":"SKIP","floor":44},{"not_picked":["Deadly Poison","Dagger Throw+1","Slice+1"],"picked":"SKIP","floor":44},{"not_picked":["Blade Dance+1","Riddle With Holes+1"],"picked":"Tactician","floor":45},{"not_picked":["Accuracy","Crippling Poison"],"picked":"Footwork+1","floor":46},{"not_picked":["Crippling Poison","Well Laid Plans","Bane+1"],"picked":"SKIP","floor":47},{"not_picked":["Crippling Poison","Well Laid Plans","Bane+1"],"picked":"SKIP","floor":47},{"not_picked":["Concentrate","Skewer+1"],"picked":"Night Terror","floor":48},{"not_picked":["Riddle With Holes+1","Outmaneuver"],"picked":"Night Terror","floor":55}],"player_experience":5262758,"relics_obtained":[{"floor":7.0,"key":"Lizard Tail"},{"floor":9.0,"key":"Eternal Feather"},{"floor":10.0,"key":"Toy Ornithopter"},{"floor":12.0,"key":"Bronze Scales"},{"floor":24.0,"key":"Centennial Puzzle"},{"floor":24.0,"key":"Darkstone Periapt"},{"floor":26.0,"key":"Gremlin Horn"},{"floor":28.0,"key":"Snake Skull"},{"floor":28.0,"key":"MawBank"},{"floor":30.0,"key":"Nunchaku"},{"floor":30.0,"key":"Bottled Lightning"},{"floor":40,"key":"Ancient Tea Set"},{"floor":40,"key":"White Beast Statue"},{"floor":46,"key":"Turnip"},{"floor":46,"key":"Omamori"},{"floor":48,"key":"Smiling Mask"},{"floor":48,"key":"Gambling Chip"},{"floor":55,"key":"Happy Flower"},{"floor":55,"key":"Mercury Hourglass"}],"event_choices":[{"damage_healed":0.0,"max_hp_gain":0.0,"max_hp_loss":0.0,"gold_gain":75.0,"event_name":"World of Goop","player_choice":"Gather Gold","floor":5.0,"gold_loss":0.0,"damage_taken":11.0},{"damage_healed":0.0,"max_hp_gain":0.0,"max_hp_loss":0.0,"gold_gain":0.0,"event_name":"The Library","player_choice":"Read","floor":20.0,"gold_loss":0.0,"damage_taken":0.0,"cards_obtained":["Terror"]},{"damage_healed":0.0,"max_hp_gain":0.0,"max_hp_loss":0.0,"gold_gain":0.0,"event_name":"Addict","player_choice":"Stole Relic","floor":25.0,"gold_loss":0.0,"damage_taken":0.0,"relics_obtained":["Molten Egg 2"],"cards_obtained":["Shame"]},{"damage_healed":0.0,"max_hp_gain":0.0,"max_hp_loss":0.0,"gold_gain":0.0,"event_name":"Back to Basics","player_choice":"Simplicity","floor":29.0,"gold_loss":0.0,"damage_taken":0.0,"cards_upgraded":["Strike_G","Strike_G","Strike_G","Strike_G","Defend_G","Defend_G","Defend_G","Defend_G"]},{"cards_removed":["Strike_G"],"damage_healed":0,"gold_gain":0,"player_choice":"Removed Attack","damage_taken":0,"max_hp_gain":0,"max_hp_loss":0,"event_name":"Falling","floor":37,"gold_loss":0}],"is_beta":false,"boss_relics":[{"not_picked":["SacredBark","Velvet Choker"],"picked":"Black Star"},{"not_picked":["WristBlade","Astrolabe"],"picked":"Ring of the Serpent"}],"items_purged_floors":[39,54],"is_endless":false,"potions_floor_spawned":[1,2,3,7,10,16,21,28,30,40,42,44,45,46,47,55],"ascension_level":20,"potion_discard_per_floor":[[],[],[],[],[],[],[],[],[],["Energy Potion"],[],[],[],[],[],[],[],[],[],[],["BlessingOfTheForge"],[],[],[],[],[],[],["AttackPotion"],[],[],[],[],[],[],[],[],[],[],[],[],[],[],[],[],[],[],[],[],[],[],[],[],[],[],[],[],[]]}