{"neow_bonuses_skipped_log":["UPGRADE_CARD","TWENTY_PERCENT_HP_BONUS","BOSS_RELIC"],"potions_obtained_entropic_brew":[[],[],[],[],[],[],[],[],[],[],[],[],[],[],[],[],[],[],[],[],[],[],[],[],[],[],[],[],[]],"neow_costs_skipped_log":["NONE","NO_GOLD","NONE"],"gold_per_floor":[109,126,141,141,66,98,98,128,128,128,143,143,143,156,156,230,230,247,247,266,276,13,13,13,13,37,37,37,37],"floor_reached":29,"playtime":3947,"items_purged":["Regret"],"score":462,"play_id":"6ce30e2e-575b-4f62-a15b-f72fe2d1697e","local_time":"20230306182242","score_breakdown":["Floors Climbed (29): 145","Enemies Slain (8): 16","Exordium Elites Killed (2): 20","City Elites Killed (0): 0","Bosses Slain (1): 50","Ascension (20): 231"],"is_ascension_mode":true,"potions_obtained_alchemize":[[],[],[],[],[],[],[],[],[],[],[],[],[],[],[],[],[],[],[],[],[],[],[],[],[],[],[],[],[]],"campfire_choices":[{"data":"Dagger Spray","floor":7,"key":"SMITH"},{"data":"Noxious Fumes","floor":10,"key":"SMITH"},{"data":"Masterful Stab","floor":13,"key":"SMITH"},{"floor":15,"key":"REST"},{"data":"Night Terror","floor":23,"key":"SMITH"},{"floor":25,"key":"REST"}],"lesson_learned_per_floor":[[],[],[],[],[],[],[],[],[],[],[],[],[],[],[],[],[],[],[],[],[],[],[],[],[],[],[],[],[]],"neow_cost":"NONE","improvable_cards":{"RitualDagger":[15]},"seed_source_timestamp":27306668704095,"shop_contents":[{"floor":5,"relics":["Potion Belt","Shuriken","TwistedFunnel"],"cards":["Dagger Throw","Riddle With Holes","Backflip","Deadly Poison","Caltrops","Discovery","Metamorphosis"],"potions":["Swift Potion","PowerPotion","Explosive Potion"]},{"floor":22,"relics":["Strawberry","Incense Burner","Medical Kit"],"cards":["Backstab","Dagger Spray","Cloak And Dagger","Accuracy+1","Trip"],"potions":["CunningPotion","Strength Potion","Explosive Potion"]},{"floor":24,"relics":["Pocketwatch","Blue Candle","Sling"],"cards":["Slice","Quick Slash","Setup","Cloak And Dagger","Footwork+1","Mind Blast","Sadistic Nature+1"],"potions":["GhostInAJar","LiquidBronze","GamblersBrew"]}],"circlet_count":0,"master_deck":["AscendersBane","Strike_G","Strike_G","Strike_G","Strike_G","Defend_G","Defend_G","Defend_G","Defend_G","Survivor","Neutralize","Masterful Stab+1","Dagger Spray+1","Noxious Fumes+1","Bullet Time","Well Laid Plans+1","Dagger Throw","Footwork+1","Night Terror+1","Outmaneuver","Catalyst","Endless Agony+1","Deflect","Secret Technique","RitualDagger"],"potion_use_per_floor":[[],[],[],[],[],["Poison Potion"],[],["CultistPotion"],[],[],[],[],[],[],[],[],[],[],[],[],["Block Potion"],[],[],[],[],[],[],[],["Block Potion"]],"relics":["Ring of the Snake","Orichalcum","Pear","Frozen Egg 2","Singing Bowl","Runic Pyramid","Happy Flower"],"potions_floor_usage":[6,8,21,29],"damage_taken":[{"damage":1,"enemies":"Small Slimes","floor":1,"turns":5},{"damage":0,"enemies":"Jaw Worm","floor":2,"turns":3},{"damage":0,"enemies":"Cultist","floor":3,"turns":4},{"damage":24,"enemies":"Lagavulin","floor":6,"turns":6},{"damage":20,"enemies":"Gremlin Nob","floor":8,"turns":4},{"damage":0,"enemies":"Red Slaver","floor":11,"turns":3},{"damage":0,"enemies":"Blue Slaver","floor":14,"turns":1},{"damage":32,"enemies":"Slime Boss","floor":16,"turns":10},{"damage":4,"enemies":"Chosen","floor":18,"turns":6},{"damage":12,"enemies":"2 Thieves","floor":20,"turns":4},{"damage":17,"enemies":"Cultist and Chosen","floor":21,"turns":7},{"damage":42,"enemies":"Book of Stabbing","floor":29,"turns":7}],"seed_played":"1590115542408925679","neow_bonus_log":{"cardsObtained":[],"cardsUpgraded":[],"cardsRemoved":[],"cardsTransformed":[],"relicsObtained":[],"maxHpGained":0,"goldGained":0,"damageTaken":0,"goldLost":0,"maxHpLost":0},"potions_obtained":[{"floor":0,"key":"CultistPotion"},{"floor":0,"key":"Poison Potion"},{"floor":6,"key":"SmokeBomb"},{"floor":11,"key":"Block Potion"},{"floor":16,"key":"Block Potion"},{"floor":21,"key":"Energy Potion"}],"is_trial":false,"path_per_floor":["M","M","M","?","$","E","R","E","T","R","M","?","R","M","R","B",null,"M","?","M","M","$","R","$","R","T","?","?","E"],"character_chosen":"THE_SILENT","basemod:card_modifiers":[null,null,null,null,null,null,null,null,null,null,null,null,null,null,null,null,null,null,null,null,null,null,null,null,null],"items_purchased":["Deflect","Secret Technique"],"campfire_rested":2,"item_purchase_floors":[22,22],"current_hp_per_floor":[58,58,58,58,58,44,44,24,24,24,24,17,17,17,39,7,59,55,55,43,26,26,26,26,48,48,42,36,0],"gold":37,"neow_bonus":"THREE_SMALL_POTIONS","is_prod":false,"is_daily":false,"rewards_skipped":[{"floor":0,"relics":[],"potions":["BlessingOfTheForge"]},{"floor":1,"relics":[],"potions":["PowerPotion"]}],"chose_seed":false,"campfire_upgraded":4,"win_rate":0,"floor_exit_playtime":[925,985,1027,1048,1092,1285,1304,1411,1418,1430,1485,1491,1509,1536,1540,1787,1926,2090,2099,2211,2598,2657,2715,2773,2777,2780,2818,2846],"timestamp":1678144962,"path_taken":["M","M","M","?","$","E","R","E","T","R","M","?","R","M","R","BOSS","M","?","?","M","$","R","?","R","T","?","?","E"],"build_version":"2022-12-18","purchased_purges":1,"victory":false,"max_hp_per_floor":[66,66,66,66,66,76,76,76,76,76,76,76,76,76,76,76,76,76,76,76,76,76,76,76,76,76,76,76,76],"relic_stats":{"Singing Bowl":0,"Happy Flower":[2],"counters":[12,60],"Orichalcum":[114],"obtain_stats":[{"Pear":6,"Singing Bowl":9,"Happy Flower":26,"Orichalcum":4,"Frozen Egg 2":8,"Ring of the Snake":0,"Runic Pyramid":17},{"Pear":4,"Singing Bowl":5,"Happy Flower":11,"Orichalcum":3,"Frozen Egg 2":5,"Ring of the Snake":0,"Runic Pyramid":8},{"Pear":18,"Singing Bowl":22,"Happy Flower":53,"Orichalcum":12,"Frozen Egg 2":22,"Ring of the Snake":0,"Runic Pyramid":36}],"Ring of the Snake":[24]},"card_choices":[{"not_picked":["Endless Agony","Choke"],"picked":"Masterful Stab","floor":1},{"not_picked":["Underhanded Strike","Quick Slash"],"picked":"Dagger Spray","floor":2},{"not_picked":["All Out Attack","Deadly Poison"],"picked":"Noxious Fumes","floor":3},{"not_picked":["Quick Slash","Flying Knee"],"picked":"Bullet Time","floor":6},{"not_picked":["Acrobatics","Poisoned Stab"],"picked":"Well Laid Plans+1","floor":8},{"not_picked":["Deadly Poison","Quick Slash"],"picked":"Dagger Throw","floor":11},{"not_picked":["Distraction","Dash"],"picked":"Footwork+1","floor":14},{"not_picked":["Burst","Storm of Steel"],"picked":"Night Terror","floor":16},{"not_picked":["All Out Attack","Masterful Stab+1"],"picked":"Outmaneuver","floor":18},{"not_picked":["Dodge and Roll","Dagger Throw"],"picked":"Catalyst","floor":20},{"not_picked":["Caltrops+1","Slice"],"picked":"Endless Agony+1","floor":21}],"player_experience":5271363,"relics_obtained":[{"floor":6,"key":"Pear"},{"floor":8,"key":"Frozen Egg 2"},{"floor":9,"key":"Singing Bowl"},{"floor":26,"key":"Happy Flower"}],"event_choices":[{"damage_healed":0,"gold_gain":0,"player_choice":"Box","damage_taken":0,"relics_obtained":["Orichalcum"],"max_hp_gain":0,"max_hp_loss":0,"event_name":"Big Fish","floor":4,"gold_loss":0,"cards_obtained":["Regret"]},{"cards_removed":["Defend_G"],"damage_healed":0,"gold_gain":0,"player_choice":"Card Removal","damage_taken":7,"max_hp_gain":0,"max_hp_loss":0,"event_name":"Golden Wing","floor":12,"gold_loss":0},{"cards_removed":["Strike_G"],"damage_healed":0,"gold_gain":0,"player_choice":"Purged","damage_taken":0,"max_hp_gain":0,"max_hp_loss":0,"event_name":"Purifier","floor":19,"gold_loss":0},{"damage_healed":0,"gold_gain":0,"player_choice":"Joined the Cult","damage_taken":6,"max_hp_gain":0,"max_hp_loss":0,"event_name":"Nest","floor":27,"gold_loss":0,"cards_obtained":["RitualDagger"]},{"damage_healed":0,"gold_gain":0,"player_choice":"","damage_taken":6,"max_hp_gain":0,"max_hp_loss":0,"event_name":"Knowing Skull","floor":28,"potions_obtained":[],"gold_loss":0,"cards_obtained":[]}],"is_beta":false,"boss_relics":[{"not_picked":["Velvet Choker","Ring of the Serpent"],"picked":"Runic Pyramid"}],"items_purged_floors":[5],"is_endless":false,"potions_floor_spawned":[1,6,11,16,21],"killed_by":"Book of Stabbing","ascension_level":20,"potion_discard_per_floor":[[],[],[],[],[],[],[],[],[],[],[],[],[],[],[],["SmokeBomb"],[],[],[],[],[],[],[],[],[],[],[],[],[]]}