{"neow_bonuses_skipped_log":["RANDOM_COLORLESS","THREE_ENEMY_KILL","BOSS_RELIC"],"neow_costs_skipped_log":["NONE","NONE","NONE"],"potions_obtained_entropic_brew":[[],[],[],[],[],[],[],[],[],[],[],[],[],[],[],[],[],[],[],[],[],[],[],[],[],[],[],[],[],[],[],[],[],[],[],[],[],[],[],[],[],[],[],[],[],[],[],[],[],[],[],[],[],[],[],[],[]],"gold_per_floor":[12,12,31,50,50,50,75,104,128,156,174,205,205,219,219,315,315,329,254,267,86,136,179,179,223,300,334,459,123,156,170,170,266,266,279,129,150,483,483,513,533,533,559,589,589,599,617,663,663,663,663,663,663,102,135,135],"floor_reached":57,"playtime":6999,"items_purged":["Strike_G","Defend_G","Defend_G","Defend_G","Defend_G"],"score":3237,"play_id":"de38f0b1-a0a6-44b5-abed-60833cd3398b","local_time":"20230308170120","score_breakdown":["Floors Climbed (57): 285","Enemies Slain (13): 26","Exordium Elites Killed (3): 30","City Elites Killed (4): 80","Beyond Elites Killed (2): 60","Bosses Slain (5): 750","Money Money (1538): 25","Champion (5): 125","Perfect (2): 100","C-c-c-combo: 25","Ascension (20): 1481","Heartbreaker: 250"],"is_ascension_mode":true,"potions_obtained_alchemize":[[],[],[],[],[],[],[],[],[],[],[],[],[],[],[],[],[],[],[],[],[],[],[],[],[],[],[],[],[],[],[],[],[],[],[],[],[],[],[],[],[],[],[],[],[],[],[],[],[],[],[],[],[],[],[],[],[]],"campfire_choices":[{"data":"Crippling Poison","floor":6,"key":"SMITH"},{"data":"Glass Knife","floor":15,"key":"SMITH"},{"data":"Underhanded Strike","floor":24,"key":"SMITH"},{"data":"Well Laid Plans","floor":32,"key":"SMITH"},{"floor":42,"key":"RECALL"},{"data":"Reflex","floor":45,"key":"SMITH"},{"data":"Burst","floor":49,"key":"SMITH"},{"data":"After Image","floor":53,"key":"SMITH"}],"lesson_learned_per_floor":[[],[],[],[],[],[],[],[],[],[],[],[],[],[],[],[],[],[],[],[],[],[],[],[],[],[],[],[],[],[],[],[],[],[],[],[],[],[],[],[],[],[],[],[],[],[],[],[],[],[],[],[],[],[],[],[],[]],"neow_cost":"NO_GOLD","improvable_cards":{},"seed_source_timestamp":15963067641199,"shop_contents":[{"floor":19,"relics":["CeramicFish","MealTicket","Medical Kit"],"cards":["All Out Attack","Slice","Distraction","Outmaneuver","Footwork","PanicButton","Violence"],"potions":["Energy Potion","Strength Potion","Block Potion"]},{"floor":21,"relics":["Oddly Smooth Stone","Bag of Marbles","Chemical X"],"cards":["Finisher","Backstab","Bouncing Flask","Terror","Flash of Steel","Mayhem"],"potions":["SteroidPotion","AttackPotion","Swift Potion"]},{"floor":29,"relics":["Orichalcum","Lantern","PrismaticShard"],"cards":["Dagger Spray","Flying Knee","Prepared+1","PiercingWail+1","Well Laid Plans","Deep Breath+1"],"potions":["Dexterity Potion","FearPotion","Weak Potion"]},{"floor":36,"relics":["Eternal Feather","Gremlin Horn","DollysMirror"],"cards":["Sucker Punch","Bane","Doppelganger+1","Prepared+1","Footwork","Mind Blast","Apotheosis+1"],"potions":["Poison Potion","AttackPotion","Weak Potion"]},{"floor":54,"relics":["Ninja Scroll"],"cards":["Choke","Quick Slash","Escape Plan+1","Bouncing Flask+1","Caltrops","Finesse+1","Metamorphosis+1"],"potions":["Ancient Potion","FairyPotion"]}],"circlet_count":0,"master_deck":["AscendersBane","Survivor","Neutralize","Predator+1","Malaise","Calculated Gamble","Crippling Poison+1","Calculated Gamble","Acrobatics","Reflex+1","PiercingWail","Burst+1","Calculated Gamble+1","Outmaneuver+1","Skewer+1","Prepared+1","PiercingWail+1","After Image+1","Underhanded Strike+1","Well Laid Plans+1","Secret Technique+1","PiercingWail+1","Grand Finale","Prepared+1","Backflip+1","Backflip+1","Adrenaline+1","Terror+1"],"potion_use_per_floor":[[],[],[],[],[],[],[],["AttackPotion"],[],[],[],[],[],[],[],[],[],[],[],[],[],[],[],[],["Energy Potion"],[],[],[],[],[],[],[],[],[],[],[],[],[],[],[],[],[],[],[],[],[],[],[],[],[],[],[],[],[],[],["Dexterity Potion","Energy Potion"],[]],"relics":["Ring of the Snake","Odd Mushroom","PreservedInsect","Mummified Hand","Letter Opener","Astrolabe","Nunchaku","Dream Catcher","Matryoshka","Happy Flower","Ice Cream","Toxic Egg 2","Art of War","Coffee Dripper","Strawberry","Toy Ornithopter","Anchor","Bag of Preparation","Incense Burner","TheAbacus","Blood Vial","StoneCalendar"],"potions_floor_usage":[8,25,56,56],"damage_taken":[{"damage":4,"enemies":"Jaw Worm","floor":1,"turns":3},{"damage":0,"enemies":"Small Slimes","floor":3,"turns":3},{"damage":1,"enemies":"2 Louse","floor":4,"turns":3},{"damage":0,"enemies":"The Mushroom Lair","floor":7,"turns":4},{"damage":7,"enemies":"3 Sentries","floor":8,"turns":9},{"damage":18,"enemies":"Gremlin Nob","floor":10,"turns":4},{"damage":0,"enemies":"Looter","floor":11,"turns":3},{"damage":16,"enemies":"3 Sentries","floor":12,"turns":7},{"damage":0,"enemies":"Large Slime","floor":14,"turns":4},{"damage":7,"enemies":"The Guardian","floor":16,"turns":16},{"damage":3,"enemies":"2 Thieves","floor":18,"turns":4},{"damage":0,"enemies":"3 Byrds","floor":20,"turns":3},{"damage":0,"enemies":"Gremlin Leader","floor":23,"turns":3},{"damage":0,"enemies":"Slavers","floor":25,"turns":3},{"damage":14,"enemies":"Book of Stabbing","floor":27,"turns":7},{"damage":9,"enemies":"Colosseum Slavers","floor":28,"turns":3},{"damage":7,"enemies":"Colosseum Nobs","floor":28,"turns":5},{"damage":0,"enemies":"Gremlin Leader","floor":30,"turns":3},{"damage":0,"enemies":"Centurion and Healer","floor":31,"turns":12},{"damage":0,"enemies":"Collector","floor":33,"turns":9},{"damage":0,"enemies":"3 Darklings","floor":35,"turns":3},{"damage":0,"enemies":"Orb Walker","floor":37,"turns":3},{"damage":10,"enemies":"Reptomancer","floor":40,"turns":6},{"damage":0,"enemies":"3 Darklings","floor":41,"turns":3},{"damage":0,"enemies":"Nemesis","floor":44,"turns":5},{"damage":0,"enemies":"4 Shapes","floor":46,"turns":4},{"damage":0,"enemies":"Spire Growth","floor":47,"turns":3},{"damage":0,"enemies":"2 Orb Walkers","floor":48,"turns":3},{"damage":11,"enemies":"Time Eater","floor":50,"turns":11},{"damage":0,"enemies":"Donu and Deca","floor":51,"turns":5},{"damage":0,"enemies":"Shield and Spear","floor":55,"turns":6},{"damage":1,"enemies":"The Heart","floor":56,"turns":6}],"green_key_taken_log":44,"seed_played":"-3894185292192340711","neow_bonus_log":{"cardsObtained":["Predator","Malaise"],"cardsUpgraded":[],"cardsRemoved":[],"cardsTransformed":["Defend_G","Strike_G"],"relicsObtained":[],"maxHpGained":0,"goldGained":0,"damageTaken":0,"goldLost":99,"maxHpLost":0},"potions_obtained":[{"floor":1,"key":"Dexterity Potion"},{"floor":3,"key":"Energy Potion"},{"floor":7,"key":"AttackPotion"},{"floor":10,"key":"Weak Potion"},{"floor":12,"key":"SkillPotion"},{"floor":27,"key":"LiquidBronze"},{"floor":33,"key":"LiquidBronze"},{"floor":35,"key":"ColorlessPotion"},{"floor":44,"key":"SkillPotion"},{"floor":47,"key":"Dexterity Potion"}],"is_trial":false,"path_per_floor":["M","?","M","M","?","R","?","E","T","E","M","E","?","M","R","B",null,"M","$","M","$","?","E","R","E","T","E","?","$","E","M","R","B",null,"M","$","M","?","?","E","M","R","T","E","R","M","M","?","R","B","B",null,"R","$","E","B",null],"character_chosen":"THE_SILENT","basemod:card_modifiers":[null,null,null,null,null,null,null,null,null,null,null,null,null,null,null,null,null,null,null,null,null,null,null,null,null,null,null,null],"items_purchased":["After Image","Secret Technique+1","TheAbacus","Blood Vial","Energy Potion"],"campfire_rested":0,"item_purchase_floors":[21,29,54,54,54],"current_hp_per_floor":[55,55,55,54,59,59,59,52,52,34,34,18,18,18,18,11,51,48,48,48,48,48,48,48,48,48,34,18,18,18,18,18,18,53,53,53,53,53,74,71,71,71,71,71,71,71,71,71,71,60,60,76,76,76,78,81],"gold":135,"neow_bonus":"TRANSFORM_TWO_CARDS","is_prod":false,"is_daily":false,"rewards_skipped":[{"floor":20,"relics":[],"potions":["FearPotion"]},{"floor":30,"relics":[],"potions":["Explosive Potion"]},{"floor":31,"relics":[],"potions":["BlessingOfTheForge"]},{"floor":40,"relics":[],"potions":["Regen Potion"]},{"floor":46,"relics":[],"potions":["ColorlessPotion"]}],"chose_seed":false,"campfire_upgraded":7,"win_rate":0,"floor_exit_playtime":[172,232,296,370,375,383,477,666,674,776,815,986,991,1075,1081,1359,1490,1602,1647,1767,2096,2121,2342,2379,2529,2546,2654,3099,3203,3375,3752,3758,4169,4212,4368,4429,4555,4559,4568,4810,4963,4967,4972,5114,5132,5207,5363,5516,5542,5916,6222,6240,6261,6342,6589,6999],"timestamp":1678312880,"blue_key_relic_skipped_log":{"floor":9,"relicID":"Tiny Chest"},"path_taken":["M","?","M","M","?","R","?","E","T","E","M","E","?","M","R","BOSS","M","$","M","$","?","E","R","E","T","E","?","$","E","M","R","BOSS","M","$","M","?","?","E","M","R","T","E","R","?","M","?","R","BOSS","BOSS","R","$","E","BOSS"],"build_version":"2022-12-18","purchased_purges":5,"victory":true,"max_hp_per_floor":[66,66,66,66,71,71,71,71,71,71,71,71,64,64,64,64,64,64,64,64,64,64,64,64,64,64,64,64,64,64,64,64,64,64,64,64,64,64,74,81,81,81,81,81,81,81,81,81,81,81,81,81,81,81,81,81],"relic_stats":{"Ice Cream":[378],"Happy Flower":[30],"counters":[32,166],"Astrolabe":["Calculated Gamble","Outmaneuver","Skewer"],"StoneCalendar":[0],"PreservedInsect":461,"Bag of Preparation":[14],"Letter Opener":[1057],"Blood Vial":4,"Nunchaku":[15],"Dream Catcher":0,"Matryoshka":1,"TheAbacus":[78],"Mummified Hand":[38],"Art of War":[26],"obtain_stats":[{"Ice Cream":28,"Happy Flower":27,"Golden Idol":13,"Astrolabe":17,"StoneCalendar":55,"PreservedInsect":8,"Bag of Preparation":44,"Incense Burner":48,"Letter Opener":12,"Odd Mushroom":7,"Blood Vial":54,"Nunchaku":23,"Dream Catcher":25,"Anchor":43,"Matryoshka":26,"TheAbacus":54,"Mummified Hand":10,"Strawberry":40,"Art of War":30,"Coffee Dripper":34,"Toxic Egg 2":28,"Toy Ornithopter":43,"Ring of the Snake":0},{"Ice Cream":17,"Happy Flower":15,"Golden Idol":8,"Astrolabe":10,"StoneCalendar":31,"PreservedInsect":5,"Bag of Preparation":25,"Incense Burner":28,"Letter Opener":8,"Odd Mushroom":4,"Blood Vial":30,"Nunchaku":13,"Dream Catcher":14,"Anchor":24,"Matryoshka":14,"TheAbacus":30,"Mummified Hand":6,"Strawberry":23,"Art of War":18,"Coffee Dripper":20,"Toxic Egg 2":17,"Toy Ornithopter":24,"Ring of the Snake":0},{"Ice Cream":84,"Happy Flower":76,"Golden Idol":36,"Astrolabe":56,"StoneCalendar":160,"PreservedInsect":22,"Bag of Preparation":128,"Incense Burner":138,"Letter Opener":36,"Odd Mushroom":13,"Blood Vial":154,"Nunchaku":66,"Dream Catcher":69,"Anchor":123,"Matryoshka":69,"TheAbacus":154,"Mummified Hand":26,"Strawberry":120,"Art of War":87,"Coffee Dripper":108,"Toxic Egg 2":84,"Toy Ornithopter":123,"Ring of the Snake":0}],"Toy Ornithopter":2,"Ring of the Snake":[64]},"card_choices":[{"not_picked":["Reflex","Deflect"],"picked":"Calculated Gamble","floor":1},{"not_picked":["Calculated Gamble","Dagger Throw"],"picked":"Crippling Poison","floor":3},{"not_picked":["Prepared","Choke"],"picked":"Calculated Gamble","floor":4},{"not_picked":["Choke","Prepared"],"picked":"Acrobatics","floor":7},{"not_picked":["Riddle With Holes","Slice"],"picked":"Reflex","floor":8},{"not_picked":["Cloak And Dagger","Choke"],"picked":"Glass Knife","floor":10},{"not_picked":["Dagger Spray","Deadly Poison"],"picked":"PiercingWail","floor":11},{"not_picked":["Choke","Blur","Dodge and Roll"],"picked":"SKIP","floor":12},{"not_picked":["Flechettes","Bane","Deadly Poison"],"picked":"SKIP","floor":14},{"not_picked":["Envenom","Night Terror"],"picked":"Burst","floor":16},{"not_picked":["Calculated Gamble","Underhanded Strike"],"picked":"Prepared+1","floor":18},{"not_picked":["Sucker Punch","Deadly Poison"],"picked":"PiercingWail+1","floor":20},{"not_picked":["Dagger Spray","Prepared"],"picked":"Underhanded Strike","floor":23},{"not_picked":["Noxious Fumes","Eviscerate","Riddle With Holes"],"picked":"SKIP","floor":25},{"not_picked":["Flying Knee","Dodge and Roll","Prepared"],"picked":"SKIP","floor":27},{"not_picked":["Wraith Form v2","Outmaneuver+1"],"picked":"Well Laid Plans","floor":28},{"not_picked":["Endless Agony","Infinite Blades"],"picked":"PiercingWail+1","floor":30},{"not_picked":["Blade Dance+1","Bane+1","Leg Sweep+1"],"picked":"SKIP","floor":31},{"not_picked":["Phantasmal Killer+1","Corpse Explosion+1"],"picked":"Grand Finale","floor":33},{"not_picked":["Cloak And Dagger+1","Deadly Poison+1"],"picked":"Prepared+1","floor":35},{"not_picked":["Crippling Poison+1","Caltrops"],"picked":"Backflip+1","floor":37},{"not_picked":["Underhanded Strike","Deflect+1","Slice"],"picked":"SKIP","floor":40},{"not_picked":["Noxious Fumes","Prepared+1","Leg Sweep+1"],"picked":"SKIP","floor":41},{"not_picked":["Riddle With Holes","Predator","Dodge and Roll+1"],"picked":"SKIP","floor":44},{"not_picked":["Finisher","Dodge and Roll+1"],"picked":"Backflip+1","floor":46},{"not_picked":["Outmaneuver+1","Deadly Poison+1","Backstab"],"picked":"SKIP","floor":47},{"not_picked":["Sucker Punch","Riddle With Holes+1"],"picked":"Adrenaline+1","floor":48},{"not_picked":["Poisoned Stab","Bouncing Flask+1"],"picked":"Terror+1","floor":55}],"player_experience":5297900,"relics_obtained":[{"floor":7,"key":"Odd Mushroom"},{"floor":8,"key":"PreservedInsect"},{"floor":10,"key":"Mummified Hand"},{"floor":12,"key":"Letter Opener"},{"floor":23,"key":"Nunchaku"},{"floor":25,"key":"Dream Catcher"},{"floor":26,"key":"Matryoshka"},{"floor":27,"key":"Happy Flower"},{"floor":28,"key":"Ice Cream"},{"floor":28,"key":"Toxic Egg 2"},{"floor":30,"key":"Art of War"},{"floor":40,"key":"Strawberry"},{"floor":43,"key":"Toy Ornithopter"},{"floor":43,"key":"Anchor"},{"floor":44,"key":"Bag of Preparation"},{"floor":48,"key":"Incense Burner"},{"floor":55,"key":"StoneCalendar"}],"event_choices":[{"damage_healed":0,"gold_gain":0,"player_choice":"Grow","damage_taken":0,"max_hp_gain":0,"max_hp_loss":0,"event_name":"Living Wall","floor":2,"gold_loss":0,"cards_upgraded":["Predator"]},{"damage_healed":0,"gold_gain":0,"player_choice":"Donut","damage_taken":0,"max_hp_gain":5,"max_hp_loss":0,"event_name":"Big Fish","floor":5,"gold_loss":0},{"damage_healed":0,"gold_gain":0,"player_choice":"Fought Mushrooms","damage_taken":0,"max_hp_gain":0,"max_hp_loss":0,"event_name":"Mushrooms","floor":7,"gold_loss":0},{"damage_healed":0,"gold_gain":0,"player_choice":"Lose Max HP","damage_taken":0,"relics_obtained":["Golden Idol"],"max_hp_gain":0,"max_hp_loss":7,"event_name":"Golden Idol","floor":13,"gold_loss":0},{"damage_healed":0,"gold_gain":50,"player_choice":"Stole From Cult","damage_taken":0,"max_hp_gain":0,"max_hp_loss":0,"event_name":"Nest","floor":22,"gold_loss":0},{"damage_healed":0,"gold_gain":0,"player_choice":"Fight","damage_taken":0,"max_hp_gain":0,"max_hp_loss":0,"event_name":"Colosseum","floor":28,"gold_loss":0},{"damage_healed":0,"gold_gain":0,"player_choice":"Fought Nobs","damage_taken":0,"max_hp_gain":0,"max_hp_loss":0,"event_name":"Colosseum","floor":28,"gold_loss":0},{"damage_healed":0,"gold_gain":333,"player_choice":"Gave Idol","damage_taken":0,"max_hp_gain":0,"max_hp_loss":0,"event_name":"The Moai Head","floor":38,"relics_lost":["Golden Idol"],"gold_loss":0},{"cards_removed":["Glass Knife"],"damage_healed":11,"gold_gain":0,"player_choice":"Offered Rare","damage_taken":0,"max_hp_gain":10,"max_hp_loss":0,"event_name":"Bonfire Elementals","floor":39,"gold_loss":0},{"damage_healed":0,"gold_gain":0,"player_choice":"Fight","damage_taken":0,"max_hp_gain":0,"max_hp_loss":0,"event_name":"Mysterious Sphere","floor":48,"gold_loss":0}],"is_beta":false,"boss_relics":[{"not_picked":["Calling Bell","WristBlade"],"picked":"Astrolabe"},{"not_picked":["Busted Crown","Runic Dome"],"picked":"Coffee Dripper"}],"items_purged_floors":[19,21,29,36,54],"is_endless":false,"potions_floor_spawned":[1,3,7,10,12,20,27,30,31,33,35,40,44,46,47],"ascension_level":20,"potion_discard_per_floor":[[],[],[],[],[],[],["Dexterity Potion"],[],[],[],[],["Weak Potion"],[],[],[],[],[],[],[],[],[],[],[],[],[],[],[],[],[],[],[],[],["LiquidBronze"],[],["LiquidBronze"],[],[],[],[],[],[],[],[],["ColorlessPotion"],[],[],["SkillPotion"],[],[],[],[],[],[],["SkillPotion"],[],[],[]]}