{"neow_bonuses_skipped_log":["TEN_PERCENT_HP_BONUS","TRANSFORM_TWO_CARDS","BOSS_RELIC"],"neow_costs_skipped_log":["NONE","NO_GOLD","NONE"],"potions_obtained_entropic_brew":[[],[],[],[],[],[],[],[],[],[],[],[],[],[],[],[],[],[],[],[],[],[],[],[],[],[],[],[],[],[],[],[],[],[],[],[],[],[],[],[],[],[],[],[],[],[],[],[],[],[],[],[],[],[],[],[],[]],"gold_per_floor":[109,109,122,141,157,185,199,229,254,254,254,254,286,19,19,94,94,108,119,19,34,34,60,60,95,122,149,149,180,180,200,200,275,275,285,16,16,34,51,77,77,107,130,148,201,201,214,243,243,243,243,243,243,31,57,57],"floor_reached":57,"playtime":9616,"items_purged":["Defend_G","Writhe","Strike_G"],"score":3486,"play_id":"d2fbfdc7-b46d-4ca1-99cc-fb4dcdd79fb0","local_time":"20230309193328","falling_options_log":["Die Die Die","Prepared+1"],"score_breakdown":["Floors Climbed (57): 285","Enemies Slain (14): 28","Exordium Elites Killed (3): 30","City Elites Killed (3): 60","Beyond Elites Killed (3): 90","Bosses Slain (5): 750","Collector (1): 25","Librarian: 25","Champion (5): 125","Beyond Perfect: 200","Overkill: 25","Ascension (20): 1593","Heartbreaker: 250"],"is_ascension_mode":true,"potions_obtained_alchemize":[["DistilledChaos"],[],["AttackPotion"],["LiquidBronze"],[],["Fire Potion"],["SpeedPotion"],["Poison Potion"],[],[],[],[],["Swift Potion"],[],[],[],[],[],["Dexterity Potion"],[],[],[],["Dexterity Potion"],[],["SpeedPotion"],[],["AttackPotion","PowerPotion"],[],["Explosive Potion"],[],[],[],["Explosive Potion"],[],[],[],[],[],[],[],[],[],[],[],[],[],[],[],[],[],[],[],[],[],[],[],[]],"campfire_choices":[{"data":"Phantasmal Killer","floor":10,"key":"SMITH"},{"data":"Noxious Fumes","floor":12,"key":"SMITH"},{"data":"Burst","floor":15,"key":"SMITH"},{"data":"Adrenaline","floor":24,"key":"SMITH"},{"data":"Prepared","floor":28,"key":"SMITH"},{"data":"Concentrate","floor":32,"key":"SMITH"},{"data":"Catalyst","floor":41,"key":"SMITH"},{"floor":49,"key":"RECALL"},{"data":"Footwork","floor":53,"key":"SMITH"}],"lesson_learned_per_floor":[[],[],[],[],[],[],[],[],[],[],[],[],[],[],[],[],[],[],[],[],[],[],[],[],[],[],[],[],[],[],[],[],[],[],[],[],[],[],[],[],[],[],[],[],[],[],[],[],[],[],[],[],[],[],[],[],[]],"neow_cost":"NONE","improvable_cards":{},"seed_source_timestamp":16023052151481,"shop_contents":[{"floor":14,"relics":["StrikeDummy","Cauldron"],"cards":["Flechettes","Choke","Outmaneuver","Noxious Fumes","Madness","Violence"],"potions":["SpeedPotion","DistilledChaos","Fire Potion"]},{"floor":20,"relics":["Pen Nib","Happy Flower","Membership Card"],"cards":["Dagger Throw","Flying Knee","Blade Dance","Doppelganger","Infinite Blades","Chrysalis"],"potions":["SteroidPotion","Weak Potion","SkillPotion"]},{"floor":22,"relics":["Juzu Bracelet","Frozen Egg 2","Sling"],"cards":["Flying Knee","Dagger Throw","Outmaneuver","Night Terror","Well Laid Plans","Swift Strike","Secret Technique"],"potions":["PowerPotion","ColorlessPotion","Dexterity Potion"]},{"floor":36,"relics":["Bronze Scales","Lizard Tail"],"cards":["Predator","Bane","Concentrate","Caltrops","Madness","Master of Strategy"],"potions":["Weak Potion","LiquidBronze","DistilledChaos"]},{"floor":54,"relics":["Torii","TheAbacus"],"cards":["Heel Hook","Underhanded Strike","Venomology","Dodge and Roll","Well Laid Plans","Finesse","Transmutation"],"potions":["GhostInAJar","Dexterity Potion","Fire Potion"]}],"circlet_count":0,"master_deck":["AscendersBane","Strike_G","Strike_G","Strike_G","Strike_G","Defend_G","Defend_G","Defend_G","Defend_G","Survivor","Neutralize","Venomology","Flying Knee","Noxious Fumes+1","Poisoned Stab","Calculated Gamble","Backflip","Phantasmal Killer+1","Burst+1","PiercingWail","Adrenaline+1","Bane+1","Cloak And Dagger+1","Dark Shackles","PiercingWail","Leg Sweep","Bane","Prepared+1","Die Die Die","Concentrate+1","Wraith Form v2","Acrobatics","Catalyst+1","Outmaneuver","Leg Sweep","PiercingWail","Deadly Poison","Dodge and Roll+1","PiercingWail","Deflect","Bouncing Flask","Escape Plan+1","Footwork+1","Backflip+1"],"potion_use_per_floor":[["DistilledChaos"],[],[],["AttackPotion"],[],["CultistPotion"],["Fire Potion"],["SpeedPotion","Poison Potion"],[],[],[],[],["DistilledChaos"],[],[],[],[],[],["DuplicationPotion"],[],[],[],["Fire Potion"],[],["Dexterity Potion"],[],["LiquidMemories","SpeedPotion"],[],["AttackPotion"],[],[],[],["PowerPotion","Dexterity Potion","Explosive Potion"],[],[],[],[],[],[],[],[],[],[],[],[],[],[],[],[],[],[],[],[],[],[],[],[]],"relics":["Ring of the Snake","FossilizedHelix","Paper Crane","Boot","Snake Skull","Smiling Mask","Bag of Preparation","Runic Pyramid","Bag of Marbles","Pantograph","MealTicket","Red Mask","Vajra","Question Card","Sozu","Orrery","InkBottle","Prayer Wheel","The Specimen","Akabeko","Lantern","Strawberry"],"potions_floor_usage":[1,4,6,7,8,8,13,19,23,25,27,27,29,33,33,33],"damage_taken":[{"damage":2,"enemies":"Jaw Worm","floor":1,"turns":8},{"damage":0,"enemies":"Small Slimes","floor":3,"turns":3},{"damage":0,"enemies":"Cultist","floor":4,"turns":2},{"damage":0,"enemies":"Red Slaver","floor":5,"turns":5},{"damage":12,"enemies":"3 Sentries","floor":6,"turns":6},{"damage":0,"enemies":"3 Louse","floor":7,"turns":4},{"damage":0,"enemies":"Lagavulin","floor":8,"turns":6},{"damage":11,"enemies":"3 Sentries","floor":13,"turns":7},{"damage":0,"enemies":"Slime Boss","floor":16,"turns":9},{"damage":0,"enemies":"Chosen","floor":18,"turns":4},{"damage":0,"enemies":"3 Byrds","floor":19,"turns":5},{"damage":0,"enemies":"Snake Plant","floor":21,"turns":4},{"damage":6,"enemies":"Gremlin Leader","floor":23,"turns":9},{"damage":14,"enemies":"Slavers","floor":25,"turns":7},{"damage":6,"enemies":"Masked Bandits","floor":27,"turns":7},{"damage":0,"enemies":"Book of Stabbing","floor":29,"turns":7},{"damage":0,"enemies":"3 Cultists","floor":31,"turns":6},{"damage":0,"enemies":"Collector","floor":33,"turns":11},{"damage":0,"enemies":"3 Shapes","floor":35,"turns":4},{"damage":0,"enemies":"Orb Walker","floor":38,"turns":4},{"damage":0,"enemies":"Sphere and 2 Shapes","floor":39,"turns":9},{"damage":0,"enemies":"Reptomancer","floor":40,"turns":9},{"damage":0,"enemies":"Nemesis","floor":42,"turns":5},{"damage":0,"enemies":"Jaw Worm Horde","floor":44,"turns":5},{"damage":2,"enemies":"2 Orb Walkers","floor":45,"turns":5},{"damage":0,"enemies":"Writhing Mass","floor":47,"turns":6},{"damage":0,"enemies":"Reptomancer","floor":48,"turns":6},{"damage":0,"enemies":"Donu and Deca","floor":50,"turns":8},{"damage":0,"enemies":"Time Eater","floor":51,"turns":5},{"damage":2,"enemies":"Shield and Spear","floor":55,"turns":8},{"damage":17,"enemies":"The Heart","floor":56,"turns":8}],"green_key_taken_log":42,"seed_played":"7342091715809646542","neow_bonus_log":{"cardsObtained":["Venomology"],"cardsUpgraded":[],"cardsRemoved":[],"cardsTransformed":[],"relicsObtained":[],"maxHpGained":0,"goldGained":0,"damageTaken":0,"goldLost":0,"maxHpLost":0},"potions_obtained":[{"floor":3,"key":"LiquidMemories"},{"floor":4,"key":"CultistPotion"},{"floor":8,"key":"DistilledChaos"},{"floor":13,"key":"DuplicationPotion"},{"floor":19,"key":"Fire Potion"},{"floor":29,"key":"Dexterity Potion"},{"floor":33,"key":"SpeedPotion"}],"is_trial":false,"path_per_floor":["M","?","M","M","M","E","M","E","T","R","?","R","E","$","R","B",null,"M","M","$","M","$","E","R","E","T","?","R","E","?","M","R","B",null,"M","$","?","M","M","E","R","E","T","M","?","?","M","E","R","B","B",null,"R","$","E","B",null],"character_chosen":"THE_SILENT","basemod:card_modifiers":[null,null,null,null,null,null,null,null,null,null,null,null,null,null,null,null,null,null,null,null,null,null,null,null,null,null,null,null,null,null,null,null,null,null,null,null,null,null,null,null,null,null,null,null],"items_purchased":["Bag of Preparation","PiercingWail","Dark Shackles","Orrery","Deadly Poison","Lantern"],"campfire_rested":0,"item_purchase_floors":[14,14,20,36,36,54],"current_hp_per_floor":[57,46,46,46,46,34,34,34,34,34,34,34,23,23,23,23,55,55,55,55,55,55,49,49,35,35,29,29,29,29,29,29,54,63,63,66,66,66,66,66,66,66,66,66,64,63,63,63,63,63,63,63,63,63,68,53],"gold":57,"neow_bonus":"ONE_RANDOM_RARE_CARD","is_prod":false,"is_daily":false,"rewards_skipped":[{"floor":5,"relics":[],"potions":["PowerPotion"]},{"floor":25,"relics":[],"potions":["SkillPotion"]},{"floor":31,"relics":[],"potions":["PowerPotion"]},{"floor":35,"relics":[],"potions":["SpeedPotion"]},{"floor":40,"relics":[],"potions":["Strength Potion"]},{"floor":45,"relics":[],"potions":["Regen Potion"]}],"chose_seed":false,"campfire_upgraded":8,"win_rate":0,"floor_exit_playtime":[297,329,360,474,744,926,1178,1343,1364,1379,1386,1403,1642,1734,1743,2073,2152,2311,2668,2736,2937,2978,3385,3448,3914,3919,4713,4721,5055,5070,5254,5260,5732,6271,6377,6767,6789,6879,7161,7445,7456,7564,7569,7742,7922,7957,8107,8496,8499,8752,8991,9003,9018,9125,9336,9616],"timestamp":1678408408,"blue_key_relic_skipped_log":{"floor":43,"relicID":"CeramicFish"},"path_taken":["M","?","M","M","M","E","M","E","T","R","?","R","E","$","R","BOSS","M","?","$","M","?","E","R","E","T","?","R","E","?","M","R","BOSS","M","$","?","M","M","E","R","E","T","M","?","?","M","E","R","BOSS","BOSS","R","$","E","BOSS"],"build_version":"2022-12-18","purchased_purges":3,"victory":true,"max_hp_per_floor":[66,66,66,66,66,66,66,66,66,66,66,66,66,66,66,66,66,66,66,66,66,66,66,66,66,66,66,66,66,66,66,66,66,66,66,66,66,66,66,66,66,66,66,66,66,63,63,63,63,63,63,63,63,63,70,70],"relic_stats":{"The Specimen":[162],"counters":[31,192],"Snake Skull":[246],"Bag of Preparation":[46],"Boot":[91],"Smiling Mask":150,"Question Card":19,"Sozu":6,"Pantograph":27,"MealTicket":3,"Prayer Wheel":2,"obtain_stats":[{"Lantern":54,"The Specimen":45,"Vajra":29,"Snake Skull":9,"Bag of Preparation":14,"Paper Crane":6,"Boot":8,"Smiling Mask":13,"Question Card":30,"Akabeko":48,"Sozu":34,"Pantograph":25,"Strawberry":55,"Orrery":36,"MealTicket":26,"Prayer Wheel":42,"Bag of Marbles":23,"Red Mask":27,"FossilizedHelix":2,"InkBottle":40,"Ring of the Snake":0,"Runic Pyramid":17},{"Lantern":29,"The Specimen":25,"Vajra":16,"Snake Skull":7,"Bag of Preparation":8,"Paper Crane":5,"Boot":7,"Smiling Mask":8,"Question Card":16,"Akabeko":27,"Sozu":18,"Pantograph":14,"Strawberry":30,"Orrery":19,"MealTicket":14,"Prayer Wheel":23,"Bag of Marbles":13,"Red Mask":15,"FossilizedHelix":1,"InkBottle":22,"Ring of the Snake":0,"Runic Pyramid":9},{"Lantern":176,"The Specimen":151,"Vajra":93,"Snake Skull":34,"Bag of Preparation":41,"Paper Crane":24,"Boot":34,"Smiling Mask":41,"Question Card":93,"Akabeko":163,"Sozu":110,"Pantograph":79,"Strawberry":184,"Orrery":114,"MealTicket":79,"Prayer Wheel":141,"Bag of Marbles":72,"Red Mask":86,"FossilizedHelix":8,"InkBottle":136,"Ring of the Snake":0,"Runic Pyramid":50}],"FossilizedHelix":[225],"InkBottle":[26],"Ring of the Snake":[62]},"card_choices":[{"not_picked":["Deflect","Quick Slash"],"picked":"Flying Knee","floor":1},{"not_picked":["Sucker Punch","Dagger Throw"],"picked":"Noxious Fumes","floor":3},{"not_picked":["Backflip","Slice"],"picked":"Poisoned Stab","floor":4},{"not_picked":["Bane","Finisher"],"picked":"Calculated Gamble","floor":5},{"not_picked":["Expertise","Blur"],"picked":"Well Laid Plans","floor":6},{"not_picked":["Eviscerate","Finisher"],"picked":"Backflip","floor":7},{"not_picked":["Glass Knife","Dagger Throw"],"picked":"Phantasmal Killer","floor":8},{"not_picked":["Deadly Poison","Eviscerate"],"picked":"Burst","floor":13},{"not_picked":["After Image","Burst"],"picked":"Adrenaline","floor":16},{"not_picked":["Dodge and Roll","Deadly Poison"],"picked":"Bane+1","floor":18},{"not_picked":["Tactician","Blur"],"picked":"Cloak And Dagger+1","floor":19},{"not_picked":["Accuracy","Quick Slash"],"picked":"PiercingWail","floor":21},{"not_picked":["Calculated Gamble","Deadly Poison"],"picked":"Leg Sweep","floor":23},{"not_picked":["Caltrops","Quick Slash"],"picked":"Bane","floor":25},{"not_picked":["Acrobatics+1","Caltrops"],"picked":"Prepared","floor":27},{"not_picked":["Acrobatics","Deflect"],"picked":"Die Die Die","floor":29},{"not_picked":["Dagger Throw","Riddle With Holes","Cloak And Dagger"],"picked":"Concentrate","floor":31},{"not_picked":["A Thousand Cuts","Glass Knife","Tools of the Trade"],"picked":"Wraith Form v2","floor":33},{"not_picked":["Sucker Punch","Deflect","Flechettes"],"picked":"Acrobatics","floor":35},{"not_picked":["Backstab+1","Deadly Poison","Unload"],"picked":"Catalyst","floor":36},{"not_picked":["All Out Attack","Distraction","Concentrate"],"picked":"Outmaneuver","floor":36},{"not_picked":["Quick Slash","Outmaneuver","Setup"],"picked":"Leg Sweep","floor":36},{"not_picked":["Blur+1","Bane","Concentrate"],"picked":"PiercingWail","floor":36},{"not_picked":["Dagger Spray","Expertise","Underhanded Strike","Accuracy"],"picked":"SKIP","floor":36},{"not_picked":["Predator","Cloak And Dagger","Deadly Poison"],"picked":"Dodge and Roll+1","floor":38},{"not_picked":["Flechettes","Flying Knee+1","Noxious Fumes+1"],"picked":"PiercingWail","floor":39},{"not_picked":["Flying Knee","Leg Sweep","Sucker Punch","A Thousand Cuts"],"picked":"SKIP","floor":40},{"not_picked":["Quick Slash","Backstab","Underhanded Strike"],"picked":"Deflect","floor":42},{"not_picked":["Sucker Punch","Leg Sweep","Cloak And Dagger","Quick Slash"],"picked":"SKIP","floor":44},{"not_picked":["Dodge and Roll","Leg Sweep","Outmaneuver+1","Underhanded Strike"],"picked":"SKIP","floor":44},{"not_picked":["Deadly Poison","Backflip","Infinite Blades+1"],"picked":"Bouncing Flask","floor":45},{"not_picked":["Dagger Throw","Poisoned Stab","Concentrate"],"picked":"Escape Plan+1","floor":47},{"not_picked":["Outmaneuver","Finisher","Bouncing Flask+1","Bane+1"],"picked":"SKIP","floor":47},{"not_picked":["Burst","Escape Plan+1","Sucker Punch"],"picked":"Footwork","floor":48},{"not_picked":["Cloak And Dagger","Sucker Punch","Blade Dance+1"],"picked":"Backflip+1","floor":55}],"player_experience":5313713,"relics_obtained":[{"floor":6,"key":"Paper Crane"},{"floor":8,"key":"Boot"},{"floor":9,"key":"Snake Skull"},{"floor":13,"key":"Smiling Mask"},{"floor":23,"key":"Bag of Marbles"},{"floor":25,"key":"Pantograph"},{"floor":26,"key":"MealTicket"},{"floor":27,"key":"Red Mask"},{"floor":29,"key":"Vajra"},{"floor":40,"key":"InkBottle"},{"floor":42,"key":"Prayer Wheel"},{"floor":45,"key":"The Specimen"},{"floor":48,"key":"Akabeko"},{"floor":55,"key":"Strawberry"}],"event_choices":[{"damage_healed":0,"gold_gain":0,"player_choice":"Success","damage_taken":11,"relics_obtained":["FossilizedHelix"],"max_hp_gain":0,"max_hp_loss":0,"event_name":"Scrap Ooze","floor":2,"gold_loss":0},{"damage_healed":0,"gold_gain":0,"player_choice":"Upgraded","damage_taken":0,"max_hp_gain":0,"max_hp_loss":0,"event_name":"Upgrade Shrine","floor":11,"gold_loss":0,"cards_upgraded":["Well Laid Plans"]},{"damage_healed":0,"gold_gain":0,"player_choice":"Fought Bandits","damage_taken":0,"max_hp_gain":0,"max_hp_loss":0,"event_name":"Masked Bandits","floor":27,"gold_loss":0},{"damage_healed":0,"gold_gain":0,"player_choice":"Opened","damage_taken":0,"relics_obtained":["Question Card"],"max_hp_gain":0,"max_hp_loss":0,"event_name":"The Mausoleum","floor":30,"gold_loss":0,"cards_obtained":["Writhe"]},{"cards_removed":["Well Laid Plans"],"damage_healed":0,"gold_gain":0,"player_choice":"Removed Power","damage_taken":0,"max_hp_gain":0,"max_hp_loss":0,"event_name":"Falling","floor":37,"gold_loss":0},{"damage_healed":0,"gold_gain":0,"player_choice":"Fight","damage_taken":0,"max_hp_gain":0,"max_hp_loss":0,"event_name":"Mysterious Sphere","floor":45,"gold_loss":0},{"damage_healed":0,"gold_gain":0,"player_choice":"Max HP","damage_taken":0,"max_hp_gain":0,"max_hp_loss":3,"event_name":"Winding Halls","floor":46,"gold_loss":0}],"is_beta":false,"boss_relics":[{"not_picked":["Black Star","SacredBark"],"picked":"Runic Pyramid"},{"not_picked":["Ring of the Serpent","Snecko Eye"],"picked":"Sozu"}],"items_purged_floors":[14,36,54],"is_endless":false,"potions_floor_spawned":[3,4,5,8,13,19,25,29,31,33,35,40,45],"ascension_level":20,"potion_discard_per_floor":[[],[],[],["LiquidBronze"],[],[],[],[],[],[],[],[],["Swift Potion"],[],[],[],[],[],["Dexterity Potion"],[],[],[],[],[],[],[],[],[],["Explosive Potion"],[],[],[],[],[],[],[],[],[],[],[],[],[],[],[],[],[],[],[],[],[],[],[],[],[],[],[],[]]}