{"neow_bonuses_skipped_log":["UPGRADE_CARD","THREE_SMALL_POTIONS","BOSS_RELIC"],"potions_obtained_entropic_brew":[[],[],[],[],[],[],[],[],[],[],[],[],[],[],[],[],[],[],[],[],[],[],[],[],[],[],[],[],[],[],[]],"neow_costs_skipped_log":["NONE","NONE","NONE"],"gold_per_floor":[118,43,62,62,72,72,98,98,123,139,173,192,241,253,253,327,327,345,44,63,63,74,74,99,99,99,99,128,128,156,168],"floor_reached":31,"playtime":2978,"items_purged":[],"score":620,"play_id":"e0494968-2935-4513-afad-36332464ae55","local_time":"20230306191446","score_breakdown":["Floors Climbed (31): 155","Enemies Slain (10): 20","Exordium Elites Killed (2): 20","City Elites Killed (2): 40","Bosses Slain (1): 50","Champion (1): 25","Ascension (20): 310"],"is_ascension_mode":true,"potions_obtained_alchemize":[[],[],[],[],[],[],[],[],[],[],[],[],[],[],[],[],[],[],[],[],[],[],[],[],[],[],[],[],[],[],[]],"campfire_choices":[{"data":"Phantasmal Killer","floor":6,"key":"SMITH"},{"data":"Blade Dance","floor":8,"key":"SMITH"},{"floor":15,"key":"REST"},{"data":"RitualDagger","floor":23,"key":"SMITH"},{"data":"Prepared","floor":27,"key":"SMITH"}],"lesson_learned_per_floor":[[],[],[],[],[],[],[],[],[],[],[],[],[],[],[],[],[],[],[],[],[],[],[],[],[],[],[],[],[],[],[]],"neow_cost":"PERCENT_DAMAGE","improvable_cards":{"RitualDagger+1":[33]},"seed_source_timestamp":31419371629479,"shop_contents":[{"floor":19,"relics":["Question Card","Pantograph","Strange Spoon"],"cards":["Dagger Spray","Underhanded Strike","Tactician","Reflex","Envenom","Bandage Up","Magnetism"],"potions":["FearPotion","SkillPotion","Swift Potion"]}],"circlet_count":0,"master_deck":["AscendersBane","Strike_G","Strike_G","Strike_G","Strike_G","Strike_G","Defend_G+1","Defend_G","Defend_G","Defend_G","Survivor","Neutralize","Phantasmal Killer+1","Dagger Throw","After Image","Flying Knee","Blade Dance+1","Underhanded Strike","Doppelganger+1","Footwork","Acrobatics","Adrenaline","Prepared+1","Trip","PiercingWail+1","RitualDagger+1","Calculated Gamble","Leg Sweep","Ghostly","Ghostly","Ghostly","Tactician","Writhe","Eviscerate+1"],"potion_use_per_floor":[[],[],[],[],[],[],["Poison Potion"],[],[],[],["GamblersBrew"],[],[],[],[],[],[],[],[],[],[],[],[],["FearPotion"],[],[],[],["CunningPotion"],[],[],[]],"relics":["Ring of the Snake","Regal Pillow","Dream Catcher","The Courier","Pen Nib","WristBlade","Meat on the Bone","War Paint","Du-Vu Doll","Molten Egg 2","MawBank"],"potions_floor_usage":[7,11,24,28],"damage_taken":[{"damage":4,"enemies":"2 Louse","floor":1,"turns":5},{"damage":1,"enemies":"Jaw Worm","floor":3,"turns":3},{"damage":0,"enemies":"Small Slimes","floor":5,"turns":3},{"damage":9,"enemies":"Lagavulin","floor":7,"turns":7},{"damage":4,"enemies":"Looter","floor":10,"turns":3},{"damage":5,"enemies":"Gremlin Nob","floor":11,"turns":3},{"damage":0,"enemies":"3 Louse","floor":12,"turns":2},{"damage":0,"enemies":"Blue Slaver","floor":14,"turns":3},{"damage":16,"enemies":"Slime Boss","floor":16,"turns":11},{"damage":0,"enemies":"Chosen","floor":18,"turns":2},{"damage":10,"enemies":"Shell Parasite","floor":20,"turns":2},{"damage":0,"enemies":"Chosen and Byrds","floor":22,"turns":6},{"damage":27,"enemies":"Slavers","floor":24,"turns":3},{"damage":0,"enemies":"Gremlin Leader","floor":28,"turns":3},{"damage":0,"enemies":"Centurion and Healer","floor":30,"turns":3},{"damage":30,"enemies":"Slavers","floor":31,"turns":2}],"seed_played":"-5504293075503767063","neow_bonus_log":{"cardsObtained":[],"cardsUpgraded":[],"cardsRemoved":[],"cardsTransformed":[],"relicsObtained":[],"maxHpGained":0,"goldGained":0,"damageTaken":15,"goldLost":0,"maxHpLost":0},"potions_obtained":[{"floor":1,"key":"GamblersBrew"},{"floor":3,"key":"Poison Potion"},{"floor":7,"key":"CunningPotion"},{"floor":16,"key":"EssenceOfSteel"},{"floor":18,"key":"FearPotion"}],"is_trial":false,"path_per_floor":["M","?","M","?","M","R","E","R","T","M","E","M","T","M","R","B",null,"M","$","M","?","M","R","E","?","T","R","E","?","M","E"],"character_chosen":"THE_SILENT","basemod:card_modifiers":[null,null,null,null,null,null,null,null,null,null,null,null,null,null,null,null,null,null,null,null,null,null,null,null,null,null,null,null,null,null,null,null,null,null],"items_purchased":["Meat on the Bone","Trip"],"campfire_rested":1,"item_purchase_floors":[19,19],"current_hp_per_floor":[40,40,39,39,39,39,30,30,30,26,21,21,21,21,55,39,59,59,59,49,43,43,43,28,28,28,28,28,28,28,0],"gold":168,"neow_bonus":"THREE_RARE_CARDS","is_prod":false,"is_daily":false,"rewards_skipped":[],"chose_seed":false,"campfire_upgraded":4,"win_rate":0,"floor_exit_playtime":[373,410,476,487,565,573,726,737,749,799,906,956,960,1020,1074,1436,1524,1638,1798,1846,1864,2023,2030,2225,2263,2268,2280,2687,2694,2752],"timestamp":1678148086,"path_taken":["M","?","M","?","M","R","E","R","T","?","E","M","?","M","R","BOSS","M","$","M","?","M","R","E","?","T","R","E","?","?","E"],"build_version":"2022-12-18","purchased_purges":0,"victory":false,"max_hp_per_floor":[66,66,66,66,66,66,66,66,66,66,66,66,66,66,66,66,66,66,66,66,66,66,66,66,33,33,33,33,33,33,33],"relic_stats":{"Regal Pillow":15,"Dream Catcher":1,"counters":[16,61],"The Courier":75,"Pen Nib":[10],"War Paint":["Defend_G","Doppelganger"],"MawBank":24,"obtain_stats":[{"Du-Vu Doll":26,"Regal Pillow":7,"Dream Catcher":9,"WristBlade":17,"Molten Egg 2":28,"The Courier":11,"Pen Nib":13,"War Paint":24,"MawBank":29,"Ring of the Snake":0,"Meat on the Bone":19},{"Du-Vu Doll":13,"Regal Pillow":4,"Dream Catcher":4,"WristBlade":9,"Molten Egg 2":14,"The Courier":6,"Pen Nib":7,"War Paint":13,"MawBank":14,"Ring of the Snake":0,"Meat on the Bone":10},{"Du-Vu Doll":53,"Regal Pillow":18,"Dream Catcher":18,"WristBlade":40,"Molten Egg 2":56,"The Courier":24,"Pen Nib":26,"War Paint":53,"MawBank":56,"Ring of the Snake":0,"Meat on the Bone":42}],"Ring of the Snake":[32],"Meat on the Bone":12},"card_choices":[{"not_picked":["Burst","After Image"],"picked":"Phantasmal Killer","floor":0},{"not_picked":["Deadly Poison","Bane"],"picked":"Dagger Throw","floor":1},{"not_picked":["Escape Plan","Noxious Fumes"],"picked":"After Image","floor":3},{"not_picked":["Poisoned Stab","Outmaneuver"],"picked":"Flying Knee","floor":5},{"not_picked":["Deflect","Skewer"],"picked":"Blade Dance","floor":7},{"not_picked":["Outmaneuver","Flying Knee"],"picked":"Underhanded Strike","floor":10},{"not_picked":["Expertise","Riddle With Holes","Slice"],"picked":"SKIP","floor":11},{"not_picked":["Blade Dance","Dagger Throw"],"picked":"Doppelganger","floor":12},{"not_picked":["Dodge and Roll","Quick Slash"],"picked":"Footwork","floor":14},{"not_picked":["Riddle With Holes","Backflip"],"picked":"Acrobatics","floor":15},{"not_picked":["Phantasmal Killer","Unload"],"picked":"Adrenaline","floor":16},{"not_picked":["Dagger Spray","Underhanded Strike"],"picked":"Prepared","floor":18},{"not_picked":["Escape Plan","Footwork"],"picked":"PiercingWail+1","floor":20},{"not_picked":["Crippling Poison","Infinite Blades"],"picked":"Calculated Gamble","floor":22},{"not_picked":["Accuracy","Outmaneuver"],"picked":"Leg Sweep","floor":24},{"not_picked":["Glass Knife+1","Caltrops"],"picked":"Tactician","floor":28},{"not_picked":["Prepared","Endless Agony+1"],"picked":"Eviscerate+1","floor":30}],"player_experience":5275310,"relics_obtained":[{"floor":7,"key":"Regal Pillow"},{"floor":9,"key":"Dream Catcher"},{"floor":11,"key":"The Courier"},{"floor":13,"key":"Pen Nib"},{"floor":24,"key":"War Paint"},{"floor":26,"key":"Du-Vu Doll"},{"floor":28,"key":"Molten Egg 2"}],"event_choices":[{"cards_removed":["Defend_G"],"damage_healed":0,"gold_gain":0,"player_choice":"Card Removal","damage_taken":0,"max_hp_gain":0,"max_hp_loss":0,"event_name":"The Cleric","floor":2,"gold_loss":75},{"damage_healed":0,"gold_gain":0,"player_choice":"Ignored","damage_taken":0,"max_hp_gain":0,"max_hp_loss":0,"event_name":"Liars Game","floor":4,"gold_loss":0},{"damage_healed":0,"gold_gain":0,"player_choice":"Joined the Cult","damage_taken":6,"max_hp_gain":0,"max_hp_loss":0,"event_name":"Nest","floor":21,"gold_loss":0,"cards_obtained":["RitualDagger"]},{"damage_healed":0,"gold_gain":0,"player_choice":"Became a Ghost","damage_taken":0,"max_hp_gain":0,"max_hp_loss":33,"event_name":"Ghosts","floor":25,"gold_loss":0,"cards_obtained":["Ghostly","Ghostly","Ghostly"]},{"damage_healed":0,"gold_gain":0,"player_choice":"Opened","damage_taken":0,"relics_obtained":["MawBank"],"max_hp_gain":0,"max_hp_loss":0,"event_name":"The Mausoleum","floor":29,"gold_loss":0,"cards_obtained":["Writhe"]}],"is_beta":false,"boss_relics":[{"not_picked":["Coffee Dripper","Velvet Choker"],"picked":"WristBlade"}],"items_purged_floors":[],"is_endless":false,"potions_floor_spawned":[1,3,7,16,18],"killed_by":"Slavers","ascension_level":20,"potion_discard_per_floor":[[],[],[],[],[],[],[],[],[],[],[],[],[],[],[],[],[],["EssenceOfSteel"],[],[],[],[],[],[],[],[],[],[],[],[],[]]}