{"neow_bonuses_skipped_log":["UPGRADE_CARD","TRANSFORM_TWO_CARDS","BOSS_RELIC"],"potions_obtained_entropic_brew":[[],[],[],[],[],[],[],[],[],[],[],[],[],[],[],[],[],[],[],[],[],[],[],[],[],[],[],[],[],[],[],[],[]],"neow_costs_skipped_log":["NONE","CURSE","NONE"],"gold_per_floor":[212,224,241,31,43,43,63,80,107,107,119,146,159,190,190,261,261,271,271,1,1,21,53,53,53,53,81,97,125,138,188,188,188],"floor_reached":33,"playtime":4028,"items_purged":["Defend_G"],"score":663,"play_id":"61772880-316f-43fd-a4d4-4cd4a4d13d14","local_time":"20230314204515","score_breakdown":["Floors Climbed (33): 165","Enemies Slain (12): 24","Exordium Elites Killed (2): 20","City Elites Killed (3): 60","Bosses Slain (1): 50","Collector (1): 25","Ascension (20): 319"],"is_ascension_mode":true,"potions_obtained_alchemize":[[],[],[],[],[],[],[],[],[],[],[],[],[],[],[],[],[],[],[],[],[],[],[],[],[],[],[],[],[],[],[],[],[]],"campfire_choices":[{"data":"Dagger Spray","floor":6.0,"key":"SMITH"},{"data":"Corpse Explosion","floor":10.0,"key":"SMITH"},{"floor":15.0,"key":"REST"},{"data":"Well Laid Plans","floor":25.0,"key":"SMITH"},{"data":"Phantasmal Killer","floor":32.0,"key":"SMITH"}],"lesson_learned_per_floor":[[],[],[],[],[],[],[],[],[],[],[],[],[],[],[],[],[],[],[],[],[],[],[],[],[],[],[],[],[],[],[],[],[]],"neow_cost":"NONE","improvable_cards":{},"seed_source_timestamp":28871760491399,"shop_contents":[{"floor":4,"relics":["Tiny Chest","Lantern"],"cards":["Heel Hook","Flying Knee","Acrobatics","Setup","Accuracy","Deep Breath","Metamorphosis"],"potions":["SkillPotion","Block Potion","FearPotion"]},{"floor":20,"relics":["TwistedFunnel"],"cards":["Dash","Dagger Throw","Dodge and Roll","Enlightenment","Violence"],"potions":["SkillPotion","SmokeBomb","DuplicationPotion"]}],"circlet_count":0,"master_deck":["AscendersBane","Strike_G","Strike_G","Strike_G","Defend_G","Defend_G","Defend_G","Defend_G","Survivor","Neutralize","Flying Knee","Dagger Spray+1","Poisoned Stab","Footwork","Corpse Explosion+1","Blade Dance","Blade Dance","Escape Plan","Dash","Deflect","Phantasmal Killer+1","Deflect","Ghostly","Ghostly","Ghostly","Well Laid Plans+1","PiercingWail","Ghostly","Dagger Spray+1","PiercingWail","After Image","Backflip"],"special_seed":0,"potion_use_per_floor":[[],[],[],[],["SkillPotion"],[],[],[],[],[],[],[],["Fruit Juice"],["Strength Potion"],[],["LiquidBronze","Explosive Potion"],[],[],[],[],[],[],[],[],[],[],[],[],[],[],[],[],["DuplicationPotion","LiquidMemories"]],"relics":["Ring of the Snake","Membership Card","Anchor","Toy Ornithopter","Juzu Bracelet","Empty Cage","Bag of Marbles","Shuriken","Happy Flower","Mercury Hourglass","Centennial Puzzle","InkBottle"],"potions_floor_usage":[33,33],"damage_taken":[{"damage":0.0,"enemies":"Small Slimes","floor":1.0,"turns":4.0},{"damage":1.0,"enemies":"Jaw Worm","floor":2.0,"turns":4.0},{"damage":1.0,"enemies":"Cultist","floor":3.0,"turns":4.0},{"damage":0.0,"enemies":"2 Fungi Beasts","floor":5.0,"turns":2.0},{"damage":0.0,"enemies":"Blue Slaver","floor":7.0,"turns":5.0},{"damage":0.0,"enemies":"3 Louse","floor":8.0,"turns":2.0},{"damage":0.0,"enemies":"2 Fungi Beasts","floor":11.0,"turns":2.0},{"damage":11.0,"enemies":"Lagavulin","floor":12.0,"turns":7.0},{"damage":5.0,"enemies":"Large Slime","floor":13.0,"turns":5.0},{"damage":42.0,"enemies":"Gremlin Nob","floor":14.0,"turns":4.0},{"damage":41.0,"enemies":"Slime Boss","floor":16.0,"turns":10.0},{"damage":3.0,"enemies":"Spheric Guardian","floor":18.0,"turns":3.0},{"damage":2.0,"enemies":"Shell Parasite","floor":22.0,"turns":5.0},{"damage":18.0,"enemies":"Book of Stabbing","floor":23.0,"turns":8.0},{"damage":3.0,"enemies":"Slavers","floor":27.0,"turns":4.0},{"damage":6.0,"enemies":"3 Cultists","floor":28.0,"turns":4.0},{"damage":2.0,"enemies":"Gremlin Leader","floor":29.0,"turns":9.0},{"damage":0.0,"enemies":"Centurion and Healer","floor":30.0,"turns":8.0},{"damage":16,"enemies":"Collector","floor":33,"turns":8}],"green_key_taken_log":14,"seed_played":"-835708637785914088","neow_bonus_log":{"cardsObtained":[],"cardsUpgraded":[],"cardsRemoved":[],"cardsTransformed":[],"relicsObtained":[],"maxHpGained":0,"goldGained":100,"damageTaken":0,"goldLost":0,"maxHpLost":0},"potions_obtained":[{"floor":2.0,"key":"SkillPotion"},{"floor":3.0,"key":"Strength Potion"},{"floor":8.0,"key":"Fruit Juice"},{"floor":13.0,"key":"LiquidBronze"},{"floor":14.0,"key":"Explosive Potion"},{"floor":16.0,"key":"Energy Potion"},{"floor":27.0,"key":"DuplicationPotion"},{"floor":28.0,"key":"LiquidMemories"}],"is_trial":false,"path_per_floor":["M","M","M","$","M","R","M","M","T","R","M","E","M","E","R","B",null,"M","?","$","?","M","E","?","R","T","E","M","E","M","?","R","B"],"character_chosen":"THE_SILENT","basemod:card_modifiers":[null,null,null,null,null,null,null,null,null,null,null,null,null,null,null,null,null,null,null,null,null,null,null,null,null,null,null,null,null,null,null,null],"items_purchased":["Membership Card","Well Laid Plans","PiercingWail","Bag of Marbles","Shuriken"],"campfire_rested":1,"item_purchase_floors":[4,20,20,20,20],"current_hp_per_floor":[59,58,57,57,57,57,57,57,57,57,57,46,51,14,35,4,54,51,35,35,35,33,15,15,15,15,12,6,4,4,4,4,0],"gold":188,"neow_bonus":"HUNDRED_GOLD","is_prod":false,"is_daily":false,"rewards_skipped":[{"floor":29,"relics":[],"potions":["Energy Potion"]},{"floor":30,"relics":[],"potions":["Block Potion"]}],"chose_seed":false,"campfire_upgraded":4,"win_rate":0,"floor_exit_playtime":[243,387,443,472,568,625,723,768,837,843,905,1007,1137,1311,1314,1885,2065,2188,2199,2278,2418,2493,2809,2870,2914,2919,3015,3101,3321,3487,3500,3756],"timestamp":1678841115,"path_taken":["M","M","M","$","M","R","M","M","T","R","M","E","M","E","R","BOSS","M","?","$","?","M","E","?","R","T","E","M","E","M","?","R","BOSS"],"build_version":"2022-12-18","purchased_purges":1,"victory":false,"max_hp_per_floor":[66,66,66,66,66,66,66,66,66,66,66,66,71,71,71,71,71,71,35,35,35,35,35,35,35,35,35,35,35,35,35,35,35],"relic_stats":{"Centennial Puzzle":[9],"Happy Flower":[11],"counters":[19,98],"Shuriken":[19],"Juzu Bracelet":1,"Membership Card":304,"obtain_stats":[{"Anchor":9,"Centennial Puzzle":27,"Happy Flower":23,"Shuriken":20,"Juzu Bracelet":14,"Bag of Marbles":20,"Membership Card":4,"Empty Cage":17,"Toy Ornithopter":12,"InkBottle":29,"Ring of the Snake":0,"Mercury Hourglass":26},{"Anchor":6,"Centennial Puzzle":15,"Happy Flower":14,"Shuriken":12,"Juzu Bracelet":10,"Bag of Marbles":12,"Membership Card":3,"Empty Cage":11,"Toy Ornithopter":8,"InkBottle":17,"Ring of the Snake":0,"Mercury Hourglass":14},{"Anchor":21,"Centennial Puzzle":69,"Happy Flower":65,"Shuriken":52,"Juzu Bracelet":39,"Bag of Marbles":52,"Membership Card":12,"Empty Cage":49,"Toy Ornithopter":30,"InkBottle":82,"Ring of the Snake":0,"Mercury Hourglass":65}],"Toy Ornithopter":30,"InkBottle":[8],"Ring of the Snake":[38],"Mercury Hourglass":[188]},"card_choices":[{"not_picked":["Escape Plan","Footwork"],"picked":"Flying Knee","floor":1.0},{"not_picked":["Sucker Punch","Deflect"],"picked":"Dagger Spray","floor":2.0},{"not_picked":["Prepared","Tactician"],"picked":"Poisoned Stab","floor":3.0},{"not_picked":["Outmaneuver","Choke"],"picked":"Footwork","floor":5.0},{"not_picked":["Blade Dance","Backflip"],"picked":"Corpse Explosion","floor":7.0},{"not_picked":["Quick Slash","Endless Agony"],"picked":"Blade Dance","floor":8.0},{"not_picked":["Infinite Blades","Escape Plan"],"picked":"Blade Dance","floor":11.0},{"not_picked":["All Out Attack","Bane"],"picked":"Escape Plan","floor":12.0},{"not_picked":["Flechettes","Deadly Poison"],"picked":"Dash","floor":13.0},{"not_picked":["Blade Dance","Predator"],"picked":"Deflect","floor":14.0},{"not_picked":["Night Terror","Grand Finale"],"picked":"Phantasmal Killer","floor":16.0},{"not_picked":["Outmaneuver","Finisher"],"picked":"Deflect","floor":18.0},{"not_picked":["Finisher","Deflect"],"picked":"Dagger Spray+1","floor":22.0},{"not_picked":["Poisoned Stab","Dodge and Roll","Infinite Blades"],"picked":"SKIP","floor":23.0},{"not_picked":["Blade Dance","Deadly Poison"],"picked":"PiercingWail","floor":27.0},{"not_picked":["Noxious Fumes","Dash"],"picked":"After Image","floor":28.0},{"not_picked":["Setup","All Out Attack","Deadly Poison"],"picked":"SKIP","floor":29.0},{"not_picked":["Crippling Poison","Dagger Spray"],"picked":"Backflip","floor":30.0}],"player_experience":5386047,"relics_obtained":[{"floor":9.0,"key":"Anchor"},{"floor":12.0,"key":"Toy Ornithopter"},{"floor":14.0,"key":"Juzu Bracelet"},{"floor":23.0,"key":"Happy Flower"},{"floor":26.0,"key":"Mercury Hourglass"},{"floor":27.0,"key":"Centennial Puzzle"},{"floor":29.0,"key":"InkBottle"}],"event_choices":[{"damage_healed":0.0,"max_hp_gain":0.0,"max_hp_loss":36.0,"gold_gain":0.0,"event_name":"Ghosts","player_choice":"Became a Ghost","floor":19.0,"gold_loss":0.0,"damage_taken":0.0,"cards_obtained":["Ghostly","Ghostly","Ghostly"]},{"damage_healed":0.0,"max_hp_gain":0.0,"max_hp_loss":0.0,"gold_gain":0.0,"event_name":"Duplicator","player_choice":"Copied","floor":21.0,"gold_loss":0.0,"damage_taken":0.0,"cards_obtained":["Ghostly"]},{"damage_healed":0.0,"max_hp_gain":0.0,"max_hp_loss":0.0,"gold_gain":0.0,"event_name":"Cursed Tome","player_choice":"Ignored","floor":24.0,"gold_loss":0.0,"damage_taken":0.0},{"damage_healed":0.0,"max_hp_gain":0.0,"max_hp_loss":0.0,"gold_gain":50.0,"event_name":"Nest","player_choice":"Stole From Cult","floor":31.0,"gold_loss":0.0,"damage_taken":0.0}],"is_beta":false,"boss_relics":[{"not_picked":["Busted Crown","Velvet Choker"],"picked":"Empty Cage"}],"items_purged_floors":[4],"is_endless":false,"potions_floor_spawned":[2,3,8,13,14,16,27,28,29,30],"killed_by":"Collector","ascension_level":20,"potion_discard_per_floor":[[],[],[],[],[],[],[],[],[],[],[],[],[],[],[],[],[],[],[],[],[],[],[],[],[],[],[],["Energy Potion"],[],[],[],[],[]]}