{"neow_bonuses_skipped_log":["REMOVE_CARD","TWENTY_PERCENT_HP_BONUS","BOSS_RELIC"],"potions_obtained_entropic_brew":[[],[],[],[],[],[],[],[],[],[],[],[],[],[],[],[],[],[],[],[],[],[],[],[],[],[],[],[],[]],"neow_costs_skipped_log":["NONE","NO_GOLD","NONE"],"gold_per_floor":[116,22,33,44,4,4,29,29,29,29,63,28,47,47,47,141,141,153,153,153,23,41,66,66,66,66,85,105,105],"floor_reached":29,"playtime":3511,"items_purged":[],"score":552,"play_id":"dcfb4792-3778-440b-a690-06cae6b74c0b","local_time":"20230306215849","score_breakdown":["Floors Climbed (29): 145","Enemies Slain (8): 16","Exordium Elites Killed (2): 20","City Elites Killed (1): 20","Bosses Slain (1): 50","Champion (1): 25","Ascension (20): 276"],"is_ascension_mode":true,"potions_obtained_alchemize":[[],[],[],[],[],[],[],[],[],[],[],[],[],[],[],[],[],[],[],[],[],[],[],[],[],[],[],[],[]],"campfire_choices":[{"data":"Eviscerate","floor":6,"key":"SMITH"},{"data":"Dagger Spray","floor":8,"key":"SMITH"},{"data":"Die Die Die","floor":10,"key":"SMITH"},{"floor":15,"key":"REST"},{"floor":24,"key":"REST"}],"lesson_learned_per_floor":[[],[],[],[],[],[],[],[],[],[],[],[],[],[],[],[],[],[],[],[],[],[],[],[],[],[],[],[],[]],"neow_cost":"NONE","improvable_cards":{},"seed_source_timestamp":40715233640494,"shop_contents":[{"floor":2,"relics":["Blue Candle","Mango","ClockworkSouvenir"],"cards":["Unload","Flying Knee","Deflect","Blur","Footwork","Sadistic Nature"],"potions":["FearPotion","EntropicBrew","AttackPotion"]},{"floor":21,"relics":["Orichalcum","HornCleat","Strange Spoon"],"cards":["Quick Slash","Poisoned Stab","Crippling Poison","Infinite Blades","Mind Blast","Magnetism"],"potions":["Weak Potion","ColorlessPotion"]}],"circlet_count":0,"master_deck":["AscendersBane","Strike_G","Strike_G","Strike_G","Strike_G","Strike_G","Defend_G","Defend_G","Defend_G","Defend_G","Survivor","Neutralize","Dagger Spray+1","Trip","PiercingWail","Eviscerate+1","Die Die Die+1","Acrobatics","Well Laid Plans","Malaise","Leg Sweep","Setup","Deflect","Deflect+1","Shame","Corpse Explosion","PiercingWail"],"potion_use_per_floor":[[],[],[],[],[],[],["LiquidMemories"],[],[],[],[],[],[],[],[],["ColorlessPotion"],[],["SpeedPotion"],[],[],[],["SpeedPotion"],["SteroidPotion"],[],[],[],[],[],["Fire Potion","Ancient Potion"]],"relics":["Ring of the Snake","Strawberry","Singing Bowl","Toy Ornithopter","SacredBark","Nilry\u0027s Codex","StrikeDummy","Mercury Hourglass","Molten Egg 2"],"potions_floor_usage":[7,16,18,22,23,29,29],"damage_taken":[{"damage":3,"enemies":"Cultist","floor":1,"turns":5},{"damage":9,"enemies":"Jaw Worm","floor":3,"turns":4},{"damage":0,"enemies":"Small Slimes","floor":4,"turns":3},{"damage":0,"enemies":"Looter","floor":5,"turns":4},{"damage":20,"enemies":"Lagavulin","floor":7,"turns":5},{"damage":17,"enemies":"3 Sentries","floor":11,"turns":4},{"damage":17,"enemies":"Exordium Thugs","floor":13,"turns":3},{"damage":13,"enemies":"Slime Boss","floor":16,"turns":9},{"damage":14,"enemies":"Spheric Guardian","floor":18,"turns":7},{"damage":5,"enemies":"Chosen","floor":22,"turns":10},{"damage":0,"enemies":"Slavers","floor":23,"turns":1},{"damage":12,"enemies":"Snecko","floor":27,"turns":7},{"damage":17,"enemies":"Snake Plant","floor":28,"turns":5},{"damage":22,"enemies":"Book of Stabbing","floor":29,"turns":6}],"seed_played":"3355420740516688868","neow_bonus_log":{"cardsObtained":[],"cardsUpgraded":[],"cardsRemoved":[],"cardsTransformed":[],"relicsObtained":["Strawberry"],"maxHpGained":0,"goldGained":0,"damageTaken":0,"goldLost":0,"maxHpLost":0},"potions_obtained":[{"floor":4,"key":"LiquidMemories"},{"floor":7,"key":"ColorlessPotion"},{"floor":13,"key":"SpeedPotion"},{"floor":18,"key":"SpeedPotion"},{"floor":22,"key":"SteroidPotion"},{"floor":28,"key":"Ancient Potion"}],"is_trial":false,"path_per_floor":["M","$","M","M","M","R","E","R","T","R","E","?","M","?","R","B",null,"M","?","?","$","M","E","R","?","T","M","M","E"],"character_chosen":"THE_SILENT","basemod:card_modifiers":[null,null,null,null,null,null,null,null,null,null,null,null,null,null,null,null,null,null,null,null,null,null,null,null,null,null,null],"items_purchased":["Trip","Fire Potion","Setup"],"campfire_rested":2,"item_purchase_floors":[2,21,21],"current_hp_per_floor":[63,63,54,54,54,54,36,36,36,36,19,37,20,13,35,27,63,54,33,12,12,12,17,41,41,41,29,12,0],"gold":105,"neow_bonus":"RANDOM_COMMON_RELIC","is_prod":false,"is_daily":false,"rewards_skipped":[],"chose_seed":false,"campfire_upgraded":3,"win_rate":0,"floor_exit_playtime":[397,419,487,607,683,699,1030,1043,1061,1121,1282,1286,1370,1389,1393,1696,1788,2124,2164,2217,2315,2663,2771,2779,2820,2823,3109,3226],"timestamp":1678157929,"blue_key_relic_skipped_log":{"floor":9,"relicID":"Darkstone Periapt"},"path_taken":["M","$","M","M","M","R","E","R","T","R","E","?","M","?","R","BOSS","M","?","?","$","M","E","R","?","T","M","M","E"],"build_version":"2022-12-18","purchased_purges":0,"victory":false,"max_hp_per_floor":[73,73,73,73,73,73,75,75,75,75,75,75,75,75,75,75,75,75,80,80,80,80,80,80,80,80,80,80,80],"relic_stats":{"Singing Bowl":2,"counters":[14,73],"Nilry\u0027s Codex":[3,12,5,5],"obtain_stats":[{"Singing Bowl":7,"Nilry\u0027s Codex":20,"Strawberry":0,"SacredBark":17,"Molten Egg 2":26,"StrikeDummy":23,"Toy Ornithopter":11,"Ring of the Snake":0,"Mercury Hourglass":25},{"Singing Bowl":5,"Nilry\u0027s Codex":9,"Strawberry":0,"SacredBark":8,"Molten Egg 2":11,"StrikeDummy":11,"Toy Ornithopter":6,"Ring of the Snake":0,"Mercury Hourglass":11},{"Singing Bowl":21,"Nilry\u0027s Codex":44,"Strawberry":0,"SacredBark":37,"Molten Egg 2":55,"StrikeDummy":55,"Toy Ornithopter":25,"Ring of the Snake":0,"Mercury Hourglass":55}],"Toy Ornithopter":30,"Ring of the Snake":[28],"Mercury Hourglass":[54]},"card_choices":[{"not_picked":["Skewer","Acrobatics"],"picked":"Dagger Spray","floor":1},{"not_picked":["Flechettes","Bane"],"picked":"PiercingWail","floor":3},{"not_picked":["Blade Dance","Acrobatics"],"picked":"Eviscerate","floor":4},{"not_picked":["Cloak And Dagger","Blur"],"picked":"Die Die Die","floor":5},{"not_picked":["Caltrops","Sucker Punch","Poisoned Stab"],"picked":"Singing Bowl","floor":7},{"not_picked":["Dagger Spray","Envenom"],"picked":"Acrobatics","floor":11},{"not_picked":["Blade Dance","PiercingWail"],"picked":"Well Laid Plans","floor":13},{"not_picked":["Die Die Die","Tools of the Trade"],"picked":"Malaise","floor":16},{"not_picked":["Noxious Fumes","Dodge and Roll"],"picked":"Leg Sweep","floor":18},{"not_picked":["Dash","Outmaneuver"],"picked":"Deflect","floor":22},{"not_picked":["Quick Slash","Bane"],"picked":"Deflect+1","floor":23},{"not_picked":["Deflect","Cloak And Dagger"],"picked":"Corpse Explosion","floor":27},{"not_picked":["Skewer+1","Endless Agony+1"],"picked":"PiercingWail","floor":28}],"player_experience":5283470,"relics_obtained":[{"floor":7,"key":"Singing Bowl"},{"floor":11,"key":"Toy Ornithopter"},{"floor":20,"key":"Nilry\u0027s Codex"},{"floor":23,"key":"StrikeDummy"},{"floor":26,"key":"Molten Egg 2"}],"event_choices":[{"damage_healed":18,"gold_gain":0,"player_choice":"Healed","damage_taken":0,"max_hp_gain":0,"max_hp_loss":0,"event_name":"The Cleric","floor":12,"gold_loss":35},{"cards_removed":["Defend_G"],"damage_healed":0,"gold_gain":0,"player_choice":"Card Removal","damage_taken":7,"max_hp_gain":0,"max_hp_loss":0,"event_name":"Golden Wing","floor":14,"gold_loss":0},{"damage_healed":0,"gold_gain":0,"player_choice":"Shed Blood","damage_taken":26,"max_hp_gain":5,"max_hp_loss":0,"event_name":"Forgotten Altar","floor":19,"gold_loss":0},{"damage_healed":0,"gold_gain":0,"player_choice":"Obtained Book","damage_taken":21,"max_hp_gain":0,"max_hp_loss":0,"event_name":"Cursed Tome","floor":20,"gold_loss":0},{"damage_healed":0,"gold_gain":0,"player_choice":"Stole Relic","damage_taken":0,"relics_obtained":["Mercury Hourglass"],"max_hp_gain":0,"max_hp_loss":0,"event_name":"Addict","floor":25,"gold_loss":0,"cards_obtained":["Shame"]}],"is_beta":false,"boss_relics":[{"not_picked":["Velvet Choker","WristBlade"],"picked":"SacredBark"}],"items_purged_floors":[],"is_endless":false,"potions_floor_spawned":[4,7,13,18,22,28],"killed_by":"Book of Stabbing","ascension_level":20,"potion_discard_per_floor":[[],[],[],[],[],[],[],[],[],[],[],[],[],[],[],[],[],[],[],[],[],[],[],[],[],[],[],[],[]]}