{"neow_bonuses_skipped_log":["RANDOM_COLORLESS","THREE_ENEMY_KILL","BOSS_RELIC"],"potions_obtained_entropic_brew":[[],[],[],[],[],[],[],[],[],[],[],[],[],[],[],[],[],[],[],[],[],[],[],[],[],[],[],[],[],[],[],[],[],[],[],[],[],[],[],[],[],[],[],[],[],[]],"neow_costs_skipped_log":["NONE","NONE","NONE"],"gold_per_floor":[12,12,30,48,48,48,79,4,4,4,27,27,46,61,61,157,157,171,186,211,235,255,255,294,294,319,363,377,408,6,26,26,119,119,138,138,162,178,203,203,242,242,269,290,290,290],"floor_reached":46,"playtime":5182,"items_purged":["Strike_G","Bane"],"score":1257,"play_id":"5fc76fe7-2f33-4628-834c-314b16489698","local_time":"20230306205402","score_breakdown":["Floors Climbed (46): 230","Enemies Slain (18): 36","Exordium Elites Killed (1): 10","City Elites Killed (3): 60","Beyond Elites Killed (1): 30","Bosses Slain (2): 150","Collector (1): 25","Champion (2): 50","Perfect (1): 50","Ascension (20): 616"],"is_ascension_mode":true,"potions_obtained_alchemize":[[],[],[],[],[],[],[],[],[],[],[],[],[],[],[],[],[],[],[],[],[],[],[],[],[],[],[],[],[],[],[],[],[],[],[],[],[],[],[],[],[],[],[],[],[],[]],"campfire_choices":[{"data":"Neutralize","floor":6,"key":"SMITH"},{"data":"Well Laid Plans","floor":10,"key":"SMITH"},{"data":"Dagger Spray","floor":12,"key":"SMITH"},{"data":"Phantasmal Killer","floor":15,"key":"SMITH"},{"data":"Setup","floor":23,"key":"SMITH"},{"floor":25,"key":"REST"},{"data":"Tactician","floor":32,"key":"SMITH"},{"floor":40,"key":"REST"},{"floor":42,"key":"REST"},{"data":"Expertise","floor":45,"key":"SMITH"}],"lesson_learned_per_floor":[[],[],[],[],[],[],[],[],[],[],[],[],[],[],[],[],[],[],[],[],[],[],[],[],[],[],[],[],[],[],[],[],[],[],[],[],[],[],[],[],[],[],[],[],[],[]],"neow_cost":"NO_GOLD","improvable_cards":{},"seed_source_timestamp":35126114633180,"shop_contents":[{"floor":8,"relics":["Omamori","The Specimen","ClockworkSouvenir"],"cards":["Flechettes","Sucker Punch","Deflect","Outmaneuver","Infinite Blades","Mind Blast","Violence"],"potions":["FearPotion","EntropicBrew","ColorlessPotion"]},{"floor":30,"relics":["War Paint","Medical Kit"],"cards":["Finisher","All Out Attack","Infinite Blades","Bandage Up","Magnetism"],"potions":["BlessingOfTheForge","Ancient Potion","Fire Potion"]}],"circlet_count":0,"master_deck":["AscendersBane","Survivor","Neutralize+1","Well Laid Plans+1","Endless Agony","Backstab","Phantasmal Killer+1","Dagger Spray+1","Backflip","Blade Dance","Burst","Setup+1","Quick Slash","Doppelganger","Glass Knife","Envenom","PiercingWail+1","Blade Dance","Terror","Acrobatics","Cloak And Dagger","PiercingWail","Outmaneuver","PiercingWail","Backflip","Tactician+1","Acrobatics","Deflect+1","PiercingWail","Night Terror","Writhe","Expertise+1"],"potion_use_per_floor":[[],[],[],[],[],[],["SteroidPotion"],[],[],[],["Fruit Juice"],[],[],[],[],[],[],["EssenceOfSteel"],[],[],[],[],[],[],[],[],["GamblersBrew"],[],[],[],[],[],["Dexterity Potion","FairyPotion"],[],[],[],[],["SpeedPotion"],["EssenceOfSteel"],[],["Strength Potion"],[],[],[],[],[]],"relics":["Ring of the Snake","Golden Idol","Shuriken","Bag of Preparation","Pandora\u0027s Box","Bottled Flame","Lantern","WingedGreaves","Toy Ornithopter","Happy Flower","Cursed Key","Bronze Scales"],"potions_floor_usage":[7,11,18,27,33,38,39,41],"damage_taken":[{"damage":0,"enemies":"Small Slimes","floor":1,"turns":4},{"damage":2,"enemies":"Jaw Worm","floor":3,"turns":8},{"damage":0,"enemies":"Cultist","floor":4,"turns":3},{"damage":12,"enemies":"Lagavulin","floor":7,"turns":7},{"damage":4,"enemies":"Exordium Wildlife","floor":11,"turns":4},{"damage":0,"enemies":"Looter","floor":13,"turns":2},{"damage":0,"enemies":"Gremlin Gang","floor":14,"turns":1},{"damage":0,"enemies":"The Guardian","floor":16,"turns":8},{"damage":15,"enemies":"2 Thieves","floor":18,"turns":3},{"damage":0,"enemies":"Spheric Guardian","floor":19,"turns":2},{"damage":0,"enemies":"3 Cultists","floor":20,"turns":4},{"damage":5,"enemies":"Snake Plant","floor":21,"turns":4},{"damage":4,"enemies":"Chosen and Byrds","floor":22,"turns":3},{"damage":22,"enemies":"Slavers","floor":24,"turns":3},{"damage":16,"enemies":"Gremlin Leader","floor":27,"turns":4},{"damage":1,"enemies":"Cultist and Chosen","floor":28,"turns":3},{"damage":0,"enemies":"Book of Stabbing","floor":29,"turns":3},{"damage":1,"enemies":"Snake Plant","floor":31,"turns":4},{"damage":30,"enemies":"Champ","floor":33,"turns":7},{"damage":0,"enemies":"Orb Walker","floor":35,"turns":2},{"damage":1,"enemies":"3 Shapes","floor":37,"turns":5},{"damage":45,"enemies":"Jaw Worm Horde","floor":38,"turns":5},{"damage":15,"enemies":"Spire Growth","floor":39,"turns":4},{"damage":0,"enemies":"Nemesis","floor":41,"turns":3},{"damage":4,"enemies":"Writhing Mass","floor":44,"turns":6},{"damage":46,"enemies":"Reptomancer","floor":46,"turns":2}],"green_key_taken_log":24,"seed_played":"-7701698753015898543","neow_bonus_log":{"cardsObtained":[],"cardsUpgraded":[],"cardsRemoved":["Defend_G","Strike_G"],"cardsTransformed":[],"relicsObtained":[],"maxHpGained":0,"goldGained":0,"damageTaken":0,"goldLost":99,"maxHpLost":0},"potions_obtained":[{"floor":1,"key":"GamblersBrew"},{"floor":3,"key":"SteroidPotion"},{"floor":7,"key":"Fruit Juice"},{"floor":11,"key":"EssenceOfSteel"},{"floor":18,"key":"Ancient Potion"},{"floor":19,"key":"FairyPotion"},{"floor":29,"key":"Dexterity Potion"},{"floor":37,"key":"SpeedPotion"},{"floor":38,"key":"EssenceOfSteel"},{"floor":39,"key":"Strength Potion"}],"is_trial":false,"path_per_floor":["M","?","M","M","?","R","E","$","T","R","M","R","M","M","R","B",null,"M","M","M","M","M","R","E","R","T","E","M","E","$","M","R","B",null,"M","?","M","M","M","R","E","R","T","M","R","E"],"character_chosen":"THE_SILENT","basemod:card_modifiers":[null,null,null,null,null,null,null,null,null,null,null,null,null,null,null,null,null,null,null,null,null,null,null,null,null,null,null,null,null,null,null,null],"items_purchased":["Backflip","Happy Flower","Tactician"],"campfire_rested":3,"item_purchase_floors":[30,30,30],"current_hp_per_floor":[59,59,57,57,57,57,45,45,45,45,46,46,46,46,46,46,60,45,45,45,40,36,36,14,33,33,17,16,16,16,15,15,19,54,54,54,53,13,3,22,27,46,46,42,42,0],"gold":290,"neow_bonus":"REMOVE_TWO","is_prod":false,"is_daily":false,"rewards_skipped":[{"floor":21,"relics":[],"potions":["LiquidBronze"]},{"floor":31,"relics":[],"potions":["Strength Potion"]}],"chose_seed":false,"campfire_upgraded":7,"win_rate":0,"floor_exit_playtime":[214,217,370,403,431,443,612,657,665,673,734,740,781,819,828,1043,1317,1456,1563,1672,1749,1863,1890,2261,2268,2272,2490,2600,2667,2733,2864,2874,3145,3287,3388,3415,3630,3810,3973,3979,4071,4128,4135,4454,4465],"timestamp":1678154042,"blue_key_relic_skipped_log":{"floor":43,"relicID":"Smiling Mask"},"path_taken":["M","?","M","M","?","R","E","?","T","R","M","R","M","M","R","BOSS","M","M","M","M","M","R","E","R","T","E","M","E","$","M","R","BOSS","M","?","?","M","M","R","E","R","T","M","R","E"],"build_version":"2022-12-18","purchased_purges":2,"victory":false,"max_hp_per_floor":[66,60,60,60,60,60,60,60,60,60,65,65,65,65,65,65,65,65,65,65,65,65,65,65,65,65,65,65,65,65,65,65,65,65,65,65,65,65,65,65,65,65,65,65,65,65],"relic_stats":{"Happy Flower":[12],"counters":[26,104],"Golden Idol":143,"Bag of Preparation":[45],"Cursed Key":1,"Bottled Flame":"Backstab","Shuriken":[80],"Bronze Scales":[39],"Pandora\u0027s Box":["Setup","Quick Slash","Doppelganger","Glass Knife","Envenom","Bane"],"WingedGreaves":1,"obtain_stats":[{"Bottled Flame":24,"Lantern":26,"Happy Flower":30,"Golden Idol":2,"Shuriken":7,"Bronze Scales":41,"Pandora\u0027s Box":17,"WingedGreaves":27,"Bag of Preparation":9,"Cursed Key":34,"Toy Ornithopter":29,"Ring of the Snake":0},{"Bottled Flame":14,"Lantern":14,"Happy Flower":17,"Golden Idol":1,"Shuriken":4,"Bronze Scales":24,"Pandora\u0027s Box":8,"WingedGreaves":15,"Bag of Preparation":4,"Cursed Key":19,"Toy Ornithopter":17,"Ring of the Snake":0},{"Bottled Flame":56,"Lantern":56,"Happy Flower":66,"Golden Idol":4,"Shuriken":22,"Bronze Scales":96,"Pandora\u0027s Box":37,"WingedGreaves":60,"Bag of Preparation":22,"Cursed Key":77,"Toy Ornithopter":66,"Ring of the Snake":0}],"Toy Ornithopter":20,"Ring of the Snake":[57]},"card_choices":[{"not_picked":["Cloak And Dagger","Crippling Poison"],"picked":"Well Laid Plans","floor":1},{"not_picked":["Bouncing Flask","Sucker Punch"],"picked":"Endless Agony","floor":3},{"not_picked":["Outmaneuver","Dodge and Roll"],"picked":"Backstab","floor":4},{"not_picked":["Predator","Dash"],"picked":"Phantasmal Killer","floor":7},{"not_picked":["Deflect","Flying Knee"],"picked":"Dagger Spray","floor":11},{"not_picked":["Infinite Blades","Noxious Fumes"],"picked":"Backflip","floor":13},{"not_picked":["Deflect","Footwork"],"picked":"Blade Dance","floor":14},{"not_picked":["Corpse Explosion","Doppelganger"],"picked":"Burst","floor":16},{"not_picked":["Dagger Spray","Backflip"],"picked":"PiercingWail+1","floor":18},{"not_picked":["Accuracy","Underhanded Strike"],"picked":"Blade Dance","floor":19},{"not_picked":["Footwork","Bane"],"picked":"Terror","floor":20},{"not_picked":["Dagger Spray","Blade Dance","Expertise"],"picked":"SKIP","floor":21},{"not_picked":["Bouncing Flask","Cloak And Dagger"],"picked":"Acrobatics","floor":22},{"not_picked":["Caltrops","Blade Dance"],"picked":"Cloak And Dagger","floor":24},{"not_picked":["Backstab+1","Endless Agony+1"],"picked":"PiercingWail","floor":27},{"not_picked":["Slice","Concentrate"],"picked":"Outmaneuver","floor":28},{"not_picked":["Envenom","Deadly Poison"],"picked":"PiercingWail","floor":29},{"not_picked":["Slice+1","Footwork"],"picked":"Acrobatics","floor":31},{"not_picked":["Doppelganger","Storm of Steel","Envenom"],"picked":"SKIP","floor":33},{"not_picked":["Bouncing Flask+1","Reflex"],"picked":"Deflect+1","floor":35},{"not_picked":["Poisoned Stab","Dodge and Roll"],"picked":"PiercingWail","floor":37},{"not_picked":["Dagger Throw","Dodge and Roll","Bane"],"picked":"SKIP","floor":38},{"not_picked":["Cloak And Dagger","Slice","Underhanded Strike"],"picked":"SKIP","floor":39},{"not_picked":["Slice+1","Bane"],"picked":"Night Terror","floor":41},{"not_picked":["Dagger Throw+1","Heel Hook+1"],"picked":"Expertise","floor":44}],"player_experience":5278288,"relics_obtained":[{"floor":7,"key":"Shuriken"},{"floor":9,"key":"Bag of Preparation"},{"floor":24,"key":"Bottled Flame"},{"floor":26,"key":"Lantern"},{"floor":27,"key":"WingedGreaves"},{"floor":29,"key":"Toy Ornithopter"},{"floor":41,"key":"Bronze Scales"}],"event_choices":[{"damage_healed":0,"gold_gain":0,"player_choice":"Lose Max HP","damage_taken":0,"relics_obtained":["Golden Idol"],"max_hp_gain":0,"max_hp_loss":6,"event_name":"Golden Idol","floor":2,"gold_loss":0},{"damage_healed":0,"gold_gain":0,"cards_transformed":["Defend_G"],"player_choice":"Change","damage_taken":0,"max_hp_gain":0,"max_hp_loss":0,"event_name":"Living Wall","floor":5,"gold_loss":0,"cards_obtained":["Bane"]},{"cards_removed":["Bane"],"damage_healed":0,"gold_gain":0,"player_choice":"Purged","damage_taken":0,"max_hp_gain":0,"max_hp_loss":0,"event_name":"Purifier","floor":36,"gold_loss":0}],"is_beta":false,"boss_relics":[{"not_picked":["Ring of the Serpent","Tiny House"],"picked":"Pandora\u0027s Box"},{"not_picked":["Snecko Eye","Busted Crown"],"picked":"Cursed Key"}],"items_purged_floors":[8,30],"is_endless":false,"potions_floor_spawned":[1,3,7,11,18,19,21,29,31,37,38,39],"killed_by":"Reptomancer","ascension_level":20,"potion_discard_per_floor":[[],[],[],[],[],[],[],[],[],[],[],[],[],[],[],[],[],[],["Ancient Potion"],[],[],[],[],[],[],[],[],[],[],[],[],[],[],[],[],[],[],[],[],[],[],[],[],[],[],[]]}