{"neow_bonuses_skipped_log":["REMOVE_CARD","THREE_SMALL_POTIONS","BOSS_RELIC"],"potions_obtained_entropic_brew":[[],[],[],[],[],[],[],[],[],[],[],[],[],[],[],[],[],[],[],[],[],[],[],[],[],[],[],[],[],[],[],[],[],[],[],[],[],[],[],[],[],[],[],[],[],[],[],[],[],[],[],[],[],[],[],[],[]],"neow_costs_skipped_log":["NONE","NONE","NONE"],"gold_per_floor":[110,129,279,292,312,312,18,43,43,68,16,47,57,76,76,154,154,169,85,85,104,104,104,132,150,197,26,26,26,52,52,52,129,129,149,159,170,183,196,196,230,244,244,244,275,294,321,321,321,321,321,321,321,61,88,88],"floor_reached":57,"playtime":6523,"items_purged":["Doubt","Defend_G"],"score":3079,"play_id":"e6d97762-cab4-4de4-aa35-ced98ace338b","local_time":"20230310204913","score_breakdown":["Floors Climbed (57): 285","Enemies Slain (16): 32","Exordium Elites Killed (3): 30","City Elites Killed (2): 40","Beyond Elites Killed (3): 90","Bosses Slain (5): 750","Collector (2): 50","Librarian: 25","Champion (5): 125","Overkill: 25","Ascension (20): 1377","Heartbreaker: 250"],"is_ascension_mode":true,"potions_obtained_alchemize":[[],[],[],[],[],[],[],[],[],[],[],[],[],[],[],[],[],[],[],[],[],[],[],[],[],[],[],[],[],[],[],[],[],[],[],[],[],[],[],[],[],[],[],[],[],[],[],[],[],[],[],[],[],[],[],[],[]],"campfire_choices":[{"data":"Predator","floor":6,"key":"SMITH"},{"data":"Wraith Form v2","floor":15,"key":"SMITH"},{"data":"Wraith Form v2","floor":23,"key":"SMITH"},{"data":"Bullet Time","floor":32,"key":"SMITH"},{"floor":40,"key":"RECALL"},{"data":"J.A.X.","floor":44,"key":"SMITH"},{"data":"Night Terror","floor":49,"key":"SMITH"},{"data":"After Image","floor":53,"key":"SMITH"}],"lesson_learned_per_floor":[[],[],[],[],[],[],[],[],[],[],[],[],[],[],[],[],[],[],[],[],[],[],[],[],[],[],[],[],[],[],[],[],[],[],[],[],[],[],[],[],[],[],[],[],[],[],[],[],[],[],[],[],[],[],[],[],[]],"neow_cost":"TEN_PERCENT_HP_LOSS","improvable_cards":{"RitualDagger+1":[80]},"seed_source_timestamp":44953421561317,"shop_contents":[{"floor":7,"relics":["Singing Bowl","ClockworkSouvenir"],"cards":["Choke","Deadly Poison","Catalyst","Accuracy","Enlightenment","Panache"],"potions":["Poison Potion","Poison Potion","SteroidPotion"]},{"floor":11,"relics":["FossilizedHelix","Du-Vu Doll","HandDrill"],"cards":["Bane+1","Distraction","Dodge and Roll","Footwork","Panacea","Thinking Ahead"],"potions":["EntropicBrew","Block Potion","LiquidMemories"]},{"floor":19,"relics":["Torii","Orichalcum","TwistedFunnel"],"cards":["Flying Knee+1","Skewer+1","Prepared","Footwork","PanicButton","Panache"],"potions":["AttackPotion","Fire Potion","LiquidBronze"]},{"floor":27,"relics":["Regal Pillow","Mercury Hourglass","Sling"],"cards":["Choke+1","All Out Attack+1","Deflect","Caltrops","Sadistic Nature"],"potions":["EntropicBrew","Fire Potion","Dexterity Potion"]},{"floor":54,"relics":["Oddly Smooth Stone","Toy Ornithopter"],"cards":["Masterful Stab+1","Endless Agony+1","Concentrate","Night Terror","Accuracy","Bandage Up","Mayhem"],"potions":["SkillPotion","Regen Potion","Regen Potion"]}],"circlet_count":0,"master_deck":["AscendersBane","Defend_G","Defend_G","Survivor","Neutralize","Poisoned Stab","Wraith Form v2+1","Dagger Throw","Deflect","Predator+1","Infinite Blades","Slice","Flying Knee+1","Wraith Form v2+1","Dagger Spray+1","Sucker Punch+1","Backflip","Calculated Gamble+1","After Image+1","Well Laid Plans+1","Bullet Time+1","Bite+1","Bite+1","Bite+1","Bite+1","Bite+1","Acrobatics+1","Shame","Backflip","PiercingWail+1","Terror","Flash of Steel+1","Wraith Form v2+1","RitualDagger+1","Acrobatics","J.A.X.+1","Leg Sweep+1","Acrobatics+1","Blade Dance","Acrobatics","Night Terror+1","Caltrops","Tools of the Trade","Prepared+1"],"potion_use_per_floor":[[],[],[],[],[],[],[],["EssenceOfSteel"],[],[],[],[],[],[],[],[],[],[],[],[],[],[],[],[],[],[],[],[],[],[],[],[],[],[],[],[],[],[],[],[],[],[],[],[],[],[],[],[],[],[],[],[],[],[],["CunningPotion"],["DuplicationPotion","Fire Potion"],[]],"relics":["Ring of the Snake","Pen Nib","Molten Egg 2","Paper Crane","Kunai","Matryoshka","Coffee Dripper","Juzu Bracelet","Nunchaku","War Paint","Bag of Marbles","White Beast Statue","SlaversCollar","Pear","Strawberry","Unceasing Top","Bottled Flame","Orrery","Happy Flower"],"potions_floor_usage":[8,55,56,56],"damage_taken":[{"damage":0,"enemies":"Small Slimes","floor":1,"turns":3},{"damage":0,"enemies":"Jaw Worm","floor":2,"turns":4},{"damage":0,"enemies":"2 Louse","floor":4,"turns":2},{"damage":5,"enemies":"Exordium Thugs","floor":5,"turns":5},{"damage":1,"enemies":"3 Sentries","floor":8,"turns":6},{"damage":1,"enemies":"Lagavulin","floor":10,"turns":7},{"damage":2,"enemies":"3 Sentries","floor":12,"turns":5},{"damage":0,"enemies":"2 Fungi Beasts","floor":13,"turns":4},{"damage":3,"enemies":"Large Slime","floor":14,"turns":4},{"damage":2,"enemies":"Slime Boss","floor":16,"turns":10},{"damage":0,"enemies":"Spheric Guardian","floor":18,"turns":7},{"damage":2,"enemies":"Chosen","floor":21,"turns":6},{"damage":22,"enemies":"Book of Stabbing","floor":24,"turns":9},{"damage":0,"enemies":"Centurion and Healer","floor":25,"turns":7},{"damage":0,"enemies":"Gremlin Leader","floor":30,"turns":10},{"damage":38,"enemies":"Champ","floor":33,"turns":16},{"damage":3,"enemies":"3 Darklings","floor":35,"turns":8},{"damage":1,"enemies":"3 Shapes","floor":36,"turns":7},{"damage":1,"enemies":"3 Darklings","floor":37,"turns":6},{"damage":4,"enemies":"4 Shapes","floor":38,"turns":8},{"damage":2,"enemies":"Writhing Mass","floor":39,"turns":6},{"damage":1,"enemies":"Reptomancer","floor":41,"turns":6},{"damage":2,"enemies":"Maw","floor":42,"turns":9},{"damage":1,"enemies":"Nemesis","floor":45,"turns":5},{"damage":1,"enemies":"Transient","floor":46,"turns":6},{"damage":2,"enemies":"Giant Head","floor":47,"turns":8},{"damage":22,"enemies":"Time Eater","floor":50,"turns":14},{"damage":8,"enemies":"Donu and Deca","floor":51,"turns":13},{"damage":1,"enemies":"Shield and Spear","floor":55,"turns":8},{"damage":15,"enemies":"The Heart","floor":56,"turns":8}],"green_key_taken_log":30,"seed_played":"-1815050799346851959","neow_bonus_log":{"cardsObtained":["Poisoned Stab","Wraith Form v2"],"cardsUpgraded":[],"cardsRemoved":[],"cardsTransformed":["Strike_G","Defend_G"],"relicsObtained":[],"maxHpGained":0,"goldGained":0,"damageTaken":0,"goldLost":0,"maxHpLost":6},"potions_obtained":[{"floor":5,"key":"EssenceOfSteel"},{"floor":14,"key":"DuplicationPotion"},{"floor":16,"key":"SpeedPotion"},{"floor":18,"key":"DistilledChaos"},{"floor":33,"key":"CunningPotion"},{"floor":55,"key":"Fire Potion"}],"is_trial":false,"path_per_floor":["M","M","?","M","M","R","$","E","T","E","$","E","M","M","R","B",null,"M","$","?","M","?","R","E","M","T","$","?","?","E","?","R","B",null,"M","M","M","M","M","R","E","M","T","R","E","M","E","?","R","B","B",null,"R","$","E","B",null],"character_chosen":"THE_SILENT","basemod:card_modifiers":[null,null,null,null,null,null,null,null,null,null,null,null,null,null,null,null,null,null,null,null,null,null,null,null,null,null,null,null,null,null,null,null,null,null,null,null,null,null,null,null,null,null,null,null],"items_purchased":["Slice","Pen Nib","Dagger Spray+1","Bullet Time","Terror","Flash of Steel+1","Orrery"],"campfire_rested":0,"item_purchase_floors":[7,7,11,19,27,27,54],"current_hp_per_floor":[59,59,59,59,54,54,54,53,53,52,52,50,50,47,47,45,56,56,56,42,40,40,40,41,42,42,42,42,36,42,42,42,42,42,42,42,42,42,42,42,52,52,59,59,59,59,59,59,59,58,59,59,59,59,59,59],"gold":88,"neow_bonus":"TRANSFORM_TWO_CARDS","is_prod":false,"is_daily":false,"rewards_skipped":[{"floor":35,"relics":[],"potions":["EssenceOfSteel"]},{"floor":36,"relics":[],"potions":["BlessingOfTheForge"]},{"floor":37,"relics":[],"potions":["Weak Potion"]},{"floor":38,"relics":[],"potions":["AttackPotion"]},{"floor":39,"relics":[],"potions":["BlessingOfTheForge"]},{"floor":41,"relics":[],"potions":["Fire Potion"]},{"floor":42,"relics":[],"potions":["SmokeBomb"]},{"floor":45,"relics":[],"potions":["AttackPotion"]},{"floor":46,"relics":[],"potions":["SkillPotion"]},{"floor":47,"relics":[],"potions":["Fire Potion"]}],"chose_seed":false,"campfire_upgraded":7,"win_rate":0,"floor_exit_playtime":[176,282,311,349,492,498,794,922,929,1152,1184,1275,1359,1420,1435,1677,1741,1824,1936,1985,2104,2165,2171,2332,2445,2472,2499,2504,2515,2788,3065,3131,3636,3707,3860,4016,4235,4395,4544,4555,4692,4849,4865,4874,5043,5153,5341,5359,5367,5686,5965,5977,5988,6056,6252,6523],"timestamp":1678499353,"blue_key_relic_skipped_log":{"floor":43,"relicID":"Turnip"},"path_taken":["M","M","?","M","M","R","$","E","T","E","$","E","M","M","R","BOSS","M","$","?","M","?","R","E","M","T","$","?","?","E","?","R","BOSS","M","M","M","M","M","R","E","M","T","R","E","M","E","?","R","BOSS","BOSS","R","$","E","BOSS"],"build_version":"2022-12-18","purchased_purges":2,"victory":true,"max_hp_per_floor":[60,60,60,60,60,60,60,60,60,60,60,60,60,60,60,60,60,60,60,42,42,42,42,42,42,42,42,42,42,42,42,42,42,42,42,42,42,42,42,42,52,52,59,59,59,59,59,59,59,59,59,59,59,59,59,59],"relic_stats":{"Happy Flower":[2],"counters":[30,217],"Pen Nib":[50],"Juzu Bracelet":1,"War Paint":["PiercingWail","Calculated Gamble"],"White Beast Statue":[0.0,0.0,0.0,0.4,0.0,0.6000000000000001,0.0,0.0,0.0,0.0,0.0,5.653687091200003],"Nunchaku":[37],"Bottled Flame":"RitualDagger","Matryoshka":2,"Kunai":[107],"obtain_stats":[{"Pear":41,"Happy Flower":55,"Pen Nib":7,"Juzu Bracelet":22,"Paper Crane":9,"War Paint":26,"White Beast Statue":30,"SlaversCollar":34,"Nunchaku":24,"Bottled Flame":47,"Matryoshka":12,"Strawberry":43,"Orrery":54,"Molten Egg 2":8,"Coffee Dripper":17,"Bag of Marbles":26,"Kunai":10,"Unceasing Top":45,"Ring of the Snake":0},{"Pear":22,"Happy Flower":29,"Pen Nib":4,"Juzu Bracelet":12,"Paper Crane":5,"War Paint":14,"White Beast Statue":15,"SlaversCollar":16,"Nunchaku":13,"Bottled Flame":26,"Matryoshka":7,"Strawberry":23,"Orrery":28,"Molten Egg 2":5,"Coffee Dripper":10,"Bag of Marbles":14,"Kunai":6,"Unceasing Top":24,"Ring of the Snake":0},{"Pear":146,"Happy Flower":209,"Pen Nib":14,"Juzu Bracelet":63,"Paper Crane":20,"War Paint":79,"White Beast Statue":89,"SlaversCollar":105,"Nunchaku":72,"Bottled Flame":174,"Matryoshka":32,"Strawberry":155,"Orrery":201,"Molten Egg 2":20,"Coffee Dripper":50,"Bag of Marbles":79,"Kunai":27,"Unceasing Top":160,"Ring of the Snake":0}],"Unceasing Top":[0],"Ring of the Snake":[60]},"card_choices":[{"not_picked":["Cloak And Dagger","Acrobatics"],"picked":"Dagger Throw","floor":1},{"not_picked":["Reflex","Bane"],"picked":"Deflect","floor":2},{"not_picked":["Dagger Spray","Backflip"],"picked":"Predator","floor":4},{"not_picked":["Dagger Throw","Bane"],"picked":"Infinite Blades","floor":5},{"not_picked":["Eviscerate+1","Deadly Poison"],"picked":"Flying Knee+1","floor":8},{"not_picked":["Blade Dance","Infinite Blades"],"picked":"Wraith Form v2","floor":10},{"not_picked":["Noxious Fumes","Deflect"],"picked":"Sucker Punch+1","floor":12},{"not_picked":["Sucker Punch+1","All Out Attack+1"],"picked":"Backflip","floor":13},{"not_picked":["Masterful Stab+1","Footwork"],"picked":"Calculated Gamble","floor":14},{"not_picked":["Phantasmal Killer","Unload+1"],"picked":"After Image","floor":16},{"not_picked":["Dagger Throw+1","Blade Dance"],"picked":"Well Laid Plans+1","floor":18},{"not_picked":["Infinite Blades","Dagger Throw+1"],"picked":"Acrobatics+1","floor":21},{"not_picked":["Footwork","Flying Knee+1"],"picked":"Backflip","floor":24},{"not_picked":["Dagger Spray+1","Flying Knee+1"],"picked":"PiercingWail","floor":25},{"not_picked":["Deadly Poison","Die Die Die+1"],"picked":"Acrobatics","floor":30},{"not_picked":["Unload+1","Glass Knife+1","Storm of Steel"],"picked":"SKIP","floor":33},{"not_picked":["Slice+1","Dagger Spray+1","Flying Knee+1"],"picked":"SKIP","floor":35},{"not_picked":["Noxious Fumes","Escape Plan+1","Dagger Spray+1"],"picked":"SKIP","floor":36},{"not_picked":["Heel Hook+1","Bane+1","Riddle With Holes+1"],"picked":"SKIP","floor":37},{"not_picked":["Dagger Throw+1","Distraction","Masterful Stab+1"],"picked":"SKIP","floor":38},{"not_picked":["Caltrops","Quick Slash+1"],"picked":"Leg Sweep+1","floor":39},{"not_picked":["Skewer+1","Footwork"],"picked":"Acrobatics+1","floor":41},{"not_picked":["Distraction+1","Noxious Fumes","Slice+1"],"picked":"SKIP","floor":42},{"not_picked":["Distraction+1","Noxious Fumes","Slice+1"],"picked":"SKIP","floor":42},{"not_picked":["Dagger Throw+1","Sucker Punch+1"],"picked":"Blade Dance","floor":45},{"not_picked":["Dagger Throw+1","Concentrate+1"],"picked":"Acrobatics","floor":46},{"not_picked":["Outmaneuver","Dagger Spray+1"],"picked":"Night Terror","floor":47},{"not_picked":["Poisoned Stab+1","Distraction"],"picked":"Tools of the Trade","floor":54},{"not_picked":["Accuracy","Dodge and Roll+1","Choke+1"],"picked":"SKIP","floor":54},{"not_picked":["Bouncing Flask","Finisher+1","Quick Slash+1"],"picked":"SKIP","floor":54},{"not_picked":["Underhanded Strike+1","Choke+1","Sucker Punch+1"],"picked":"SKIP","floor":54},{"not_picked":["Dagger Spray+1","Sucker Punch+1","Dodge and Roll+1"],"picked":"SKIP","floor":54},{"not_picked":["Choke+1","Dagger Spray+1"],"picked":"Prepared+1","floor":55}],"player_experience":5327599,"relics_obtained":[{"floor":8,"key":"Molten Egg 2"},{"floor":9,"key":"Paper Crane"},{"floor":10,"key":"Kunai"},{"floor":12,"key":"Matryoshka"},{"floor":24,"key":"Nunchaku"},{"floor":26,"key":"War Paint"},{"floor":26,"key":"Bag of Marbles"},{"floor":30,"key":"White Beast Statue"},{"floor":41,"key":"Pear"},{"floor":43,"key":"Strawberry"},{"floor":45,"key":"Unceasing Top"},{"floor":47,"key":"Bottled Flame"},{"floor":55,"key":"Happy Flower"}],"event_choices":[{"damage_healed":0,"gold_gain":150,"player_choice":"AGREE","damage_taken":0,"max_hp_gain":0,"max_hp_loss":0,"event_name":"Liars Game","floor":3,"gold_loss":0,"cards_obtained":["Doubt"]},{"damage_healed":0,"gold_gain":0,"player_choice":"Became a vampire","damage_taken":0,"max_hp_gain":0,"max_hp_loss":18,"event_name":"Vampires","floor":20,"gold_loss":0,"cards_obtained":["Bite","Bite","Bite","Bite","Bite"]},{"damage_healed":0,"gold_gain":0,"player_choice":"Stole Relic","damage_taken":0,"relics_obtained":["Juzu Bracelet"],"max_hp_gain":0,"max_hp_loss":0,"event_name":"Addict","floor":22,"gold_loss":0,"cards_obtained":["Shame"]},{"damage_healed":0,"gold_gain":0,"player_choice":"Copied","damage_taken":0,"max_hp_gain":0,"max_hp_loss":0,"event_name":"Duplicator","floor":28,"gold_loss":0,"cards_obtained":["Wraith Form v2"]},{"damage_healed":0,"gold_gain":0,"player_choice":"Joined the Cult","damage_taken":6,"max_hp_gain":0,"max_hp_loss":0,"event_name":"Nest","floor":29,"gold_loss":0,"cards_obtained":["RitualDagger"]},{"damage_healed":0,"gold_gain":0,"player_choice":"Obtain J.A.X.","damage_taken":0,"max_hp_gain":0,"max_hp_loss":0,"event_name":"Drug Dealer","floor":31,"gold_loss":0,"cards_obtained":["J.A.X."]},{"damage_healed":0,"gold_gain":0,"cards_transformed":["Defend_G"],"player_choice":"Transformed","damage_taken":0,"max_hp_gain":0,"max_hp_loss":0,"event_name":"Transmorgrifier","floor":48,"gold_loss":0,"cards_obtained":["Caltrops"]}],"is_beta":false,"boss_relics":[{"not_picked":["Sozu","WristBlade"],"picked":"Coffee Dripper"},{"not_picked":["Tiny House","Calling Bell"],"picked":"SlaversCollar"}],"items_purged_floors":[7,54],"is_endless":false,"potions_floor_spawned":[5,14,16,18,33,35,36,37,38,39,41,42,45,46,47,55],"ascension_level":20,"potion_discard_per_floor":[[],[],[],[],[],[],[],[],[],[],[],[],[],[],[],[],[],["SpeedPotion"],[],[],[],[],[],[],[],[],[],[],[],[],[],[],["DistilledChaos"],[],[],[],[],[],[],[],[],[],[],[],[],[],[],[],[],[],[],[],[],[],[],[],[]]}