{"neow_bonuses_skipped_log":["THREE_SMALL_POTIONS","TRANSFORM_TWO_CARDS","BOSS_RELIC"],"potions_obtained_entropic_brew":[[],[],[],[],[],[],[],[],[],[],[],[],[],[],[],[],[],[],[],[],[],[],[],[],[],[],[],[],[],[],[],[],[],[],[],[],[],[],[],[],[],[],[],[],[],[],[],[],[],[],[],[],[],[],[],[],[]],"neow_costs_skipped_log":["NONE","NO_GOLD","NONE"],"gold_per_floor":[116,191,37,53,53,53,93,108,178,218,218,239,263,277,277,367,367,382,401,401,401,37,37,71,71,71,90,111,131,170,186,186,282,282,301,634,649,666,34,34,61,61,61,90,103,114,146,172,184,196,208,220,232,39,69,69],"floor_reached":57,"playtime":10919,"items_purged":["Strike_G","Strike_G","Strike_G"],"score":3142,"play_id":"b4018929-3154-46ef-9448-e457a339859f","local_time":"20230307183102","score_breakdown":["Floors Climbed (57): 285","Enemies Slain (18): 36","Exordium Elites Killed (2): 20","City Elites Killed (2): 40","Beyond Elites Killed (3): 90","Bosses Slain (5): 750","Money Money (1325): 25","Librarian: 25","Champion (5): 125","Perfect (1): 50","Overkill: 25","Ascension (20): 1421","Heartbreaker: 250"],"is_ascension_mode":true,"potions_obtained_alchemize":[[],[],[],[],[],[],[],[],[],[],[],[],[],[],[],[],[],[],[],[],[],[],[],[],[],[],[],[],[],[],[],[],[],[],[],[],[],[],[],[],[],[],[],[],[],[],[],[],[],[],[],[],[],[],[],[],[]],"campfire_choices":[{"data":"Deadly Poison","floor":6,"key":"SMITH"},{"data":"Phantasmal Killer","floor":15,"key":"SMITH"},{"data":"Well Laid Plans","floor":23,"key":"SMITH"},{"data":"Ghostly","floor":25,"key":"SMITH"},{"data":"Ghostly","floor":32,"key":"SMITH"},{"data":"Apotheosis","floor":40,"key":"SMITH"},{"data":"Night Terror","floor":42,"key":"SMITH"},{"floor":49,"key":"RECALL"},{"data":"Wraith Form v2","floor":53,"key":"SMITH"}],"lesson_learned_per_floor":[[],[],[],[],[],[],[],[],[],[],[],[],[],[],[],[],[],[],[],[],[],[],[],[],[],[],[],[],[],[],[],[],[],[],[],[],[],[],[],[],[],[],[],[],[],[],[],[],[],[],[],[],[],[],[],[],[]],"neow_cost":"NONE","improvable_cards":{},"seed_source_timestamp":3473036977526,"shop_contents":[{"floor":3,"relics":["Shuriken","Blue Candle","PrismaticShard"],"cards":["Finisher","Dodge and Roll","Storm of Steel","Caltrops","Madness","Secret Weapon"],"potions":["CunningPotion"]},{"floor":22,"relics":["Sundial","Shovel","Chemical X"],"cards":["Quick Slash","Sucker Punch","Prepared","Expertise","Caltrops"],"potions":["LiquidBronze","SmokeBomb","LiquidMemories"]},{"floor":39,"relics":["Torii"],"cards":["Quick Slash","Bane","Phantasmal Killer","Concentrate","Noxious Fumes","Purity"],"potions":["EssenceOfSteel","Regen Potion","Fire Potion"]},{"floor":54,"relics":["Snake Skull","Oddly Smooth Stone","HandDrill"],"cards":["All Out Attack","Sucker Punch","Concentrate","Storm of Steel","Envenom","Trip","Thinking Ahead"],"potions":["Explosive Potion","Weak Potion"]}],"circlet_count":0,"master_deck":["AscendersBane","Strike_G","Strike_G","Defend_G","Defend_G","Defend_G","Defend_G","Survivor","Neutralize","Poisoned Stab","Slice","Deadly Poison+1","Backstab","Phantasmal Killer+1","Well Laid Plans+1","Blade Dance","PiercingWail","Escape Plan","Die Die Die","Leg Sweep","Bouncing Flask+1","Ghostly+1","Ghostly","Ghostly+1","Secret Technique","Good Instincts","Dash+1","Endless Agony","Calculated Gamble","Terror","Night Terror+1","PiercingWail+1","Outmaneuver","Burst","Acrobatics+1","Backflip","Well Laid Plans+1","Blade Dance","Apotheosis+1","Acrobatics","Sucker Punch+1","Deflect+1","Wraith Form v2+1","Adrenaline"],"potion_use_per_floor":[[],[],[],[],[],[],["Fire Potion"],[],[],[],[],[],[],[],[],[],[],["DistilledChaos"],[],[],[],[],[],[],[],[],[],[],[],[],[],[],[],[],[],[],[],[],[],[],[],[],[],[],[],[],[],[],[],[],["Swift Potion"],[],[],[],[],["DistilledChaos","FairyPotion"],[]],"relics":["Ring of the Snake","Boot","Ninja Scroll","Ancient Tea Set","WristBlade","Mercury Hourglass","Pen Nib","Question Card","InkBottle","SlaversCollar","Orrery","PreservedInsect","Orichalcum","Pear","MawBank","Du-Vu Doll"],"potions_floor_usage":[7,18,51,56],"damage_taken":[{"damage":10,"enemies":"Small Slimes","floor":1,"turns":3},{"damage":0,"enemies":"Cultist","floor":4,"turns":4},{"damage":8,"enemies":"Gremlin Nob","floor":7,"turns":3},{"damage":2,"enemies":"Jaw Worm","floor":8,"turns":2},{"damage":27,"enemies":"Lagavulin","floor":10,"turns":6},{"damage":0,"enemies":"Exordium Thugs","floor":12,"turns":3},{"damage":9,"enemies":"Red Slaver","floor":13,"turns":2},{"damage":0,"enemies":"Blue Slaver","floor":14,"turns":2},{"damage":48,"enemies":"Hexaghost","floor":16,"turns":10},{"damage":6,"enemies":"Spheric Guardian","floor":18,"turns":3},{"damage":0,"enemies":"Chosen","floor":19,"turns":2},{"damage":0,"enemies":"Gremlin Leader","floor":24,"turns":6},{"damage":0,"enemies":"3 Cultists","floor":27,"turns":3},{"damage":0,"enemies":"Centurion and Healer","floor":28,"turns":7},{"damage":10,"enemies":"Snake Plant","floor":29,"turns":2},{"damage":0,"enemies":"Slavers","floor":30,"turns":5},{"damage":0,"enemies":"3 Cultists","floor":31,"turns":4},{"damage":12,"enemies":"Champ","floor":33,"turns":10},{"damage":0,"enemies":"Orb Walker","floor":35,"turns":1},{"damage":12,"enemies":"3 Darklings","floor":37,"turns":8},{"damage":2,"enemies":"Spire Growth","floor":38,"turns":5},{"damage":0,"enemies":"Nemesis","floor":41,"turns":6},{"damage":0,"enemies":"Reptomancer","floor":44,"turns":3},{"damage":13,"enemies":"Transient","floor":45,"turns":6},{"damage":0,"enemies":"Writhing Mass","floor":46,"turns":9},{"damage":0,"enemies":"Giant Head","floor":47,"turns":3},{"damage":0,"enemies":"Spire Growth","floor":48,"turns":8},{"damage":0,"enemies":"Awakened One","floor":50,"turns":17},{"damage":2,"enemies":"Donu and Deca","floor":51,"turns":11},{"damage":7,"enemies":"Shield and Spear","floor":55,"turns":5},{"damage":60,"enemies":"The Heart","floor":56,"turns":12}],"green_key_taken_log":10,"seed_played":"7290696719897070682","neow_bonus_log":{"cardsObtained":["Poisoned Stab"],"cardsUpgraded":[],"cardsRemoved":[],"cardsTransformed":["Defend_G"],"relicsObtained":[],"maxHpGained":0,"goldGained":0,"damageTaken":0,"goldLost":0,"maxHpLost":0},"potions_obtained":[{"floor":7,"key":"Energy Potion"},{"floor":10,"key":"Block Potion"},{"floor":16,"key":"DistilledChaos"},{"floor":24,"key":"FairyPotion"},{"floor":27,"key":"FearPotion"},{"floor":31,"key":"PowerPotion"},{"floor":37,"key":"PowerPotion"},{"floor":47,"key":"Swift Potion"}],"is_trial":false,"path_per_floor":["M","?","$","M","?","R","E","M","T","E","?","M","M","M","R","B",null,"M","M","?","T","$","R","E","R","T","M","M","M","E","M","R","B",null,"M","?","M","M","$","R","E","R","T","E","M","M","E","M","R","B","B",null,"R","$","E","B",null],"character_chosen":"THE_SILENT","basemod:card_modifiers":[null,null,null,null,null,null,null,null,null,null,null,null,null,null,null,null,null,null,null,null,null,null,null,null,null,null,null,null,null,null,null,null,null,null,null,null,null,null,null,null,null,null,null,null],"items_purchased":["Masterful Stab","Fire Potion","Fire Potion","Secret Technique","Good Instincts","Orrery","Apotheosis","PreservedInsect","DistilledChaos"],"campfire_rested":0,"item_purchase_floors":[3,3,3,22,22,39,39,39,54],"current_hp_per_floor":[49,38,38,38,38,38,30,28,28,1,60,60,51,51,51,3,46,40,40,30,30,30,30,30,30,30,30,30,20,20,20,20,8,25,25,25,13,11,11,11,11,11,11,21,8,8,8,8,8,8,6,32,32,32,25,12],"gold":69,"neow_bonus":"TRANSFORM_CARD","is_prod":false,"is_daily":false,"rewards_skipped":[{"floor":29,"relics":[],"potions":["Fire Potion"]},{"floor":38,"relics":[],"potions":["Weak Potion"]},{"floor":46,"relics":[],"potions":["SneckoOil"]},{"floor":55,"relics":[],"potions":["Fire Potion"]}],"chose_seed":false,"campfire_upgraded":8,"win_rate":0,"floor_exit_playtime":[402,435,517,594,599,643,771,808,835,958,983,1023,1051,1147,1184,1573,1736,1849,1918,1936,2137,2283,2308,2498,2504,2518,2663,2801,2933,3061,3153,3177,3878,3965,4077,4094,4510,4824,5307,5331,5643,5651,5674,5904,6274,6735,6883,7086,7089,7940,8648,8670,8726,8801,9330,10919],"timestamp":1678231862,"blue_key_relic_skipped_log":{"floor":43,"relicID":"Mummified Hand"},"path_taken":["M","?","$","M","?","R","E","M","T","E","?","M","?","M","R","BOSS","M","M","?","?","$","R","E","R","T","?","M","M","E","M","R","BOSS","M","?","M","M","$","R","E","R","T","E","M","M","E","M","R","BOSS","BOSS","R","$","E","BOSS"],"build_version":"2022-12-18","purchased_purges":3,"victory":true,"max_hp_per_floor":[66,66,66,66,60,60,60,60,60,60,60,60,60,60,60,60,60,60,60,30,30,30,30,30,30,30,30,30,30,30,30,30,30,30,30,30,30,30,30,30,30,30,30,40,40,40,40,40,40,40,40,40,40,40,40,40],"relic_stats":{"counters":[31,170],"Pen Nib":[29],"PreservedInsect":317,"Orichalcum":[186],"Boot":[100],"Ancient Tea Set":[16],"Question Card":21,"MawBank":84,"obtain_stats":[{"Pear":44,"Golden Idol":5,"Pen Nib":24,"PreservedInsect":39,"Orichalcum":41,"Boot":7,"Ancient Tea Set":10,"Question Card":26,"MawBank":47,"Mercury Hourglass":21,"Du-Vu Doll":55,"SlaversCollar":34,"WristBlade":17,"Ninja Scroll":9,"Orrery":39,"InkBottle":30,"Ring of the Snake":0},{"Pear":23,"Golden Idol":2,"Pen Nib":12,"PreservedInsect":21,"Orichalcum":22,"Boot":3,"Ancient Tea Set":5,"Question Card":12,"MawBank":26,"Mercury Hourglass":11,"Du-Vu Doll":30,"SlaversCollar":18,"WristBlade":9,"Ninja Scroll":4,"Orrery":21,"InkBottle":16,"Ring of the Snake":0},{"Pear":99,"Golden Idol":7,"Pen Nib":46,"PreservedInsect":90,"Orichalcum":96,"Boot":10,"Ancient Tea Set":18,"Question Card":46,"MawBank":117,"Mercury Hourglass":40,"Du-Vu Doll":158,"SlaversCollar":76,"WristBlade":35,"Ninja Scroll":12,"Orrery":90,"InkBottle":62,"Ring of the Snake":0}],"InkBottle":[61],"Ring of the Snake":[57],"Mercury Hourglass":[462]},"card_choices":[{"not_picked":["Bane","Escape Plan"],"picked":"Slice","floor":1},{"not_picked":["Dodge and Roll","Slice"],"picked":"Deadly Poison","floor":4},{"not_picked":["Expertise","Dagger Spray"],"picked":"Backstab","floor":7},{"not_picked":["Bane","Skewer"],"picked":"Phantasmal Killer","floor":8},{"not_picked":["Blur","Finisher"],"picked":"Well Laid Plans","floor":10},{"not_picked":["Finisher","Bane"],"picked":"Blade Dance","floor":12},{"not_picked":["Setup","Prepared"],"picked":"PiercingWail","floor":13},{"not_picked":["Grand Finale","Escape Plan","Cloak And Dagger"],"picked":"SKIP","floor":14},{"not_picked":["Grand Finale","Escape Plan","Cloak And Dagger"],"picked":"SKIP","floor":14},{"not_picked":["Grand Finale","Cloak And Dagger"],"picked":"Escape Plan","floor":14},{"not_picked":["Phantasmal Killer","Bullet Time"],"picked":"Die Die Die","floor":16},{"not_picked":["Dagger Throw","Deflect"],"picked":"Leg Sweep","floor":18},{"not_picked":["Well Laid Plans","Quick Slash"],"picked":"Bouncing Flask+1","floor":19},{"not_picked":["Blur","Leg Sweep"],"picked":"Dash+1","floor":24},{"not_picked":["Quick Slash","Deadly Poison","Riddle With Holes","Infinite Blades"],"picked":"SKIP","floor":27},{"not_picked":["Quick Slash","Deadly Poison","Riddle With Holes","Infinite Blades"],"picked":"SKIP","floor":27},{"not_picked":["Accuracy","Cloak And Dagger","Leg Sweep"],"picked":"Endless Agony","floor":28},{"not_picked":["Prepared","Noxious Fumes","Tactician","Cloak And Dagger"],"picked":"SKIP","floor":29},{"not_picked":["Endless Agony","Tools of the Trade","Flechettes"],"picked":"Calculated Gamble","floor":30},{"not_picked":["Acrobatics","Leg Sweep","Concentrate"],"picked":"Terror","floor":31},{"not_picked":["Corpse Explosion","Adrenaline","Unload"],"picked":"Night Terror","floor":33},{"not_picked":["Footwork","Outmaneuver+1","Expertise"],"picked":"PiercingWail+1","floor":35},{"not_picked":["Quick Slash","Sucker Punch","Deflect"],"picked":"Outmaneuver","floor":37},{"not_picked":["Dash","Poisoned Stab","Masterful Stab"],"picked":"Burst","floor":38},{"not_picked":["Grand Finale","Caltrops+1","Dodge and Roll"],"picked":"Acrobatics+1","floor":39},{"not_picked":["Blur","Leg Sweep","Caltrops"],"picked":"Backflip","floor":39},{"not_picked":["Dodge and Roll","Escape Plan","Finisher"],"picked":"Well Laid Plans+1","floor":39},{"not_picked":["Dagger Spray","Phantasmal Killer","Slice"],"picked":"Blade Dance","floor":39},{"not_picked":["Leg Sweep","Slice","Poisoned Stab","Dodge and Roll"],"picked":"SKIP","floor":39},{"not_picked":["Dodge and Roll","Dagger Throw","Blur","Eviscerate"],"picked":"SKIP","floor":41},{"not_picked":["Skewer","Bouncing Flask+1","Footwork"],"picked":"Acrobatics","floor":44},{"not_picked":["Flying Knee+1","Slice","Deadly Poison"],"picked":"Sucker Punch+1","floor":45},{"not_picked":["Flying Knee","Terror","Endless Agony+1"],"picked":"Deflect+1","floor":46},{"not_picked":["Sucker Punch","Outmaneuver","Bane"],"picked":"Wraith Form v2","floor":47},{"not_picked":["Endless Agony+1","Dodge and Roll","Deflect","Dagger Spray"],"picked":"SKIP","floor":48},{"not_picked":["Setup","Flechettes","Tactician"],"picked":"Adrenaline","floor":55}],"player_experience":5286981,"relics_obtained":[{"floor":7,"key":"Boot"},{"floor":9,"key":"Ninja Scroll"},{"floor":10,"key":"Ancient Tea Set"},{"floor":21,"key":"Mercury Hourglass"},{"floor":24,"key":"Pen Nib"},{"floor":26,"key":"Question Card"},{"floor":30,"key":"InkBottle"},{"floor":41,"key":"Orichalcum"},{"floor":44,"key":"Pear"},{"floor":47,"key":"MawBank"},{"floor":55,"key":"Du-Vu Doll"}],"event_choices":[{"damage_healed":0,"gold_gain":75,"player_choice":"Gather Gold","damage_taken":11,"max_hp_gain":0,"max_hp_loss":0,"event_name":"World of Goop","floor":2,"gold_loss":0},{"damage_healed":0,"gold_gain":0,"player_choice":"Lose Max HP","damage_taken":0,"relics_obtained":["Golden Idol"],"max_hp_gain":0,"max_hp_loss":6,"event_name":"Golden Idol","floor":5,"gold_loss":0},{"cards_removed":["Masterful Stab"],"damage_healed":59,"gold_gain":0,"player_choice":"Offered Uncommon","damage_taken":0,"max_hp_gain":0,"max_hp_loss":0,"event_name":"Bonfire Elementals","floor":11,"gold_loss":0},{"damage_healed":0,"gold_gain":0,"player_choice":"Became a Ghost","damage_taken":0,"max_hp_gain":0,"max_hp_loss":30,"event_name":"Ghosts","floor":20,"gold_loss":0,"cards_obtained":["Ghostly","Ghostly","Ghostly"]},{"damage_healed":0,"gold_gain":333,"player_choice":"Gave Idol","damage_taken":0,"max_hp_gain":0,"max_hp_loss":0,"event_name":"The Moai Head","floor":36,"relics_lost":["Golden Idol"],"gold_loss":0}],"is_beta":false,"boss_relics":[{"not_picked":["Ectoplasm","Calling Bell"],"picked":"WristBlade"},{"not_picked":["Astrolabe","HoveringKite"],"picked":"SlaversCollar"}],"items_purged_floors":[22,39,54],"is_endless":false,"potions_floor_spawned":[7,10,16,24,27,29,31,37,38,46,47,55],"ascension_level":20,"potion_discard_per_floor":[[],[],[],[],[],[],[],[],[],["Energy Potion"],[],[],[],[],[],["Block Potion"],[],[],[],[],[],[],[],[],[],[],["Fire Potion"],[],[],[],["FearPotion"],[],[],[],[],[],["PowerPotion"],[],[],[],[],[],[],[],[],[],["PowerPotion"],[],[],[],[],[],[],[],[],[],[]]}