{"neow_bonuses_skipped_log":["TRANSFORM_CARD","TEN_PERCENT_HP_BONUS","BOSS_RELIC"],"potions_obtained_entropic_brew":[[],[],[],[],[],[],[],[],[],[],[],[],[],[],[],[],[],[],[],[],[],[],[],[],[],[],[],[],[],[],[],[],[],[],[],[],[],[],[],[],[],[],[],[],[],[],[],[],[],[],[],[],[],[],[],[],[]],"neow_costs_skipped_log":["NONE","NONE","NONE"],"gold_per_floor":[14,14,29,41,54,54,85,85,85,101,118,130,130,73,73,148,148,163,163,136,153,173,207,207,234,234,252,252,284,301,320,320,395,395,405,152,172,182,201,201,226,226,226,260,260,294,294,313,313,313,313,313,313,11,37,37],"floor_reached":57,"playtime":8804,"items_purged":["Choke","Dagger Spray+1"],"score":3006,"play_id":"14e397ce-d6e9-4528-bbb0-37a56aa161db","local_time":"20230316221418","score_breakdown":["Floors Climbed (57): 285","Enemies Slain (19): 38","Exordium Elites Killed (1): 10","City Elites Killed (3): 60","Beyond Elites Killed (2): 60","Bosses Slain (5): 750","Librarian: 25","Well Fed: 25","Champion (2): 50","Perfect (1): 50","Overkill: 25","C-c-c-combo: 25","Ascension (20): 1353","Heartbreaker: 250"],"is_ascension_mode":true,"potions_obtained_alchemize":[[],[],[],[],[],[],[],[],[],[],[],[],[],[],[],[],[],[],[],[],[],[],[],[],[],[],[],[],[],[],[],[],[],[],[],[],[],[],[],[],[],[],[],[],[],[],[],[],[],[],[],[],[],[],[],[],[]],"campfire_choices":[{"data":"Noxious Fumes","floor":6,"key":"SMITH"},{"data":"Blade Dance","floor":8,"key":"SMITH"},{"data":"Wraith Form v2","floor":13,"key":"SMITH"},{"data":"Dagger Spray","floor":15,"key":"SMITH"},{"data":"Bullet Time","floor":24,"key":"SMITH"},{"data":"Well Laid Plans","floor":32,"key":"SMITH"},{"data":"Night Terror","floor":40,"key":"SMITH"},{"data":"Malaise","floor":42,"key":"SMITH"},{"floor":45,"key":"RECALL"},{"data":"Burst","floor":49,"key":"SMITH"},{"data":"Cloak And Dagger","floor":53,"key":"SMITH"}],"lesson_learned_per_floor":[[],[],[],[],[],[],[],[],[],[],[],[],[],[],[],[],[],[],[],[],[],[],[],[],[],[],[],[],[],[],[],[],[],[],[],[],[],[],[],[],[],[],[],[],[],[],[],[],[],[],[],[],[],[],[],[],[]],"neow_cost":"NO_GOLD","improvable_cards":{},"seed_source_timestamp":10152359783411,"shop_contents":[{"floor":14,"relics":["Strawberry","Potion Belt","Cauldron"],"cards":["Finisher","Sucker Punch","Crippling Poison","Setup","Noxious Fumes","Impatience","Secret Weapon"],"potions":["Dexterity Potion","BlessingOfTheForge"]},{"floor":36,"relics":["Sundial","Orichalcum","Lee\u0027s Waffle"],"cards":["Die Die Die","Bane","Dodge and Roll","Infinite Blades","Dramatic Entrance","Metamorphosis"],"potions":["LiquidBronze","SkillPotion","Weak Potion"]},{"floor":54,"relics":["Letter Opener","Thread and Needle","Medical Kit"],"cards":["Flying Knee","Sucker Punch","Footwork","Dark Shackles","Metamorphosis"],"potions":["AttackPotion","FearPotion"]}],"circlet_count":0,"master_deck":["AscendersBane","Survivor","Neutralize","Burst","Dagger Throw","Noxious Fumes+1","Blade Dance+1","Flying Knee","Wraith Form v2+1","Escape Plan","Bullet Time+1","Envenom","PiercingWail","Predator","Escape Plan","After Image","Burst+1","Envenom","Accuracy","Well Laid Plans+1","Deflect","Terror","Acrobatics","Adrenaline","Bane","Cloak And Dagger+1","Night Terror+1","Acrobatics","Malaise+1","Predator","Outmaneuver","Adrenaline","Well Laid Plans+1","PiercingWail","Calculated Gamble","Adrenaline","Caltrops+1"],"potion_use_per_floor":[[],[],[],[],[],[],["SkillPotion"],[],[],[],[],[],[],[],[],["FearPotion"],[],[],[],[],[],[],[],[],["Swift Potion"],[],[],[],[],[],[],[],[],[],[],[],[],[],[],[],[],[],[],[],[],[],[],[],[],[],[],[],[],[],[],[],[]],"relics":["Ring of the Snake","Bird Faced Urn","Mango","StrikeDummy","Pandora\u0027s Box","Meat on the Bone","Ornamental Fan","Boot","Coffee Dripper","Incense Burner","PreservedInsect","Mummified Hand","Smiling Mask","Nunchaku"],"potions_floor_usage":[7,16,25],"damage_taken":[{"damage":0,"enemies":"2 Louse","floor":1,"turns":3},{"damage":0,"enemies":"Cultist","floor":3,"turns":4},{"damage":10,"enemies":"Jaw Worm","floor":4,"turns":6},{"damage":15,"enemies":"Exordium Wildlife","floor":5,"turns":6},{"damage":19,"enemies":"Lagavulin","floor":7,"turns":7},{"damage":7,"enemies":"Looter","floor":10,"turns":3},{"damage":8,"enemies":"Lots of Slimes","floor":11,"turns":5},{"damage":0,"enemies":"2 Fungi Beasts","floor":12,"turns":3},{"damage":0,"enemies":"Slime Boss","floor":16,"turns":6},{"damage":0,"enemies":"Spheric Guardian","floor":18,"turns":1},{"damage":0,"enemies":"2 Thieves","floor":20,"turns":4},{"damage":8,"enemies":"Centurion and Healer","floor":21,"turns":6},{"damage":0,"enemies":"Snecko","floor":22,"turns":3},{"damage":8,"enemies":"Book of Stabbing","floor":23,"turns":6},{"damage":58,"enemies":"Slavers","floor":25,"turns":7},{"damage":0,"enemies":"Sentry and Sphere","floor":27,"turns":5},{"damage":8,"enemies":"Book of Stabbing","floor":29,"turns":6},{"damage":0,"enemies":"Snake Plant","floor":30,"turns":7},{"damage":8,"enemies":"Cultist and Chosen","floor":31,"turns":7},{"damage":13,"enemies":"Champ","floor":33,"turns":8},{"damage":0,"enemies":"3 Shapes","floor":35,"turns":4},{"damage":0,"enemies":"Orb Walker","floor":37,"turns":3},{"damage":2,"enemies":"Writhing Mass","floor":38,"turns":9},{"damage":3,"enemies":"Spire Growth","floor":39,"turns":5},{"damage":1,"enemies":"Mind Bloom Boss Battle","floor":41,"turns":9},{"damage":0,"enemies":"Nemesis","floor":44,"turns":3},{"damage":0,"enemies":"Giant Head","floor":46,"turns":8},{"damage":1,"enemies":"Transient","floor":48,"turns":6},{"damage":49,"enemies":"Awakened One","floor":50,"turns":23},{"damage":41,"enemies":"Time Eater","floor":51,"turns":18},{"damage":2,"enemies":"Shield and Spear","floor":55,"turns":6},{"damage":20,"enemies":"The Heart","floor":56,"turns":9}],"green_key_taken_log":46,"seed_played":"6072668508978681211","neow_bonus_log":{"cardsObtained":[],"cardsUpgraded":[],"cardsRemoved":[],"cardsTransformed":[],"relicsObtained":["Bird Faced Urn"],"maxHpGained":0,"goldGained":0,"damageTaken":0,"goldLost":99,"maxHpLost":0},"potions_obtained":[{"floor":1,"key":"SkillPotion"},{"floor":11,"key":"LiquidBronze"},{"floor":16,"key":"Ancient Potion"},{"floor":18,"key":"Swift Potion"},{"floor":25,"key":"Energy Potion"},{"floor":27,"key":"DistilledChaos"},{"floor":35,"key":"SteroidPotion"},{"floor":37,"key":"Ancient Potion"},{"floor":44,"key":"Swift Potion"}],"is_trial":false,"path_per_floor":["M","?","M","M","M","R","E","R","T","M","M","M","R","$","R","B",null,"M","?","M","M","M","E","R","E","T","M","?","E","M","M","R","B",null,"M","$","M","M","M","R","?","R","T","E","R","E","?","M","R","B","B",null,"R","$","E","B",null],"character_chosen":"THE_SILENT","basemod:card_modifiers":[null,null,null,null,null,null,null,null,null,null,null,null,null,null,null,null,null,null,null,null,null,null,null,null,null,null,null,null,null,null,null,null,null,null,null,null,null],"items_purchased":["FearPotion","Malaise","GamblersBrew","Calculated Gamble","Adrenaline"],"campfire_rested":0,"item_purchase_floors":[14,36,54,54,54],"current_hp_per_floor":[59,59,59,49,36,36,33,33,33,28,24,26,26,26,26,30,68,70,70,78,80,80,78,78,42,42,56,33,49,63,67,67,68,81,85,85,85,85,85,85,85,85,85,85,85,85,80,85,85,54,53,77,77,77,85,85],"gold":37,"neow_bonus":"ONE_RARE_RELIC","is_prod":false,"is_daily":false,"rewards_skipped":[{"floor":31,"relics":[],"potions":["Poison Potion"]},{"floor":41,"relics":[],"potions":["EssenceOfSteel"]}],"chose_seed":false,"campfire_upgraded":10,"win_rate":0,"floor_exit_playtime":[180,187,249,332,427,457,577,587,597,670,786,899,908,958,967,1272,1475,1612,1698,1900,2046,2136,2437,2444,2855,2960,3166,3204,3473,3700,4012,4019,4431,4535,4652,4763,4872,5124,5233,5241,5429,5443,5446,5685,5700,5886,5907,6096,6140,7117,7640,7651,7679,7793,8436,8804],"timestamp":1679019258,"blue_key_relic_skipped_log":{"floor":26,"relicID":"The Specimen"},"path_taken":["M","?","M","M","?","R","E","R","T","M","M","M","R","$","R","BOSS","M","?","M","M","M","E","R","E","T","M","?","E","M","M","R","BOSS","M","$","M","M","M","R","?","R","T","E","R","E","?","M","R","BOSS","BOSS","R","$","E","BOSS"],"build_version":"2022-12-18","purchased_purges":2,"victory":true,"max_hp_per_floor":[66,66,66,66,66,66,80,80,80,80,80,80,80,80,80,80,80,80,80,80,80,80,80,80,80,80,80,85,85,85,85,85,85,85,85,85,85,85,85,85,85,85,85,85,85,85,85,85,85,85,85,85,85,85,85,85],"relic_stats":{"Nunchaku":[3],"counters":[32,206],"Ornamental Fan":[328],"Mummified Hand":[70],"Bird Faced Urn":[210],"Pandora\u0027s Box":["Envenom","Riddle With Holes","PiercingWail","Predator","Escape Plan","After Image","Burst","Envenom","Accuracy"],"PreservedInsect":257,"Boot":[146],"Smiling Mask":50,"obtain_stats":[{"Mango":7,"PreservedInsect":43,"Incense Burner":41,"Boot":29,"Smiling Mask":46,"Nunchaku":55,"Ornamental Fan":25,"Mummified Hand":44,"Bird Faced Urn":0,"Pandora\u0027s Box":17,"Coffee Dripper":34,"StrikeDummy":9,"Ring of the Snake":0,"Meat on the Bone":23},{"Mango":5,"PreservedInsect":25,"Incense Burner":25,"Boot":17,"Smiling Mask":27,"Nunchaku":31,"Ornamental Fan":15,"Mummified Hand":26,"Bird Faced Urn":0,"Pandora\u0027s Box":9,"Coffee Dripper":20,"StrikeDummy":5,"Ring of the Snake":0,"Meat on the Bone":14},{"Mango":26,"PreservedInsect":133,"Incense Burner":133,"Boot":81,"Smiling Mask":144,"Nunchaku":197,"Ornamental Fan":70,"Mummified Hand":136,"Bird Faced Urn":0,"Pandora\u0027s Box":43,"Coffee Dripper":103,"StrikeDummy":26,"Ring of the Snake":0,"Meat on the Bone":63}],"Ring of the Snake":[64],"Meat on the Bone":36},"card_choices":[{"not_picked":["Outmaneuver","Cloak And Dagger"],"picked":"Choke","floor":1},{"not_picked":["Footwork","Deflect"],"picked":"Dagger Throw","floor":3},{"not_picked":["All Out Attack","Eviscerate"],"picked":"Noxious Fumes","floor":4},{"not_picked":["Sucker Punch","Quick Slash"],"picked":"Blade Dance","floor":5},{"not_picked":["Expertise","Caltrops"],"picked":"Flying Knee","floor":7},{"not_picked":["PiercingWail","Terror"],"picked":"Wraith Form v2","floor":10},{"not_picked":["Dodge and Roll","Poisoned Stab"],"picked":"Escape Plan","floor":11},{"not_picked":["Quick Slash","Sucker Punch"],"picked":"Dagger Spray","floor":12},{"not_picked":["Tools of the Trade","Adrenaline"],"picked":"Bullet Time","floor":16},{"not_picked":["Bouncing Flask","Backstab"],"picked":"Well Laid Plans","floor":18},{"not_picked":["Distraction","Dagger Spray"],"picked":"Deflect","floor":20},{"not_picked":["Quick Slash","Slice","Dodge and Roll"],"picked":"SKIP","floor":21},{"not_picked":["Prepared","Escape Plan"],"picked":"Terror","floor":22},{"not_picked":["Crippling Poison","Dagger Throw+1"],"picked":"Acrobatics","floor":23},{"not_picked":["Grand Finale","Acrobatics"],"picked":"Adrenaline","floor":25},{"not_picked":["Prepared","Dagger Spray","Cloak And Dagger"],"picked":"SKIP","floor":27},{"not_picked":["Flying Knee","Eviscerate"],"picked":"Bane","floor":29},{"not_picked":["Die Die Die","Deadly Poison+1"],"picked":"Cloak And Dagger","floor":30},{"not_picked":["Poisoned Stab","Well Laid Plans","Bouncing Flask"],"picked":"SKIP","floor":31},{"not_picked":["Venomology","Burst"],"picked":"Night Terror","floor":33},{"not_picked":["Blur","Outmaneuver"],"picked":"Acrobatics","floor":35},{"not_picked":["Prepared+1","Sucker Punch"],"picked":"Predator","floor":37},{"not_picked":["Crippling Poison","Slice+1","Noxious Fumes"],"picked":"SKIP","floor":38},{"not_picked":["Crippling Poison","Slice+1","Noxious Fumes"],"picked":"SKIP","floor":38},{"not_picked":["Deflect","Leg Sweep"],"picked":"Outmaneuver","floor":39},{"not_picked":["Slice","Heel Hook"],"picked":"Adrenaline","floor":41},{"not_picked":["Dash","Bouncing Flask+1"],"picked":"Well Laid Plans+1","floor":44},{"not_picked":["Heel Hook","Setup","Underhanded Strike"],"picked":"SKIP","floor":46},{"not_picked":["Bouncing Flask","Dagger Spray"],"picked":"PiercingWail","floor":48},{"not_picked":["Dagger Throw","Concentrate"],"picked":"Caltrops+1","floor":55}],"player_experience":5397556,"relics_obtained":[{"floor":7,"key":"Mango"},{"floor":9,"key":"StrikeDummy"},{"floor":23,"key":"Meat on the Bone"},{"floor":25,"key":"Ornamental Fan"},{"floor":29,"key":"Boot"},{"floor":41,"key":"Incense Burner"},{"floor":43,"key":"PreservedInsect"},{"floor":44,"key":"Mummified Hand"},{"floor":46,"key":"Smiling Mask"},{"floor":55,"key":"Nunchaku"}],"event_choices":[{"damage_healed":0,"gold_gain":0,"cards_transformed":["Defend_G"],"player_choice":"Transformed","damage_taken":0,"max_hp_gain":0,"max_hp_loss":0,"event_name":"Transmorgrifier","floor":2,"gold_loss":0,"cards_obtained":["Burst"]},{"cards_removed":["Riddle With Holes"],"damage_healed":0,"gold_gain":0,"player_choice":"Elegance","damage_taken":0,"max_hp_gain":0,"max_hp_loss":0,"event_name":"Back to Basics","floor":19,"gold_loss":0},{"damage_healed":0,"gold_gain":0,"player_choice":"Shed Blood","damage_taken":28,"max_hp_gain":5,"max_hp_loss":0,"event_name":"Forgotten Altar","floor":28,"gold_loss":0},{"damage_healed":0,"gold_gain":0,"player_choice":"Fight","damage_taken":0,"max_hp_gain":0,"max_hp_loss":0,"event_name":"MindBloom","floor":41,"gold_loss":0},{"damage_healed":0,"gold_gain":0,"player_choice":"Bought 0 Potions","damage_taken":0,"max_hp_gain":0,"max_hp_loss":0,"event_name":"The Woman in Blue","floor":47,"gold_loss":0}],"is_beta":false,"boss_relics":[{"not_picked":["Velvet Choker","Black Star"],"picked":"Pandora\u0027s Box"},{"not_picked":["SlaversCollar","Philosopher\u0027s Stone"],"picked":"Coffee Dripper"}],"items_purged_floors":[36,54],"is_endless":false,"potions_floor_spawned":[1,11,16,18,25,27,31,35,37,41,44],"ascension_level":20,"potion_discard_per_floor":[[],[],[],[],[],[],[],[],[],[],[],[],[],[],[],[],[],["LiquidBronze"],[],[],[],[],[],[],[],[],["Ancient Potion"],[],[],[],[],[],[],[],["Energy Potion"],[],["DistilledChaos"],[],[],[],[],[],[],["Ancient Potion"],[],[],[],[],[],[],[],[],[],["SteroidPotion"],[],[],[]]}