{"neow_bonuses_skipped_log":["RANDOM_COLORLESS","RANDOM_COMMON_RELIC","TWO_FIFTY_GOLD"],"potions_obtained_entropic_brew":[[],[],[],[],[],[],[],[],[],[],[],[],[],[],[],[]],"neow_costs_skipped_log":["NONE","NONE","CURSE"],"gold_per_floor":[149,149,149,149,149,149,149,149,174,174,174,174,174,174,174,174],"floor_reached":16,"playtime":104,"items_purged":[],"score":119,"play_id":"25cf36ac-330f-4298-b091-a21b26ba42fc","local_time":"20220919175859","score_breakdown":["Floors Climbed (16): 80","Enemies Slain (2): 4","Exordium Elites Killed (1): 10","Bosses Slain (0): 0","Champion (1): 25"],"is_ascension_mode":false,"potions_obtained_alchemize":[[],[],[],[],[],[],[],[],[],[],[],[],[],[],[],[]],"campfire_choices":[{"floor":6,"key":"RECALL"},{"data":"Strike_P","floor":7,"key":"SMITH"},{"floor":10,"key":"REST"},{"data":"Strike_P","floor":15,"key":"SMITH"}],"lesson_learned_per_floor":[[],[],[],[],[],[],[],[],[],[],[],[],[],[],[],[]],"neow_cost":"NONE","improvable_cards":{},"seed_source_timestamp":3113324353114,"shop_contents":[{"floor":4,"relics":["TungstenRod","Mummified Hand","Cauldron"],"cards":["BowlingBash","EmptyFist","Crescendo","Perseverance","LikeWater","Mind Blast","Secret Weapon"],"potions":["BottledMiracle","Regen Potion","PowerPotion"]}],"circlet_count":0,"master_deck":["Strike_P","Strike_P","Strike_P+1","Strike_P+1","Defend_P","Defend_P","Defend_P","Defend_P","Vigilance","FlurryOfBlows"],"potion_use_per_floor":[[],[],[],[],[],[],[],[],[],[],[],[],[],[],[],["FairyPotion"]],"relics":["Tiny House","NeowsBlessing","WingedGreaves","Juzu Bracelet"],"potions_floor_usage":[],"damage_taken":[{"damage":0,"enemies":"Small Slimes","floor":1,"turns":1},{"damage":0,"enemies":"2 Louse","floor":8,"turns":1},{"damage":0,"enemies":"Lagavulin","floor":12,"turns":1},{"damage":144,"enemies":"Slime Boss","floor":16,"turns":6}],"seed_played":"-8956224239169141692","neow_bonus_log":{"cardsObtained":[],"cardsUpgraded":[],"cardsRemoved":[],"cardsTransformed":[],"relicsObtained":["Tiny House"],"maxHpGained":0,"goldGained":0,"damageTaken":0,"goldLost":0,"maxHpLost":0},"potions_obtained":[{"floor":0,"key":"FairyPotion"}],"is_trial":false,"path_per_floor":["M","?","?","$","?","R","R","M","T","R","T","E","?","?","R","B"],"character_chosen":"WATCHER","items_purchased":[],"campfire_rested":1,"item_purchase_floors":[],"current_hp_per_floor":[77,77,77,77,77,77,77,77,77,77,77,77,77,77,77,0],"gold":174,"neow_bonus":"BOSS_RELIC","is_prod":false,"is_daily":false,"rewards_skipped":[{"floor":11,"relics":["Frozen Egg 2"],"potions":[]},{"floor":12,"relics":["Eternal Feather"],"potions":["LiquidMemories"]}],"chose_seed":false,"campfire_upgraded":2,"win_rate":0,"floor_exit_playtime":[21,23,25,28,31,39,49,55,57,62,65,71,75,78,82],"timestamp":1663624739,"blue_key_relic_skipped_log":{"floor":9,"relicID":"Bag of Marbles"},"path_taken":["M","?","?","?","?","R","R","M","T","R","?","E","?","?","R","BOSS"],"build_version":"2022-03-07","purchased_purges":0,"victory":false,"max_hp_per_floor":[77,77,77,77,77,77,77,77,77,77,77,77,77,77,77,77],"relic_stats":{"counters":[4,9],"WingedGreaves":3,"Juzu Bracelet":1,"obtain_stats":[{"Tiny House":0,"NeowsBlessing":0,"WingedGreaves":0,"Juzu Bracelet":0,"PureWater":0},{"Tiny House":0,"NeowsBlessing":0,"WingedGreaves":0,"Juzu Bracelet":0,"PureWater":0},{"Tiny House":0,"NeowsBlessing":0,"WingedGreaves":0,"Juzu Bracelet":0,"PureWater":0}]},"card_choices":[{"not_picked":["FlyingSleeves","Protect"],"picked":"FlurryOfBlows","floor":0},{"not_picked":["MentalFortress","ThirdEye","Prostrate"],"picked":"SKIP","floor":1},{"not_picked":["Conclude","Halt","Wireheading"],"picked":"SKIP","floor":8},{"not_picked":["InnerPeace","WheelKick","Halt"],"picked":"SKIP","floor":12}],"player_experience":3966729,"relics_obtained":[],"event_choices":[{"damage_healed":0,"gold_gain":0,"player_choice":"Ignored","damage_taken":0,"max_hp_gain":0,"max_hp_loss":0,"event_name":"Golden Wing","floor":2,"gold_loss":0},{"damage_healed":0,"gold_gain":0,"player_choice":"Ignored","damage_taken":0,"max_hp_gain":0,"max_hp_loss":0,"event_name":"Shining Light","floor":3,"gold_loss":0},{"damage_healed":0,"gold_gain":0,"player_choice":"Fled","damage_taken":0,"max_hp_gain":0,"max_hp_loss":0,"event_name":"Scrap Ooze","floor":5,"gold_loss":0},{"cards_removed":["Eruption"],"damage_healed":0,"gold_gain":0,"player_choice":"Forget","damage_taken":0,"max_hp_gain":0,"max_hp_loss":0,"event_name":"Living Wall","floor":13,"gold_loss":0},{"damage_healed":0,"gold_gain":0,"player_choice":"Ignored","damage_taken":0,"max_hp_gain":0,"max_hp_loss":0,"event_name":"Liars Game","floor":14,"gold_loss":0}],"is_beta":false,"boss_relics":[],"items_purged_floors":[],"is_endless":false,"potions_floor_spawned":[12],"killed_by":"Slime Boss","ascension_level":0,"potion_discard_per_floor":[[],[],[],[],[],[],[],[],[],[],[],[],[],[],[],[]]}