{"neow_bonuses_skipped_log":["TEN_PERCENT_HP_BONUS"],"potions_obtained_entropic_brew":[[],[],[],[],[],[],[],[],[],[],[],[],[],[],[],[],[],[],[],[],[],[],[],[],[],[],[],[],[],[],[],[],[],[],[],[],[],[],[],[],[]],"neow_costs_skipped_log":["NONE"],"gold_per_floor":[117,117,192,117,73,73,99,99,99,114,114,140,158,187,187,264,264,275,175,100,116,126,126,396,396,447,480,493,493,493,512,512,586,586,597,622,622,622,622,622,622],"floor_reached":41,"playtime":2660,"items_purged":["Defend_P","Strike_P"],"score":946,"play_id":"297e9df1-48cf-44d6-9fc0-575dadb43379","local_time":"20220922191141","falling_options_log":["Vault+1"],"score_breakdown":["Floors Climbed (41): 205","Enemies Slain (9): 18","Exordium Elites Killed (3): 30","City Elites Killed (1): 20","Beyond Elites Killed (0): 0","Bosses Slain (2): 150","Champion (2): 50","Ascension (20): 473"],"is_ascension_mode":true,"potions_obtained_alchemize":[[],[],[],[],[],[],[],[],[],[],[],[],[],[],[],[],[],[],[],[],[],[],[],[],[],[],[],[],[],[],[],[],[],[],[],[],[],[],[],[],[]],"campfire_choices":[{"data":"Eruption","floor":6,"key":"SMITH"},{"data":"Tantrum","floor":8,"key":"SMITH"},{"data":"SashWhip","floor":15,"key":"SMITH"},{"data":"Vault","floor":23,"key":"SMITH"},{"floor":25,"key":"REST"},{"data":"Vault","floor":30,"key":"SMITH"},{"data":"Halt","floor":32,"key":"SMITH"},{"floor":40,"key":"RECALL"}],"lesson_learned_per_floor":[[],[],[],[],[],[],[],[],[],[],[],[],[],[],[],[],[],[],[],[],[],[],[],[],[],[],[],[],[],[],[],[],[],[],[],[],[],[],[],[],[]],"neow_cost":"NONE","improvable_cards":{},"seed_source_timestamp":945583648412,"shop_contents":[{"floor":4,"relics":["Pear","TeardropLocket","Sling"],"cards":["CutThroughFate","JustLucky","ThirdEye","ClearTheMind","Fasting2","Jack Of All Trades","Transmutation"],"potions":["SneckoOil","Dexterity Potion","FearPotion"]},{"floor":5,"relics":["Dream Catcher","CeramicFish","Medical Kit"],"cards":["CrushJoints","Halt","Evaluate","BattleHymn","Panacea","Sadistic Nature"],"potions":["PowerPotion","DistilledChaos","Dexterity Potion"]},{"floor":19,"relics":["Question Card","Kunai","Toolbox"],"cards":["SandsOfTime","FollowUp","Pray","Halt","Nirvana+1","Finesse","Sadistic Nature+1"],"potions":["SkillPotion","BlessingOfTheForge","FairyPotion"]}],"circlet_count":0,"master_deck":["AscendersBane","Strike_P","Strike_P","Defend_P","Defend_P","Eruption+1","Vigilance","SashWhip+1","Tantrum+1","Halt+1","Vault+1","Wallop+1","Vault+1","Wallop+1","Madness","Madness"],"potion_use_per_floor":[[],[],[],[],[],[],[],[],[],[],[],["SkillPotion"],[],["StancePotion"],[],[],[],[],[],[],[],["Swift Potion"],[],[],[],[],["DistilledChaos"],[],[],[],[],[],["SkillPotion","ColorlessPotion"],[],[],[],[],[],[],[],["ColorlessPotion","BottledMiracle"]],"relics":["PureWater","NeowsBlessing","WingedGreaves","Frozen Egg 2","InkBottle","Eternal Feather","Potion Belt","SlaversCollar","Molten Egg 2","Runic Dome","Dead Branch"],"potions_floor_usage":[12,14,22,27,33,33,41,41],"damage_taken":[{"damage":0,"enemies":"Jaw Worm","floor":1,"turns":1},{"damage":0,"enemies":"Gremlin Nob","floor":7,"turns":1},{"damage":0,"enemies":"2 Louse","floor":10,"turns":1},{"damage":10,"enemies":"Lagavulin","floor":12,"turns":5},{"damage":0,"enemies":"Cultist","floor":13,"turns":2},{"damage":13,"enemies":"3 Sentries","floor":14,"turns":3},{"damage":23,"enemies":"The Guardian","floor":16,"turns":12},{"damage":0,"enemies":"Chosen","floor":18,"turns":4},{"damage":0,"enemies":"Spheric Guardian","floor":21,"turns":2},{"damage":9,"enemies":"Shelled Parasite and Fungi","floor":22,"turns":4},{"damage":0,"enemies":"Book of Stabbing","floor":27,"turns":3},{"damage":3,"enemies":"Snake Plant","floor":28,"turns":3},{"damage":0,"enemies":"Snecko","floor":31,"turns":5},{"damage":35,"enemies":"Automaton","floor":33,"turns":11},{"damage":0,"enemies":"Orb Walker","floor":35,"turns":3},{"damage":0,"enemies":"Mind Bloom Boss Battle","floor":36,"turns":5},{"damage":68,"enemies":"Nemesis","floor":41,"turns":10}],"green_key_taken_log":7,"seed_played":"-6442168873024381796","neow_bonus_log":{"cardsObtained":[],"cardsUpgraded":[],"cardsRemoved":[],"cardsTransformed":[],"relicsObtained":["NeowsBlessing"],"maxHpGained":0,"goldGained":0,"damageTaken":0,"goldLost":0,"maxHpLost":0},"potions_obtained":[{"floor":10,"key":"SkillPotion"},{"floor":13,"key":"StancePotion"},{"floor":21,"key":"Swift Potion"},{"floor":22,"key":"DistilledChaos"},{"floor":28,"key":"SkillPotion"},{"floor":33,"key":"ColorlessPotion"}],"is_trial":false,"path_per_floor":["M","?","?","$","$","R","E","R","T","M","T","E","M","E","R","B",null,"M","$","?","M","M","R","?","R","T","E","M","?","R","M","R","B",null,"M","?","?","?","?","R","E"],"character_chosen":"WATCHER","items_purchased":["Tantrum"],"campfire_rested":1,"item_purchase_floors":[5],"current_hp_per_floor":[61,61,50,50,50,50,50,50,50,50,50,40,40,27,33,10,54,54,54,54,54,45,51,3,29,29,29,26,26,32,32,38,3,52,52,52,52,52,40,49,0],"gold":622,"neow_bonus":"THREE_ENEMY_KILL","is_prod":false,"is_daily":false,"rewards_skipped":[],"chose_seed":false,"campfire_upgraded":6,"win_rate":0,"floor_exit_playtime":[53,67,71,114,152,159,196,202,207,224,228,354,407,530,565,845,888,945,971,1000,1093,1233,1240,1313,1321,1362,1442,1490,1526,1532,1641,1662,2073,2123,2164,2339,2343,2352,2363,2386],"timestamp":1663888301,"blue_key_relic_skipped_log":{"floor":26,"relicID":"MawBank"},"path_taken":["M","?","?","?","$","R","E","R","T","M","?","E","?","E","R","BOSS","M","$","?","M","M","R","?","R","T","E","?","?","R","M","R","BOSS","M","?","?","?","?","R","E"],"build_version":"2022-03-07","purchased_purges":2,"victory":false,"max_hp_per_floor":[68,68,68,68,68,68,68,68,68,68,68,68,68,68,68,68,68,68,68,68,68,68,68,68,68,68,68,68,68,68,68,68,68,68,68,68,68,68,68,68,68],"relic_stats":{"counters":[17,75],"Dead Branch":[11],"Eternal Feather":39,"WingedGreaves":2,"PureWater":[12],"obtain_stats":[{"Potion Belt":14,"SlaversCollar":17,"Runic Dome":34,"NeowsBlessing":0,"Dead Branch":36,"Eternal Feather":12,"Molten Egg 2":27,"WingedGreaves":7,"PureWater":0,"Frozen Egg 2":9,"InkBottle":11},{"Potion Belt":6,"SlaversCollar":7,"Runic Dome":14,"NeowsBlessing":0,"Dead Branch":16,"Eternal Feather":4,"Molten Egg 2":11,"WingedGreaves":2,"PureWater":0,"Frozen Egg 2":2,"InkBottle":3},{"Potion Belt":13,"SlaversCollar":25,"Runic Dome":57,"NeowsBlessing":0,"Dead Branch":65,"Eternal Feather":8,"Molten Egg 2":38,"WingedGreaves":2,"PureWater":0,"Frozen Egg 2":2,"InkBottle":3}],"InkBottle":[28]},"card_choices":[{"not_picked":["FlyingSleeves","Protect","SashWhip"],"picked":"SKIP","floor":1},{"not_picked":["FlyingSleeves","Protect","SashWhip"],"picked":"SKIP","floor":1},{"not_picked":["JustLucky","FollowUp"],"picked":"Halt","floor":10},{"not_picked":["JustLucky","Protect","Crescendo"],"picked":"SKIP","floor":12},{"not_picked":["ClearTheMind","CrushJoints"],"picked":"CutThroughFate","floor":13},{"not_picked":["FlyingSleeves","Halt","Alpha"],"picked":"SKIP","floor":14},{"not_picked":["DeusExMachina","Wish"],"picked":"Vault","floor":16},{"not_picked":["Collect","CrushJoints"],"picked":"Wallop+1","floor":18},{"not_picked":["Pray","Consecrate","FlurryOfBlows"],"picked":"SKIP","floor":21},{"not_picked":["Prostrate","Halt","Wallop"],"picked":"SKIP","floor":22},{"not_picked":["DeusExMachina","Crescendo","FollowUp+1"],"picked":"SKIP","floor":27},{"not_picked":["Protect","Evaluate","EmptyBody"],"picked":"SKIP","floor":28},{"not_picked":["ClearTheMind","EmptyFist+1","TalkToTheHand+1","Tantrum+1","FlurryOfBlows+1","Protect","Worship","SashWhip+1","EmptyBody","CutThroughFate+1","BowlingBash+1","Weave+1","Evaluate","Prostrate","EmptyMind","Conclude+1","FlyingSleeves+1","PathToVictory","ThirdEye"],"picked":"Vault","floor":29},{"not_picked":["WreathOfFlame","CrushJoints+1","Establishment+1"],"picked":"SKIP","floor":31},{"not_picked":["Crescendo","EmptyBody+1","FlurryOfBlows+1"],"picked":"SKIP","floor":35},{"not_picked":["Crescendo","Fasting2+1"],"picked":"Wallop+1","floor":36}],"player_experience":3982817,"relics_obtained":[{"floor":7,"key":"WingedGreaves"},{"floor":9,"key":"Frozen Egg 2"},{"floor":11,"key":"InkBottle"},{"floor":12,"key":"Eternal Feather"},{"floor":14,"key":"Potion Belt"},{"floor":27,"key":"Molten Egg 2"},{"floor":36,"key":"Dead Branch"}],"event_choices":[{"damage_healed":0,"gold_gain":0,"cards_transformed":["Defend_P"],"player_choice":"Change","damage_taken":0,"max_hp_gain":0,"max_hp_loss":0,"event_name":"Living Wall","floor":2,"gold_loss":0,"cards_obtained":["SashWhip"]},{"damage_healed":0,"gold_gain":75,"player_choice":"Gather Gold","damage_taken":11,"max_hp_gain":0,"max_hp_loss":0,"event_name":"World of Goop","floor":3,"gold_loss":0},{"cards_removed":["Strike_P"],"damage_healed":0,"gold_gain":0,"player_choice":"Gave Gold","damage_taken":0,"max_hp_gain":0,"max_hp_loss":0,"event_name":"Beggar","floor":20,"gold_loss":75},{"damage_healed":0,"gold_gain":270,"player_choice":"POTION POTION POTION GOLD GOLD GOLD ","damage_taken":48,"max_hp_gain":0,"max_hp_loss":0,"event_name":"Knowing Skull","floor":24,"potions_obtained":["BottledMiracle","LiquidBronze","ColorlessPotion"],"gold_loss":0,"cards_obtained":[]},{"damage_healed":0,"gold_gain":0,"player_choice":"Read","damage_taken":0,"max_hp_gain":0,"max_hp_loss":0,"event_name":"The Library","floor":29,"gold_loss":0,"cards_obtained":["Vault"]},{"damage_healed":0,"gold_gain":0,"player_choice":"Fight","damage_taken":0,"max_hp_gain":0,"max_hp_loss":0,"event_name":"MindBloom","floor":36,"gold_loss":0},{"damage_healed":0,"gold_gain":0,"player_choice":"Ignored","damage_taken":0,"max_hp_gain":0,"max_hp_loss":0,"event_name":"Tomb of Lord Red Mask","floor":37,"gold_loss":0},{"cards_removed":["CutThroughFate"],"damage_healed":0,"gold_gain":0,"player_choice":"Removed Attack","damage_taken":0,"max_hp_gain":0,"max_hp_loss":0,"event_name":"Falling","floor":38,"gold_loss":0},{"damage_healed":0,"gold_gain":0,"player_choice":"Embrace Madness","damage_taken":12,"max_hp_gain":0,"max_hp_loss":0,"event_name":"Winding Halls","floor":39,"gold_loss":0,"cards_obtained":["Madness","Madness"]}],"is_beta":false,"boss_relics":[{"not_picked":["Velvet Choker","Tiny House"],"picked":"SlaversCollar"},{"not_picked":["Busted Crown","Black Star"],"picked":"Runic Dome"}],"items_purged_floors":[4,19],"is_endless":false,"potions_floor_spawned":[10,13,21,22,28,33],"killed_by":"Nemesis","ascension_level":20,"potion_discard_per_floor":[[],[],[],[],[],[],[],[],[],[],[],[],[],[],[],[],[],[],[],[],[],[],[],[],[],[],[],[],[],[],[],[],[],[],[],[],[],[],[],[],[]]}