{"neow_bonuses_skipped_log":["THREE_SMALL_POTIONS","ONE_RARE_RELIC","BOSS_RELIC"],"neow_costs_skipped_log":["NONE","PERCENT_DAMAGE","NONE"],"potions_obtained_entropic_brew":[[],[],[],[],[],[],[],[],[],[],[],[],[],[],[],[]],"gold_per_floor":[116,136,146,163,88,88,117,117,144,178,194,220,233,251,251,251],"floor_reached":16,"playtime":1324,"items_purged":["Defend_P"],"score":298,"play_id":"591fc4e5-c8be-41f4-8954-509243fbf3f0","local_time":"20220925140545","score_breakdown":["Floors Climbed (16): 80","Enemies Slain (7): 14","Exordium Elites Killed (3): 30","Bosses Slain (0): 0","Champion (1): 25","Ascension (20): 149"],"is_ascension_mode":true,"potions_obtained_alchemize":[[],[],[],[],[],[],[],[],[],[],[],[],[],[],[],[]],"campfire_choices":[{"data":"Eruption","floor":6,"key":"SMITH"},{"floor":8,"key":"REST"},{"data":"Conclude","floor":15,"key":"SMITH"}],"lesson_learned_per_floor":[[],[],[],[],[],[],[],[],[],[],[],[],[],["Vigilance"],[],[]],"neow_cost":"NONE","improvable_cards":{},"seed_source_timestamp":3613385076788,"shop_contents":[{"floor":5,"relics":["Pantograph","Lizard Tail","Chemical X"],"cards":["Consecrate","SandsOfTime","EmptyBody","Prostrate","Nirvana","Swift Strike","Secret Technique"],"potions":["EssenceOfSteel","GamblersBrew","LiquidBronze"]}],"circlet_count":0,"master_deck":["AscendersBane","Strike_P","Strike_P","Strike_P","Strike_P","Defend_P","Defend_P","Eruption+1","Vigilance+1","Conclude+1","FearNoEvil","LessonLearned","FlurryOfBlows","InnerPeace","Scrawl"],"potion_use_per_floor":[[],[],[],["Fire Potion"],[],[],[],[],[],[],[],["AttackPotion"],[],[],[],["SkillPotion"]],"relics":["PureWater","Orichalcum","Art of War","Pen Nib","Dream Catcher"],"potions_floor_usage":[4,12,16],"damage_taken":[{"damage":6,"enemies":"Cultist","floor":1,"turns":5},{"damage":0,"enemies":"Jaw Worm","floor":2,"turns":2},{"damage":7,"enemies":"Small Slimes","floor":3,"turns":3},{"damage":9,"enemies":"Exordium Thugs","floor":4,"turns":2},{"damage":22,"enemies":"Lagavulin","floor":7,"turns":5},{"damage":0,"enemies":"Gremlin Nob","floor":10,"turns":2},{"damage":0,"enemies":"2 Fungi Beasts","floor":11,"turns":3},{"damage":4,"enemies":"3 Sentries","floor":12,"turns":3},{"damage":8,"enemies":"Red Slaver","floor":13,"turns":2},{"damage":0,"enemies":"Lots of Slimes","floor":14,"turns":2},{"damage":37,"enemies":"Slime Boss","floor":16,"turns":7}],"green_key_taken_log":12,"seed_played":"7073234427948542089","neow_bonus_log":{"cardsObtained":[],"cardsUpgraded":[],"cardsRemoved":["Defend_P"],"cardsTransformed":[],"relicsObtained":[],"maxHpGained":0,"goldGained":0,"damageTaken":0,"goldLost":0,"maxHpLost":0},"potions_obtained":[{"floor":2,"key":"Fire Potion"},{"floor":3,"key":"AttackPotion"},{"floor":4,"key":"SkillPotion"}],"is_trial":false,"path_per_floor":["M","M","M","M","$","R","E","R","T","E","M","E","M","M","R","B"],"character_chosen":"WATCHER","items_purchased":[],"campfire_rested":1,"item_purchase_floors":[],"current_hp_per_floor":[55,55,48,39,39,39,17,37,37,37,37,33,25,25,25,0],"gold":251,"neow_bonus":"REMOVE_CARD","is_prod":false,"is_daily":false,"rewards_skipped":[],"chose_seed":false,"campfire_upgraded":2,"win_rate":0,"floor_exit_playtime":[204,234,269,311,337,344,546,550,553,592,647,766,834,877,887],"timestamp":1664129145,"path_taken":["M","?","M","M","$","R","E","R","T","E","M","E","M","M","R","BOSS"],"build_version":"2022-03-07","purchased_purges":1,"victory":false,"max_hp_per_floor":[68,68,68,68,68,68,68,68,68,68,68,68,68,68,68,68],"relic_stats":{"Dream Catcher":0,"counters":[11,36],"Pen Nib":[3],"Art of War":[1],"PureWater":[7],"Orichalcum":[72],"obtain_stats":[{"Dream Catcher":12,"Pen Nib":10,"Art of War":9,"PureWater":0,"Orichalcum":7},{"Dream Catcher":8,"Pen Nib":6,"Art of War":5,"PureWater":0,"Orichalcum":5},{"Dream Catcher":25,"Pen Nib":19,"Art of War":17,"PureWater":0,"Orichalcum":17}]},"card_choices":[{"not_picked":["SashWhip","Study"],"picked":"Conclude","floor":1},{"not_picked":["EmptyBody","Meditate"],"picked":"FearNoEvil","floor":2},{"not_picked":["CrushJoints","PathToVictory","Perseverance"],"picked":"SKIP","floor":3},{"not_picked":["FlyingSleeves","ThirdEye","Crescendo"],"picked":"SKIP","floor":4},{"not_picked":["PathToVictory","Indignation"],"picked":"LessonLearned","floor":7},{"not_picked":["JustLucky","Prostrate"],"picked":"FlurryOfBlows","floor":10},{"not_picked":["SignatureMove","Prostrate"],"picked":"InnerPeace","floor":11},{"not_picked":["Prostrate","FlurryOfBlows","FearNoEvil"],"picked":"SKIP","floor":12},{"not_picked":["FollowUp","MentalFortress"],"picked":"Scrawl","floor":13},{"not_picked":["EmptyBody","Consecrate","PathToVictory"],"picked":"SKIP","floor":14}],"player_experience":4001752,"relics_obtained":[{"floor":7,"key":"Orichalcum"},{"floor":9,"key":"Art of War"},{"floor":10,"key":"Pen Nib"},{"floor":12,"key":"Dream Catcher"}],"event_choices":[],"is_beta":false,"boss_relics":[],"items_purged_floors":[5],"is_endless":false,"potions_floor_spawned":[2,3,4],"killed_by":"Slime Boss","ascension_level":20,"potion_discard_per_floor":[[],[],[],[],[],[],[],[],[],[],[],[],[],[],[],[]]}