{"neow_bonuses_skipped_log":["RANDOM_COLORLESS","THREE_ENEMY_KILL","BOSS_RELIC"],"neow_costs_skipped_log":["NONE","NONE","NONE"],"potions_obtained_entropic_brew":[[],[],[],[],[],[],[],[],[],[],[],[],[],[],[],[],[],[],[],[],[],[],[],[],[],[],[],[],[]],"gold_per_floor":[16,28,28,28,38,67,79,118,118,118,118,135,146,71,71,149,176,195,195,95,95,113,113,138,158,158,158,158,158],"floor_reached":29,"playtime":1826,"items_purged":["Defend_P","Strike_P"],"score":506,"play_id":"99cfc063-7d36-43b8-afc4-a816d1b3d776","local_time":"20220927182325","score_breakdown":["Floors Climbed (29): 145","Enemies Slain (9): 18","Exordium Elites Killed (2): 20","City Elites Killed (1): 20","Bosses Slain (1): 50","Ascension (20): 253"],"is_ascension_mode":true,"potions_obtained_alchemize":[[],[],[],[],[],[],[],[],[],[],[],[],[],[],[],[],[],[],[],[],[],[],[],[],[],[],[],[],[]],"campfire_choices":[{"data":"Adaptation","floor":11,"key":"SMITH"},{"data":"EmptyFist","floor":15,"key":"SMITH"},{"floor":23,"key":"REST"},{"floor":27,"key":"REST"}],"lesson_learned_per_floor":[[],[],[],[],[],[],[],[],[],[],[],[],[],[],[],[],[],[],[],[],[],[],[],[],[],[],[],[],[]],"neow_cost":"NO_GOLD","improvable_cards":{},"seed_source_timestamp":14493395192710,"shop_contents":[{"floor":14,"relics":["StrikeDummy","Art of War","Cauldron"],"cards":["Conclude","FollowUp","WreathOfFlame","Collect","BattleHymn","Trip","Apotheosis"],"potions":["ColorlessPotion","SkillPotion","Block Potion"]},{"floor":20,"relics":["Akabeko","Calipers","HandDrill"],"cards":["Wallop","BowlingBash","ClearTheMind","Halt","Study","Blind","Master of Strategy"],"potions":["DuplicationPotion","Ancient Potion","Swift Potion"]},{"floor":21,"relics":["Letter Opener","Prayer Wheel","Toolbox"],"cards":["SandsOfTime","CutThroughFate","Indignation","PathToVictory","BattleHymn","Bandage Up","Mayhem"],"potions":["Explosive Potion","ColorlessPotion","ColorlessPotion"]}],"circlet_count":0,"master_deck":["AscendersBane","Strike_P","Eruption+1","Vigilance","ClearTheMind","Brilliance","EmptyFist+1","MentalFortress","InnerPeace","Adaptation+1","Pray+1","Collect+1","Crescendo+1","Prostrate"],"potion_use_per_floor":[[],[],[],[],[],[],[],[],[],[],[],[],[],[],[],[],[],[],[],[],[],[],[],["ColorlessPotion"],[],[],[],[],[]],"relics":["PureWater","Damaru","Ornamental Fan","CeramicFish","Sundial","Gremlin Horn","Astrolabe","Question Card","Matryoshka","Nunchaku","Kunai"],"potions_floor_usage":[24],"damage_taken":[{"damage":5,"enemies":"Small Slimes","floor":1,"turns":3},{"damage":2,"enemies":"Jaw Worm","floor":2,"turns":3},{"damage":0,"enemies":"Cultist","floor":5,"turns":3},{"damage":2,"enemies":"Lagavulin","floor":6,"turns":5},{"damage":0,"enemies":"Looter","floor":7,"turns":3},{"damage":12,"enemies":"Gremlin Nob","floor":8,"turns":3},{"damage":8,"enemies":"Exordium Thugs","floor":12,"turns":3},{"damage":5,"enemies":"Blue Slaver","floor":13,"turns":4},{"damage":2,"enemies":"Hexaghost","floor":16,"turns":7},{"damage":13,"enemies":"Chosen","floor":18,"turns":5},{"damage":8,"enemies":"3 Byrds","floor":22,"turns":3},{"damage":10,"enemies":"Book of Stabbing","floor":24,"turns":4},{"damage":23,"enemies":"Centurion and Healer","floor":25,"turns":4},{"damage":48,"enemies":"Snake Plant","floor":29,"turns":2}],"green_key_taken_log":8,"seed_played":"7158002179609739090","neow_bonus_log":{"cardsObtained":["ClearTheMind","Brilliance"],"cardsUpgraded":[],"cardsRemoved":[],"cardsTransformed":["Defend_P","Defend_P"],"relicsObtained":[],"maxHpGained":0,"goldGained":0,"damageTaken":0,"goldLost":99,"maxHpLost":0},"potions_obtained":[{"floor":2,"key":"Dexterity Potion"},{"floor":6,"key":"Dexterity Potion"},{"floor":12,"key":"BottledMiracle"},{"floor":16,"key":"ColorlessPotion"},{"floor":22,"key":"BottledMiracle"},{"floor":25,"key":"Dexterity Potion"}],"is_trial":false,"path_per_floor":["M","M","?","?","M","E","M","E","T","T","R","M","M","$","R","B",null,"M","?","$","$","M","R","E","M","T","R","?","M"],"character_chosen":"WATCHER","items_purchased":[],"campfire_rested":2,"item_purchase_floors":[],"current_hp_per_floor":[56,54,54,49,49,47,47,35,35,35,35,27,22,22,22,20,56,43,43,43,43,35,55,45,22,22,42,42,0],"gold":158,"neow_bonus":"TRANSFORM_TWO_CARDS","is_prod":false,"is_daily":false,"rewards_skipped":[],"chose_seed":false,"campfire_upgraded":2,"win_rate":0,"floor_exit_playtime":[150,211,286,302,326,431,473,504,508,513,521,560,615,654,659,791,892,1005,1014,1047,1111,1267,1272,1375,1521,1530,1534,1539],"timestamp":1664317405,"path_taken":["M","M","?","?","M","E","M","E","T","?","R","?","M","$","R","BOSS","M","?","?","$","M","R","E","?","T","R","?","M"],"build_version":"2022-03-07","purchased_purges":2,"victory":false,"max_hp_per_floor":[68,68,68,68,68,68,68,68,68,68,68,68,68,68,68,68,68,68,68,68,68,68,68,68,68,68,68,68,68],"relic_stats":{"Nunchaku":[0],"Matryoshka":1,"Gremlin Horn":[4,4],"counters":[14,52],"Ornamental Fan":[76],"Sundial":[16],"CeramicFish":54,"Astrolabe":["Alpha","Pray","Collect"],"Kunai":[0],"PureWater":[3],"Question Card":3,"obtain_stats":[{"Nunchaku":26,"Matryoshka":24,"Gremlin Horn":10,"Ornamental Fan":6,"Sundial":9,"CeramicFish":8,"Astrolabe":17,"Damaru":4,"Kunai":26,"PureWater":0,"Question Card":19},{"Nunchaku":13,"Matryoshka":12,"Gremlin Horn":6,"Ornamental Fan":4,"Sundial":6,"CeramicFish":6,"Astrolabe":9,"Damaru":2,"Kunai":13,"PureWater":0,"Question Card":10},{"Nunchaku":50,"Matryoshka":46,"Gremlin Horn":20,"Ornamental Fan":14,"Sundial":20,"CeramicFish":20,"Astrolabe":34,"Damaru":6,"Kunai":50,"PureWater":0,"Question Card":39}]},"card_choices":[{"not_picked":["FlurryOfBlows","SignatureMove"],"picked":"EmptyFist","floor":1},{"not_picked":["ClearTheMind","BattleHymn"],"picked":"MentalFortress","floor":2},{"not_picked":["FollowUp","SashWhip"],"picked":"InnerPeace","floor":5},{"not_picked":["BowlingBash","ReachHeaven","Protect"],"picked":"SKIP","floor":6},{"not_picked":["Evaluate","JustLucky","FlyingSleeves"],"picked":"SKIP","floor":7},{"not_picked":["Consecrate","CarveReality"],"picked":"Adaptation","floor":8},{"not_picked":["Perseverance","ThirdEye","BowlingBash"],"picked":"SKIP","floor":12},{"not_picked":["PathToVictory","Wallop","Sanctity"],"picked":"SKIP","floor":13},{"not_picked":["ThirdEye","Swivel"],"picked":"Crescendo+1","floor":18},{"not_picked":["ClearTheMind","Consecrate","WreathOfFlame","Study"],"picked":"SKIP","floor":22},{"not_picked":["ThirdEye","EmptyBody","Wireheading+1","SashWhip"],"picked":"SKIP","floor":24},{"not_picked":["SignatureMove+1","CutThroughFate","BowlingBash"],"picked":"Prostrate","floor":25}],"player_experience":4021818,"relics_obtained":[{"floor":6,"key":"Ornamental Fan"},{"floor":8,"key":"CeramicFish"},{"floor":9,"key":"Sundial"},{"floor":10,"key":"Gremlin Horn"},{"floor":24,"key":"Matryoshka"},{"floor":26,"key":"Nunchaku"},{"floor":26,"key":"Kunai"}],"event_choices":[{"damage_healed":0,"gold_gain":0,"player_choice":"Grow","damage_taken":0,"max_hp_gain":0,"max_hp_loss":0,"event_name":"Living Wall","floor":3,"gold_loss":0,"cards_upgraded":["Eruption"]},{"damage_healed":0,"gold_gain":0,"player_choice":"Success","damage_taken":5,"relics_obtained":["Damaru"],"max_hp_gain":0,"max_hp_loss":0,"event_name":"Scrap Ooze","floor":4,"gold_loss":0},{"damage_healed":0,"gold_gain":0,"player_choice":"Gave Potion","damage_taken":0,"relics_obtained":["Question Card"],"max_hp_gain":0,"max_hp_loss":0,"event_name":"WeMeetAgain","floor":19,"gold_loss":0},{"cards_removed":["Alpha"],"damage_healed":0,"gold_gain":0,"player_choice":"Elegance","damage_taken":0,"max_hp_gain":0,"max_hp_loss":0,"event_name":"Back to Basics","floor":28,"gold_loss":0}],"is_beta":false,"boss_relics":[{"not_picked":["Snecko Eye","Fusion Hammer"],"picked":"Astrolabe"}],"items_purged_floors":[14,20],"is_endless":false,"potions_floor_spawned":[2,6,12,16,22,25],"killed_by":"Snake Plant","ascension_level":20,"potion_discard_per_floor":[[],[],[],[],[],[],[],[],[],[],[],["Dexterity Potion"],[],[],[],["Dexterity Potion"],[],[],[],[],[],[],[],[],[],[],[],[],[]]}