{"neow_bonuses_skipped_log":["RANDOM_COLORLESS","TEN_PERCENT_HP_BONUS","TRANSFORM_TWO_CARDS"],"potions_obtained_entropic_brew":[[],[],[],[],[],[],[],[],[],[],[],[],[],[],[],[],[],[],[],[],[],[],[],[],[],[],[],[],[],[],[],[],[],[],[],[],[],[],[],[],[],[],[],[],[],[],[],[],[],[],[],[],[],[],[],[],[]],"neow_costs_skipped_log":["NONE","NONE","CURSE"],"gold_per_floor":[140,140,183,223,265,265,190,241,264,314,159,187,222,249,249,348,348,359,401,72,72,89,89,101,131,177,102,102,132,167,167,167,241,241,256,275,109,134,149,149,182,202,202,225,266,116,147,147,147,147,147,147,147,35,71,71],"floor_reached":57,"playtime":5149,"items_purged":["WreathOfFlame","Pray","ThirdEye","BowlingBash"],"score":3171,"play_id":"fa71b90f-a5b4-44d4-8dd1-45382128976c","local_time":"20220929194547","falling_options_log":["Vigilance","Establishment"],"score_breakdown":["Floors Climbed (57): 285","Enemies Slain (14): 28","Exordium Elites Killed (3): 30","City Elites Killed (2): 40","Beyond Elites Killed (3): 90","Bosses Slain (5): 750","Money Money (1074): 25","Champion (6): 150","Perfect (1): 50","C-c-c-combo: 25","Ascension (20): 1448","Heartbreaker: 250"],"is_ascension_mode":true,"potions_obtained_alchemize":[[],[],[],[],[],[],[],[],[],[],[],[],[],[],[],[],[],[],[],[],[],[],[],[],[],[],[],[],[],[],[],[],[],[],[],[],[],[],[],[],[],[],[],[],[],[],[],[],[],[],[],[],[],[],[],[],[]],"campfire_choices":[{"data":"CutThroughFate","floor":6,"key":"SMITH"},{"data":"Blasphemy","floor":15,"key":"SMITH"},{"data":"Meditate","floor":23,"key":"SMITH"},{"data":"Meditate","floor":28,"key":"SMITH"},{"data":"Vault","floor":32,"key":"SMITH"},{"floor":40,"key":"RECALL"},{"data":"MentalFortress","floor":49,"key":"SMITH"},{"data":"InnerPeace","floor":53,"key":"SMITH"}],"lesson_learned_per_floor":[[],[],[],[],[],[],[],[],[],[],[],[],[],[],[],[],[],[],[],[],[],[],[],[],[],[],[],[],[],[],[],[],[],[],[],[],[],[],[],[],[],[],[],[],[],[],[],[],[],[],[],[],[],[],[],[],[]],"neow_cost":"NONE","improvable_cards":{},"seed_source_timestamp":7533974533481,"shop_contents":[{"floor":7,"relics":["Singing Bowl","CaptainsWheel","Sling"],"cards":["BowlingBash","WheelKick","Evaluate","Blasphemy","Study","Jack Of All Trades","Secret Weapon"],"potions":["DuplicationPotion","StancePotion","ColorlessPotion"]},{"floor":11,"relics":["Dead Branch","Bottled Tornado","HandDrill"],"cards":["SandsOfTime","CrushJoints","ClearTheMind","Crescendo","DevaForm","Discovery","Thinking Ahead"],"potions":["EntropicBrew","DuplicationPotion"]},{"floor":20,"relics":["Calipers","Frozen Eye"],"cards":["JustLucky","FlurryOfBlows","Sanctity","Wireheading","Purity","Transmutation"],"potions":["Block Potion","Explosive Potion","Regen Potion"]},{"floor":37,"relics":["Letter Opener","Oddly Smooth Stone"],"cards":["Ragnarok","Conclude","Protect","ClearTheMind","BattleHymn","Forethought","Mayhem"],"potions":["AttackPotion","Regen Potion","SpeedPotion"]},{"floor":46,"relics":["Omamori","Pen Nib","Toolbox"],"cards":["Ragnarok","EmptyFist","EmptyBody","Vengeance","Study","Mind Blast","Secret Technique"],"potions":["Swift Potion","BottledMiracle","BottledMiracle"]},{"floor":54,"relics":["Art of War","Lizard Tail","ClockworkSouvenir"],"cards":["FollowUp","SashWhip","Indignation","Evaluate","Fasting2","Finesse","Apotheosis"],"potions":["DistilledChaos"]}],"circlet_count":0,"master_deck":["AscendersBane","Eruption+1","Vigilance","CutThroughFate+1","BattleHymn","DeceiveReality","Blasphemy+1","Vault+1","MentalFortress+1","Meditate+1","Meditate+1","Establishment","TalkToTheHand","Adaptation+1","InnerPeace+1","Adaptation+1","Vault","Vault"],"potion_use_per_floor":[[],[],[],[],[],[],[],["EssenceOfSteel"],[],[],[],[],["AttackPotion"],[],[],[],[],[],[],[],[],[],[],[],[],[],[],[],[],["Swift Potion"],[],[],[],[],[],[],[],[],[],[],[],[],[],[],[],[],[],[],[],[],[],[],[],[],[],[],[]],"relics":["Pandora\u0027s Box","PreservedInsect","Blood Vial","Ancient Tea Set","Happy Flower","Coffee Dripper","Vajra","Sundial","Anchor","Red Mask","Strawberry","Prayer Wheel","SacredBark","Orrery","Gambling Chip","CeramicFish","Yang","Blue Candle","Mummified Hand"],"potions_floor_usage":[8,13,30],"damage_taken":[{"damage":0,"enemies":"2 Louse","floor":1,"turns":6},{"damage":0,"enemies":"Cultist","floor":3,"turns":3},{"damage":0,"enemies":"Small Slimes","floor":4,"turns":6},{"damage":2,"enemies":"3 Louse","floor":5,"turns":6},{"damage":0,"enemies":"3 Sentries","floor":8,"turns":8},{"damage":0,"enemies":"Gremlin Nob","floor":12,"turns":2},{"damage":0,"enemies":"Lots of Slimes","floor":13,"turns":6},{"damage":8,"enemies":"3 Sentries","floor":14,"turns":3},{"damage":17,"enemies":"The Guardian","floor":16,"turns":8},{"damage":9,"enemies":"2 Thieves","floor":18,"turns":3},{"damage":0,"enemies":"Spheric Guardian","floor":19,"turns":6},{"damage":0,"enemies":"Snake Plant","floor":22,"turns":2},{"damage":0,"enemies":"Snecko","floor":24,"turns":4},{"damage":4,"enemies":"Gremlin Leader","floor":25,"turns":6},{"damage":0,"enemies":"Masked Bandits","floor":29,"turns":3},{"damage":19,"enemies":"Slavers","floor":30,"turns":6},{"damage":8,"enemies":"Collector","floor":33,"turns":6},{"damage":0,"enemies":"Orb Walker","floor":35,"turns":5},{"damage":0,"enemies":"3 Shapes","floor":36,"turns":4},{"damage":2,"enemies":"Mind Bloom Boss Battle","floor":38,"turns":6},{"damage":0,"enemies":"Jaw Worm Horde","floor":39,"turns":6},{"damage":0,"enemies":"Reptomancer","floor":41,"turns":3},{"damage":4,"enemies":"Transient","floor":42,"turns":7},{"damage":0,"enemies":"3 Darklings","floor":44,"turns":5},{"damage":0,"enemies":"Nemesis","floor":45,"turns":4},{"damage":0,"enemies":"Reptomancer","floor":47,"turns":5},{"damage":9,"enemies":"Awakened One","floor":50,"turns":6},{"damage":0,"enemies":"Time Eater","floor":51,"turns":9},{"damage":1,"enemies":"Shield and Spear","floor":55,"turns":3},{"damage":2,"enemies":"The Heart","floor":56,"turns":8}],"green_key_taken_log":14,"seed_played":"-2791490747978531171","neow_bonus_log":{"cardsObtained":[],"cardsUpgraded":[],"cardsRemoved":[],"cardsTransformed":[],"relicsObtained":["Pandora\u0027s Box"],"maxHpGained":0,"goldGained":0,"damageTaken":0,"goldLost":0,"maxHpLost":0},"potions_obtained":[{"floor":1,"key":"EssenceOfSteel"},{"floor":4,"key":"PowerPotion"},{"floor":13,"key":"Swift Potion"},{"floor":35,"key":"SteroidPotion"},{"floor":39,"key":"Fire Potion"}],"is_trial":false,"path_per_floor":["M","?","M","M","M","R","$","E","T","?","$","E","M","E","R","B",null,"M","M","$","?","M","R","M","E","T","?","R","?","E","?","R","B",null,"M","M","$","?","M","R","E","M","T","M","E","$","E","?","R","B","B",null,"R","$","E","B",null],"character_chosen":"WATCHER","items_purchased":["AttackPotion","Vajra","Meditate","Orrery","Swift Potion","Energy Potion"],"campfire_rested":0,"item_purchase_floors":[11,20,20,37,54,54],"current_hp_per_floor":[61,61,61,61,59,59,59,59,59,59,59,61,63,57,57,42,62,55,57,57,57,59,59,61,59,59,59,59,61,51,51,51,45,68,70,72,72,72,74,74,75,71,71,73,75,75,75,75,75,66,68,73,73,73,74,73],"gold":71,"neow_bonus":"BOSS_RELIC","is_prod":false,"is_daily":false,"rewards_skipped":[{"floor":5,"relics":[],"potions":["EssenceOfSteel"]},{"floor":22,"relics":[],"potions":["PowerPotion"]},{"floor":24,"relics":[],"potions":["SkillPotion"]},{"floor":29,"relics":[],"potions":["SpeedPotion"]},{"floor":42,"relics":[],"potions":["Fire Potion"]},{"floor":47,"relics":[],"potions":["LiquidBronze"]},{"floor":55,"relics":[],"potions":["StancePotion"]}],"chose_seed":false,"campfire_upgraded":7,"win_rate":0,"floor_exit_playtime":[286,292,347,465,666,683,702,882,885,892,935,998,1281,1407,1413,1570,1647,1727,1858,1909,2000,2050,2057,2103,2203,2214,2234,2241,2280,2452,2467,2474,2584,2622,2767,2862,2954,3065,3230,3234,3324,3571,3589,3728,3881,3905,4041,4056,4062,4328,4575,4585,4599,4622,4737,5149],"timestamp":1664495147,"blue_key_relic_skipped_log":{"floor":43,"relicID":"HornCleat"},"path_taken":["M","?","?","M","M","R","$","E","T","?","$","E","M","E","R","BOSS","M","M","$","?","M","R","M","E","T","?","R","?","E","?","R","BOSS","M","M","?","?","M","R","E","M","T","M","E","$","E","?","R","BOSS","BOSS","R","$","E","BOSS"],"build_version":"2022-03-07","purchased_purges":4,"victory":true,"max_hp_per_floor":[68,68,68,68,68,68,68,68,68,68,68,68,68,68,68,68,68,68,68,68,68,68,68,68,68,68,68,68,68,75,75,75,75,75,75,75,75,75,75,75,75,75,75,75,75,75,75,75,75,75,75,75,75,75,75,75],"relic_stats":{"Happy Flower":[38],"counters":[30,155],"CeramicFish":36,"Blue Candle":[1],"Yang":[195],"PreservedInsect":390,"Ancient Tea Set":[14],"Blood Vial":42,"Sundial":[162],"Mummified Hand":[7],"Gambling Chip":[26],"Pandora\u0027s Box":["ThirdEye","CutThroughFate","Wish","WreathOfFlame","Prostrate","Pray","BowlingBash","BattleHymn"],"Prayer Wheel":5,"obtain_stats":[{"Happy Flower":14,"SacredBark":34,"CeramicFish":41,"Blue Candle":47,"Vajra":20,"Yang":45,"PreservedInsect":8,"Ancient Tea Set":12,"Blood Vial":9,"Anchor":26,"Sundial":25,"Mummified Hand":55,"Strawberry":30,"Gambling Chip":38,"Orrery":37,"Pandora\u0027s Box":0,"Prayer Wheel":31,"Coffee Dripper":17,"Red Mask":29,"PureWater":0},{"Happy Flower":8,"SacredBark":17,"CeramicFish":22,"Blue Candle":26,"Vajra":11,"Yang":25,"PreservedInsect":5,"Ancient Tea Set":6,"Blood Vial":5,"Anchor":14,"Sundial":14,"Mummified Hand":29,"Strawberry":16,"Gambling Chip":20,"Orrery":19,"Pandora\u0027s Box":0,"Prayer Wheel":16,"Coffee Dripper":9,"Red Mask":15,"PureWater":0},{"Happy Flower":40,"SacredBark":84,"CeramicFish":108,"Blue Candle":129,"Vajra":57,"Yang":124,"PreservedInsect":29,"Ancient Tea Set":31,"Blood Vial":29,"Anchor":69,"Sundial":69,"Mummified Hand":147,"Strawberry":78,"Gambling Chip":99,"Orrery":93,"Pandora\u0027s Box":0,"Prayer Wheel":78,"Coffee Dripper":48,"Red Mask":72,"PureWater":0}]},"card_choices":[{"not_picked":["Weave","FollowUp","Consecrate"],"picked":"SKIP","floor":1},{"not_picked":["Fasting2","Consecrate"],"picked":"DeceiveReality","floor":3},{"not_picked":["JustLucky","Halt","Sanctity"],"picked":"SKIP","floor":5},{"not_picked":["JustLucky","Halt","Sanctity"],"picked":"SKIP","floor":5},{"not_picked":["FlyingSleeves","FlurryOfBlows","Sanctity"],"picked":"SKIP","floor":8},{"not_picked":["Alpha","Consecrate"],"picked":"Blasphemy","floor":12},{"not_picked":["SashWhip","WreathOfFlame","Wireheading"],"picked":"SKIP","floor":13},{"not_picked":["ForeignInfluence","Halt","ThirdEye"],"picked":"SKIP","floor":14},{"not_picked":["Establishment","LessonLearned"],"picked":"Vault","floor":16},{"not_picked":["CutThroughFate","PathToVictory"],"picked":"MentalFortress","floor":18},{"not_picked":["FollowUp","Sanctity","BowlingBash"],"picked":"SKIP","floor":19},{"not_picked":["EmptyFist","CrushJoints","Fasting2"],"picked":"SKIP","floor":22},{"not_picked":["EmptyFist","CrushJoints","Fasting2"],"picked":"SKIP","floor":22},{"not_picked":["Wireheading","Crescendo","JustLucky"],"picked":"SKIP","floor":24},{"not_picked":["EmptyFist","Perseverance","Protect"],"picked":"SKIP","floor":25},{"not_picked":["SashWhip","SignatureMove","Evaluate"],"picked":"SKIP","floor":29},{"not_picked":["Evaluate","Halt+1","FlyingSleeves"],"picked":"SKIP","floor":30},{"not_picked":["Wish","Brilliance"],"picked":"Establishment","floor":33},{"not_picked":["ThirdEye","Consecrate","EmptyFist"],"picked":"SKIP","floor":35},{"not_picked":["PathToVictory","CrushJoints","Evaluate+1"],"picked":"SKIP","floor":35},{"not_picked":["ThirdEye","Consecrate","EmptyFist"],"picked":"SKIP","floor":35},{"not_picked":["PathToVictory","CrushJoints","Evaluate+1"],"picked":"SKIP","floor":35},{"not_picked":["Prostrate+1","CrushJoints","SashWhip"],"picked":"SKIP","floor":36},{"not_picked":["Evaluate","Prostrate","FlyingSleeves"],"picked":"SKIP","floor":36},{"not_picked":["PathToVictory","Evaluate"],"picked":"CutThroughFate","floor":37},{"not_picked":["Brilliance","Evaluate"],"picked":"TalkToTheHand","floor":37},{"not_picked":["ReachHeaven","EmptyFist+1","DeusExMachina"],"picked":"SKIP","floor":37},{"not_picked":["FlyingSleeves+1","Swivel","BowlingBash"],"picked":"SKIP","floor":37},{"not_picked":["FlyingSleeves","Consecrate+1","CarveReality"],"picked":"SKIP","floor":37},{"not_picked":["BattleHymn+1","Conclude+1","Halt+1"],"picked":"SKIP","floor":38},{"not_picked":["ForeignInfluence+1","LikeWater+1"],"picked":"Adaptation+1","floor":39},{"not_picked":["Meditate","TalkToTheHand","Prostrate"],"picked":"SKIP","floor":39},{"not_picked":["BattleHymn","PathToVictory","FlurryOfBlows+1"],"picked":"SKIP","floor":41},{"not_picked":["FlyingSleeves","ClearTheMind"],"picked":"InnerPeace","floor":42},{"not_picked":["ReachHeaven","CutThroughFate","SashWhip+1"],"picked":"SKIP","floor":42},{"not_picked":["Consecrate","SashWhip"],"picked":"Adaptation+1","floor":44},{"not_picked":["CrushJoints+1","Crescendo+1","EmptyFist+1"],"picked":"SKIP","floor":44},{"not_picked":["MentalFortress","FlyingSleeves"],"picked":"Vault","floor":45},{"not_picked":["Swivel","Crescendo","Protect"],"picked":"SKIP","floor":47},{"not_picked":["Swivel","Crescendo","Protect"],"picked":"SKIP","floor":47},{"not_picked":["FollowUp","JustLucky"],"picked":"Vault","floor":55}],"player_experience":4031809,"relics_obtained":[{"floor":8,"key":"PreservedInsect"},{"floor":9,"key":"Blood Vial"},{"floor":12,"key":"Ancient Tea Set"},{"floor":14,"key":"Happy Flower"},{"floor":25,"key":"Sundial"},{"floor":26,"key":"Anchor"},{"floor":29,"key":"Red Mask"},{"floor":30,"key":"Strawberry"},{"floor":38,"key":"Gambling Chip"},{"floor":41,"key":"CeramicFish"},{"floor":45,"key":"Yang"},{"floor":47,"key":"Blue Candle"},{"floor":55,"key":"Mummified Hand"}],"event_choices":[{"damage_healed":0,"gold_gain":0,"player_choice":"Forge","damage_taken":0,"max_hp_gain":0,"max_hp_loss":0,"event_name":"Accursed Blacksmith","floor":2,"gold_loss":0,"cards_upgraded":["Eruption"]},{"damage_healed":0,"gold_gain":50,"player_choice":"Pray","damage_taken":0,"max_hp_gain":0,"max_hp_loss":0,"event_name":"Golden Shrine","floor":10,"gold_loss":0},{"damage_healed":0,"gold_gain":0,"cards_transformed":["Wish","Prostrate"],"player_choice":"Became Test Subject","damage_taken":0,"max_hp_gain":0,"max_hp_loss":0,"event_name":"Drug Dealer","floor":21,"gold_loss":0,"cards_obtained":["FollowUp","Meditate"]},{"cards_removed":["FollowUp"],"damage_healed":0,"gold_gain":0,"player_choice":"Gave Gold","damage_taken":0,"max_hp_gain":0,"max_hp_loss":0,"event_name":"Beggar","floor":27,"gold_loss":75},{"damage_healed":0,"gold_gain":0,"player_choice":"Fought Bandits","damage_taken":0,"max_hp_gain":0,"max_hp_loss":0,"event_name":"Masked Bandits","floor":29,"gold_loss":0},{"damage_healed":0,"gold_gain":0,"player_choice":"Gave Potion","damage_taken":0,"relics_obtained":["Prayer Wheel"],"max_hp_gain":0,"max_hp_loss":0,"event_name":"WeMeetAgain","floor":31,"gold_loss":0},{"damage_healed":0,"gold_gain":0,"player_choice":"Fight","damage_taken":0,"max_hp_gain":0,"max_hp_loss":0,"event_name":"MindBloom","floor":38,"gold_loss":0},{"cards_removed":["CutThroughFate"],"damage_healed":0,"gold_gain":0,"player_choice":"Removed Attack","damage_taken":0,"max_hp_gain":0,"max_hp_loss":0,"event_name":"Falling","floor":48,"gold_loss":0}],"is_beta":false,"boss_relics":[{"not_picked":["Velvet Choker","Fusion Hammer"],"picked":"Coffee Dripper"},{"not_picked":["Tiny House","Cursed Key"],"picked":"SacredBark"}],"items_purged_floors":[7,11,20,46],"is_endless":false,"potions_floor_spawned":[1,4,5,13,22,24,29,35,39,42,47,55],"ascension_level":20,"potion_discard_per_floor":[[],[],[],[],[],[],[],[],[],[],[],[],[],[],[],[],[],[],[],[],[],[],[],[],[],[],[],[],[],[],[],[],[],[],[],[],[],[],[],[],[],[],[],[],[],[],[],[],[],[],[],[],[],["Fire Potion","SteroidPotion"],[],[],[]]}