{"neow_bonuses_skipped_log":["RANDOM_COLORLESS","THREE_ENEMY_KILL","TWENTY_PERCENT_HP_BONUS"],"neow_costs_skipped_log":["NONE","NONE","NO_GOLD"],"potions_obtained_entropic_brew":[[],[],[],[],[],[],[],[],[],[],[],[],[],[],[],[],[],[],[],[],[],[],[],[],[],[],[],[],[],[],[],[],[],[],[],[],[],[],[],[],[],[],[],[],[],[],[],[],[],[],[],[],[],[],[],[]],"gold_per_floor":[99,99,99,99,99,99,99,99,99,99,99,99,99,99,99,99,99,39,39,39,39,39,39,39,39,39,39,39,39,39,39,39,39,39,39,39,39,39,39,39,39,39,39,39,39,39,39,39,39,39,39,39,39,39,39,39],"floor_reached":56,"playtime":7730,"items_purged":[],"score":2176,"play_id":"4c2126d7-2b83-4c61-b856-232794816a4c","local_time":"20221012200131","score_breakdown":["Floors Climbed (56): 280","Enemies Slain (19): 38","Exordium Elites Killed (2): 20","City Elites Killed (2): 40","Beyond Elites Killed (2): 60","Bosses Slain (4): 500","Champion (2): 50","Perfect (2): 100","Ascension (20): 1088"],"is_ascension_mode":true,"potions_obtained_alchemize":[[],[],[],[],[],[],[],[],[],[],[],[],[],[],[],[],[],[],[],[],[],[],[],[],[],[],[],[],[],[],[],[],[],[],[],[],[],[],[],[],[],[],[],[],[],[],[],[],[],[],[],[],[],[],[],[]],"campfire_choices":[{"data":"EmptyFist","floor":6,"key":"SMITH"},{"data":"Eruption","floor":8,"key":"SMITH"},{"data":"CrushJoints","floor":13,"key":"SMITH"},{"data":"MentalFortress","floor":15,"key":"SMITH"},{"floor":24,"key":"REST"},{"data":"Scrawl","floor":27,"key":"SMITH"},{"data":"Study","floor":32,"key":"SMITH"},{"data":"Meditate","floor":41,"key":"SMITH"},{"floor":44,"key":"REST"},{"floor":46,"key":"RECALL"},{"floor":49,"key":"REST"},{"floor":53,"key":"REST"}],"lesson_learned_per_floor":[[],[],[],[],[],[],[],[],[],[],[],[],[],[],[],[],[],[],[],[],[],[],[],[],[],[],[],[],[],[],[],[],[],[],[],[],[],[],[],[],[],[],[],[],[],[],[],[],[],[],[],[],[],[],[],[]],"neow_cost":"NONE","improvable_cards":{},"seed_source_timestamp":5354763188860,"shop_contents":[{"floor":31,"relics":["TeardropLocket","Mercury Hourglass","Orrery"],"cards":["FlyingSleeves","SandsOfTime","Vengeance","Crescendo","MentalFortress","Dark Shackles","HandOfGreed"],"potions":["SkillPotion","PowerPotion","Strength Potion"]},{"floor":48,"relics":["Ginger","Bag of Marbles","Cauldron"],"cards":["SignatureMove","CrushJoints","Vengeance","Pray","Study","Trip","Secret Weapon"],"potions":["DuplicationPotion","FearPotion","DuplicationPotion"]},{"floor":54,"relics":["Akabeko","Bronze Scales","Frozen Eye"],"cards":["CutThroughFate","Consecrate","Crescendo","Pray","MentalFortress","Discovery","Sadistic Nature"],"potions":["AttackPotion","Fruit Juice","DistilledChaos"]}],"circlet_count":0,"master_deck":["AscendersBane","Strike_P+1","Strike_P+1","Defend_P","Defend_P","Eruption+1","Vigilance","MentalFortress+1","InnerPeace","EmptyFist+1","CrushJoints+1","InnerPeace","Wallop","FlurryOfBlows","Scrawl+1","Vengeance+1","Consecrate+1","SashWhip+1","FearNoEvil","Study+1","Prostrate+1","WaveOfTheHand+1","WreathOfFlame+1","Evaluate+1","Meditate+1","InnerPeace","Study+1","WheelKick","DeceiveReality+1","Wish"],"potion_use_per_floor":[[],[],[],[],[],[],[],[],[],[],["Dexterity Potion"],[],[],[],[],[],[],[],[],[],[],[],[],[],[],[],[],[],[],[],[],[],[],[],[],[],[],[],[],["DistilledChaos"],[],[],[],[],[],[],[],[],[],[],["FairyPotion"],[],[],[],[],["Fire Potion"]],"relics":["Ectoplasm","Blue Candle","Incense Burner","Du-Vu Doll","SlaversCollar","Lizard Tail","Whetstone","Bottled Tornado","Astrolabe","CeramicFish","StrikeDummy","Bottled Flame"],"potions_floor_usage":[11,40,56],"damage_taken":[{"damage":7,"enemies":"Jaw Worm","floor":1,"turns":3},{"damage":0,"enemies":"Cultist","floor":2,"turns":2},{"damage":0,"enemies":"2 Louse","floor":3,"turns":2},{"damage":17,"enemies":"Exordium Thugs","floor":4,"turns":6},{"damage":0,"enemies":"Blue Slaver","floor":5,"turns":3},{"damage":15,"enemies":"3 Sentries","floor":7,"turns":7},{"damage":0,"enemies":"Lagavulin","floor":11,"turns":5},{"damage":1,"enemies":"Large Slime","floor":14,"turns":5},{"damage":0,"enemies":"Hexaghost","floor":16,"turns":7},{"damage":6,"enemies":"2 Thieves","floor":18,"turns":4},{"damage":8,"enemies":"Shell Parasite","floor":19,"turns":5},{"damage":0,"enemies":"Centurion and Healer","floor":20,"turns":3},{"damage":0,"enemies":"3 Cultists","floor":21,"turns":5},{"damage":0,"enemies":"Snake Plant","floor":22,"turns":3},{"damage":21,"enemies":"Slavers","floor":23,"turns":4},{"damage":0,"enemies":"Gremlin Leader","floor":28,"turns":3},{"damage":0,"enemies":"Centurion and Healer","floor":29,"turns":3},{"damage":0,"enemies":"Shelled Parasite and Fungi","floor":30,"turns":5},{"damage":0,"enemies":"Collector","floor":33,"turns":5},{"damage":5,"enemies":"Orb Walker","floor":35,"turns":2},{"damage":0,"enemies":"3 Shapes","floor":36,"turns":5},{"damage":0,"enemies":"Maw","floor":37,"turns":7},{"damage":18,"enemies":"Sphere and 2 Shapes","floor":39,"turns":5},{"damage":10,"enemies":"Nemesis","floor":40,"turns":5},{"damage":12,"enemies":"4 Shapes","floor":42,"turns":5},{"damage":0,"enemies":"Writhing Mass","floor":45,"turns":6},{"damage":5,"enemies":"Reptomancer","floor":47,"turns":9},{"damage":20,"enemies":"Donu and Deca","floor":50,"turns":11},{"damage":105,"enemies":"Time Eater","floor":51,"turns":15},{"damage":33,"enemies":"Shield and Spear","floor":55,"turns":9},{"damage":51,"enemies":"The Heart","floor":56,"turns":3}],"green_key_taken_log":23,"seed_played":"-2850071827070933261","neow_bonus_log":{"cardsObtained":[],"cardsUpgraded":[],"cardsRemoved":[],"cardsTransformed":[],"relicsObtained":["Ectoplasm"],"maxHpGained":0,"goldGained":0,"damageTaken":0,"goldLost":0,"maxHpLost":0},"potions_obtained":[{"floor":1,"key":"Dexterity Potion"},{"floor":7,"key":"AttackPotion"},{"floor":14,"key":"Block Potion"},{"floor":16,"key":"DistilledChaos"},{"floor":20,"key":"FairyPotion"},{"floor":40,"key":"SmokeBomb"},{"floor":47,"key":"Fire Potion"}],"is_trial":false,"path_per_floor":["M","M","M","M","M","R","E","R","T","?","E","?","R","M","R","B",null,"M","M","M","M","M","E","R","?","T","R","E","M","M","$","R","B",null,"M","M","M","?","M","E","R","M","T","R","M","R","E","$","R","B","B",null,"R","$","E","B"],"character_chosen":"WATCHER","items_purchased":[],"campfire_rested":4,"item_purchase_floors":[],"current_hp_per_floor":[54,54,54,37,37,37,22,22,22,22,22,12,12,11,11,11,54,48,40,40,40,40,19,39,39,39,39,39,39,39,39,39,39,61,56,56,56,56,38,28,28,16,16,36,36,36,31,31,51,31,12,54,68,68,35,0],"gold":39,"neow_bonus":"BOSS_RELIC","is_prod":false,"is_daily":false,"rewards_skipped":[{"floor":18,"relics":[],"potions":["LiquidBronze"]},{"floor":23,"relics":[],"potions":["ColorlessPotion"]},{"floor":29,"relics":[],"potions":["Dexterity Potion"]},{"floor":30,"relics":[],"potions":["Regen Potion"]},{"floor":35,"relics":[],"potions":["Weak Potion"]}],"chose_seed":false,"campfire_upgraded":7,"win_rate":0,"floor_exit_playtime":[137,169,229,337,425,433,552,562,565,589,681,784,799,880,890,1007,1102,1214,1362,1451,1555,1619,1736,1763,1778,1807,1815,1919,1978,2046,2070,2083,2316,2417,2476,2632,2838,2852,3221,3374,3402,3570,3624,3661,3874,3879,4223,4248,4278,4826,6847,6860,6876,6885,7437],"timestamp":1665619291,"blue_key_relic_skipped_log":{"floor":43,"relicID":"Calipers"},"path_taken":["M","M","M","M","M","R","E","R","T","?","E","?","R","M","R","BOSS","M","M","?","M","M","E","R","?","T","R","E","M","M","?","R","BOSS","M","M","M","?","M","E","R","M","T","R","M","R","E","?","R","BOSS","BOSS","R","$","E","BOSS"],"build_version":"2022-10-04","purchased_purges":0,"victory":false,"max_hp_per_floor":[68,68,68,68,68,68,68,68,68,68,68,68,68,68,68,68,68,68,68,68,68,68,68,68,68,68,68,68,68,68,68,68,68,68,68,68,68,68,68,68,68,68,68,68,68,68,68,68,68,68,68,68,68,68,68,68],"relic_stats":{"Lizard Tail":34,"Bottled Flame":"WheelKick","counters":[31,162],"Blue Candle":[0],"Astrolabe":["Prostrate","WaveOfTheHand","WreathOfFlame"],"CeramicFish":0,"Ectoplasm":801,"Whetstone":["Strike_P","Strike_P"],"Bottled Tornado":"MentalFortress","obtain_stats":[{"Blue Candle":7,"Astrolabe":34,"CeramicFish":40,"Incense Burner":9,"Whetstone":26,"Bottled Tornado":28,"Du-Vu Doll":11,"SlaversCollar":17,"Lizard Tail":23,"Bottled Flame":55,"Ectoplasm":0,"PureWater":0,"StrikeDummy":47},{"Blue Candle":6,"Astrolabe":19,"CeramicFish":24,"Incense Burner":6,"Whetstone":15,"Bottled Tornado":16,"Du-Vu Doll":7,"SlaversCollar":9,"Lizard Tail":15,"Bottled Flame":30,"Ectoplasm":0,"PureWater":0,"StrikeDummy":27},{"Blue Candle":23,"Astrolabe":80,"CeramicFish":104,"Incense Burner":23,"Whetstone":64,"Bottled Tornado":67,"Du-Vu Doll":28,"SlaversCollar":40,"Lizard Tail":64,"Bottled Flame":159,"Ectoplasm":0,"PureWater":0,"StrikeDummy":124}]},"card_choices":[{"not_picked":["BowlingBash","CarveReality"],"picked":"MentalFortress","floor":1},{"not_picked":["CutThroughFate","Protect"],"picked":"InnerPeace","floor":2},{"not_picked":["JustLucky","Protect","MasterReality"],"picked":"SKIP","floor":3},{"not_picked":["ClearTheMind","Evaluate"],"picked":"EmptyFist","floor":4},{"not_picked":["SignatureMove","DeceiveReality"],"picked":"CrushJoints","floor":5},{"not_picked":["FlyingSleeves","WreathOfFlame"],"picked":"InnerPeace","floor":7},{"not_picked":["FlyingSleeves","CrushJoints"],"picked":"Wallop","floor":11},{"not_picked":["Protect","SashWhip"],"picked":"FlurryOfBlows","floor":14},{"not_picked":["DevaForm","MasterReality"],"picked":"Scrawl","floor":16},{"not_picked":["ForeignInfluence","Prostrate","Fasting2"],"picked":"SKIP","floor":18},{"not_picked":["Halt+1","CrushJoints"],"picked":"Vengeance+1","floor":19},{"not_picked":["Protect","SandsOfTime","Prostrate"],"picked":"SKIP","floor":20},{"not_picked":["Crescendo","MasterReality","EmptyBody"],"picked":"SKIP","floor":21},{"not_picked":["FlurryOfBlows","EmptyBody"],"picked":"Consecrate+1","floor":22},{"not_picked":["WheelKick","SignatureMove"],"picked":"SashWhip+1","floor":23},{"not_picked":["SashWhip+1","FollowUp"],"picked":"FearNoEvil","floor":28},{"not_picked":["EmptyBody","Prostrate","Conclude+1"],"picked":"SKIP","floor":29},{"not_picked":["Protect+1","Worship"],"picked":"Study","floor":30},{"not_picked":["Prostrate","FlurryOfBlows"],"picked":"Evaluate+1","floor":35},{"not_picked":["SpiritShield","CrushJoints"],"picked":"Meditate","floor":36},{"not_picked":["BowlingBash","WreathOfFlame"],"picked":"InnerPeace","floor":37},{"not_picked":["JustLucky+1","BowlingBash"],"picked":"Study+1","floor":39},{"not_picked":["WaveOfTheHand+1","ThirdEye"],"picked":"WheelKick","floor":40},{"not_picked":["FlurryOfBlows+1","Evaluate","CrushJoints"],"picked":"SKIP","floor":42},{"not_picked":["PathToVictory","Prostrate+1"],"picked":"DeceiveReality+1","floor":45},{"not_picked":["Collect+1","CarveReality"],"picked":"Wish","floor":47},{"not_picked":["FlyingSleeves","EmptyFist","WheelKick"],"picked":"SKIP","floor":55}],"player_experience":4159317,"relics_obtained":[{"floor":7,"key":"Blue Candle"},{"floor":9,"key":"Incense Burner"},{"floor":11,"key":"Du-Vu Doll"},{"floor":23,"key":"Lizard Tail"},{"floor":26,"key":"Whetstone"},{"floor":28,"key":"Bottled Tornado"},{"floor":40,"key":"CeramicFish"},{"floor":47,"key":"StrikeDummy"},{"floor":55,"key":"Bottled Flame"}],"event_choices":[{"damage_healed":0,"gold_gain":0,"player_choice":"Ignored","damage_taken":0,"max_hp_gain":0,"max_hp_loss":0,"event_name":"Golden Idol","floor":10,"gold_loss":0},{"damage_healed":0,"gold_gain":0,"player_choice":"Damaged","damage_taken":10,"max_hp_gain":0,"max_hp_loss":0,"event_name":"Wheel of Change","floor":12,"gold_loss":0},{"cards_removed":["Defend_P"],"damage_healed":0,"gold_gain":0,"player_choice":"Purged","damage_taken":0,"max_hp_gain":0,"max_hp_loss":0,"event_name":"Purifier","floor":25,"gold_loss":0},{"damage_healed":0,"gold_gain":50,"player_choice":"Pray","damage_taken":0,"max_hp_gain":0,"max_hp_loss":0,"event_name":"Golden Shrine","floor":38,"gold_loss":0}],"is_beta":false,"boss_relics":[{"not_picked":["Sozu","Cursed Key"],"picked":"SlaversCollar"},{"not_picked":["Empty Cage","Tiny House"],"picked":"Astrolabe"}],"items_purged_floors":[],"is_endless":false,"potions_floor_spawned":[1,7,14,16,18,20,23,29,30,35,40,47],"killed_by":"The Heart","ascension_level":20,"potion_discard_per_floor":[[],[],[],[],[],[],[],[],[],[],[],[],[],[],[],["Block Potion"],[],[],[],["AttackPotion"],[],[],[],[],[],[],[],[],[],[],[],[],[],[],[],[],[],[],[],[],[],[],[],[],[],[],["SmokeBomb"],[],[],[],[],[],[],[],[],[]]}