{"neow_bonuses_skipped_log":["TEN_PERCENT_HP_BONUS"],"neow_costs_skipped_log":["NONE"],"potions_obtained_entropic_brew":[[],[],[],[],[],[],[],[],[],[],[],[],[],[],[],[],[],[],[],[],[],[],[],[],[],[],[],[],[],[],[],[],[],[],[],[],[],[],[],[],[],[],[],[],[],[],[],[],[],[],[],[],[],[],[],[],[]],"gold_per_floor":[114,70,84,84,84,84,120,120,143,159,203,183,224,149,149,247,247,263,263,107,107,120,120,151,166,191,235,110,143,143,143,143,220,270,286,43,64,77,94,94,138,155,155,170,187,205,216,228,228,228,228,228,228,22,49,49],"floor_reached":57,"playtime":4557,"items_purged":["Defend_P","Defend_P","Strike_P","Strike_P","Strike_P"],"score":3184,"play_id":"09227956-ce33-40b1-be01-065a2b282f24","local_time":"20221009194730","score_breakdown":["Floors Climbed (57): 285","Enemies Slain (16): 32","Exordium Elites Killed (3): 30","City Elites Killed (2): 40","Beyond Elites Killed (1): 30","Bosses Slain (5): 750","Highlander: 100","Champion (5): 125","Perfect (2): 100","C-c-c-combo: 25","Ascension (20): 1417","Heartbreaker: 250"],"is_ascension_mode":true,"potions_obtained_alchemize":[[],[],[],[],[],[],[],[],[],[],[],[],[],[],[],[],[],[],[],[],[],[],[],[],[],[],[],[],[],[],[],[],[],[],[],[],[],[],[],[],[],[],[],[],[],[],[],[],[],[],[],[],[],[],[],[],[]],"campfire_choices":[{"data":"Eruption","floor":6,"key":"SMITH"},{"data":"Adaptation","floor":8,"key":"SMITH"},{"data":"MentalFortress","floor":15,"key":"SMITH"},{"data":"InnerPeace","floor":23,"key":"SMITH"},{"data":"EmptyMind","floor":32,"key":"SMITH"},{"data":"Scrawl","floor":40,"key":"SMITH"},{"floor":49,"key":"RECALL"},{"data":"Vigilance","floor":53,"key":"SMITH"}],"lesson_learned_per_floor":[[],[],[],[],[],[],[],[],[],[],[],[],[],[],[],[],[],[],[],[],[],[],[],[],[],[],[],[],[],[],[],[],[],[],[],[],[],[],[],[],[],[],[],[],[],[],[],[],[],[],[],[],[],[],[],[],[]],"neow_cost":"NONE","improvable_cards":{},"seed_source_timestamp":17766307522875,"shop_contents":[{"floor":2,"relics":["Blood Vial","Toy Ornithopter","OrangePellets"],"cards":["TalkToTheHand","EmptyFist","EmptyBody","InnerPeace","Purity","HandOfGreed"],"potions":["ColorlessPotion","SpeedPotion","LiquidBronze"]},{"floor":14,"relics":["FossilizedHelix","Mummified Hand","Cauldron"],"cards":["WindmillStrike","JustLucky","Perseverance","Sanctity","MentalFortress","Deep Breath","HandOfGreed"],"potions":["Weak Potion","SkillPotion","FearPotion"]},{"floor":20,"relics":["Ancient Tea Set","Blue Candle","HandDrill"],"cards":["Consecrate","Tantrum","Evaluate","Meditate","MentalFortress","Mind Blast","Violence"],"potions":["LiquidBronze","AttackPotion"]},{"floor":28,"relics":["Dream Catcher","GoldenEye","Toolbox"],"cards":["CutThroughFate","Tantrum","ForeignInfluence","InnerPeace","Study","Flash of Steel","Thinking Ahead"],"potions":["AttackPotion","PowerPotion","BottledMiracle"]},{"floor":31,"relics":["Bag of Preparation","Happy Flower","Strange Spoon"],"cards":["SashWhip","FlurryOfBlows","DeusExMachina","EmptyMind","MentalFortress","Enlightenment","Chrysalis"],"potions":["LiquidBronze","LiquidMemories","SkillPotion"]},{"floor":36,"relics":["Centennial Puzzle","Boot"],"cards":["Consecrate","FearNoEvil","Evaluate","EmptyMind","Fasting2","Blind","Sadistic Nature"],"potions":["LiquidBronze","Fruit Juice","SteroidPotion"]},{"floor":54,"relics":["Pear","Unceasing Top"],"cards":["FlurryOfBlows","LessonLearned","PathToVictory","Halt","BattleHymn","Secret Weapon"],"potions":["Energy Potion","FearPotion","EntropicBrew"]}],"circlet_count":0,"master_deck":["AscendersBane","Strike_P","Defend_P+1","Eruption+1","Vigilance+1","Wallop+1","Adaptation+1","MentalFortress+1","InnerPeace+1","EmptyMind+1","Scrawl+1","Crescendo+1","Purity"],"potion_use_per_floor":[[],[],[],[],[],[],[],[],[],[],["Block Potion"],[],["Block Potion"],[],[],["Weak Potion"],[],[],[],[],[],[],[],[],["SteroidPotion"],[],["Strength Potion","Ambrosia"],[],[],[],[],[],[],[],[],[],[],[],[],[],[],[],[],[],[],[],[],[],[],[],[],[],[],[],[],["Weak Potion"],[]],"relics":["PureWater","NeowsBlessing","Bloody Idol","Anchor","Oddly Smooth Stone","Bottled Tornado","Coffee Dripper","Mercury Hourglass","CeramicFish","Damaru","Red Mask","Tiny House","Membership Card","Akabeko","Kunai","Lee\u0027s Waffle","Shuriken"],"potions_floor_usage":[11,13,16,25,27,27,56],"damage_taken":[{"damage":0,"enemies":"Cultist","floor":1,"turns":1},{"damage":0,"enemies":"2 Louse","floor":3,"turns":1},{"damage":0,"enemies":"3 Sentries","floor":7,"turns":1},{"damage":0,"enemies":"Small Slimes","floor":10,"turns":3},{"damage":4,"enemies":"Gremlin Nob","floor":11,"turns":3},{"damage":17,"enemies":"3 Sentries","floor":13,"turns":9},{"damage":25,"enemies":"The Guardian","floor":16,"turns":14},{"damage":10,"enemies":"2 Thieves","floor":18,"turns":3},{"damage":0,"enemies":"3 Byrds","floor":22,"turns":4},{"damage":0,"enemies":"Gremlin Leader","floor":24,"turns":4},{"damage":0,"enemies":"Cultist and Chosen","floor":25,"turns":3},{"damage":0,"enemies":"Slavers","floor":27,"turns":3},{"damage":8,"enemies":"Masked Bandits","floor":29,"turns":4},{"damage":0,"enemies":"Automaton","floor":33,"turns":2},{"damage":0,"enemies":"3 Darklings","floor":35,"turns":3},{"damage":0,"enemies":"3 Shapes","floor":37,"turns":4},{"damage":0,"enemies":"3 Darklings","floor":38,"turns":1},{"damage":6,"enemies":"4 Shapes","floor":39,"turns":2},{"damage":0,"enemies":"Giant Head","floor":41,"turns":2},{"damage":0,"enemies":"Jaw Worm Horde","floor":42,"turns":1},{"damage":0,"enemies":"Sphere and 2 Shapes","floor":44,"turns":1},{"damage":0,"enemies":"Writhing Mass","floor":45,"turns":2},{"damage":0,"enemies":"Maw","floor":46,"turns":1},{"damage":0,"enemies":"Jaw Worm Horde","floor":47,"turns":1},{"damage":0,"enemies":"Writhing Mass","floor":48,"turns":6},{"damage":0,"enemies":"Awakened One","floor":50,"turns":2},{"damage":38,"enemies":"Time Eater","floor":51,"turns":16},{"damage":0,"enemies":"Shield and Spear","floor":55,"turns":1},{"damage":54,"enemies":"The Heart","floor":56,"turns":5}],"green_key_taken_log":7,"seed_played":"-4985314450386665702","neow_bonus_log":{"cardsObtained":[],"cardsUpgraded":[],"cardsRemoved":[],"cardsTransformed":[],"relicsObtained":["NeowsBlessing"],"maxHpGained":0,"goldGained":0,"damageTaken":0,"goldLost":0,"maxHpLost":0},"potions_obtained":[{"floor":3,"key":"Block Potion"},{"floor":10,"key":"Block Potion"},{"floor":12,"key":"Weak Potion"},{"floor":16,"key":"Ambrosia"},{"floor":25,"key":"Strength Potion"},{"floor":27,"key":"Strength Potion"},{"floor":33,"key":"Strength Potion"},{"floor":34,"key":"Ambrosia"},{"floor":45,"key":"Weak Potion"}],"is_trial":false,"path_per_floor":["M","$","M","?","?","R","E","R","T","M","E","?","E","$","R","B",null,"M","T","$","?","M","R","E","M","T","E","$","?","?","$","R","B",null,"M","$","M","M","M","R","E","M","T","M","M","M","M","M","R","B","B",null,"R","$","E","B",null],"character_chosen":"WATCHER","items_purchased":["Adaptation","SteroidPotion","Membership Card","Lee\u0027s Waffle","Purity"],"campfire_rested":0,"item_purchase_floors":[2,20,36,54,54],"current_hp_per_floor":[61,61,61,61,61,61,61,61,61,61,57,57,40,40,40,15,50,40,40,40,40,40,40,40,40,40,40,40,32,32,32,32,37,62,67,67,67,67,66,66,67,67,67,67,67,67,67,67,67,67,29,58,58,74,74,20],"gold":49,"neow_bonus":"THREE_ENEMY_KILL","is_prod":false,"is_daily":false,"rewards_skipped":[{"floor":7,"relics":["Bottled Flame"],"potions":[]},{"floor":39,"relics":[],"potions":["Block Potion"]},{"floor":42,"relics":[],"potions":["Strength Potion"]},{"floor":47,"relics":[],"potions":["FearPotion"]}],"chose_seed":false,"campfire_upgraded":7,"win_rate":0,"floor_exit_playtime":[108,127,139,149,156,162,211,220,224,268,306,320,414,496,501,745,801,877,880,915,926,1010,1025,1158,1273,1287,1368,1383,1516,1524,1542,1548,1688,1817,1930,1971,2072,2159,2220,2225,2329,2408,2422,2486,2731,2830,2900,3059,3062,3292,4074,4085,4091,4110,4226,4557],"timestamp":1665359250,"blue_key_relic_skipped_log":{"floor":26,"relicID":"Tiny Chest"},"path_taken":["M","$","M","?","?","R","E","R","T","M","E","?","E","$","R","BOSS","M","?","$","?","?","R","E","?","T","E","$","?","?","?","R","BOSS","M","$","M","M","M","R","E","M","T","M","M","M","M","M","R","BOSS","BOSS","R","$","E","BOSS"],"build_version":"2022-10-04","purchased_purges":5,"victory":true,"max_hp_per_floor":[68,68,68,68,62,62,62,62,62,62,62,62,62,62,62,62,62,62,62,62,62,62,62,62,62,62,62,62,62,62,62,62,62,67,67,67,67,67,67,67,67,67,67,67,67,67,67,67,67,67,67,67,67,74,74,74],"relic_stats":{"Lee\u0027s Waffle":16,"counters":[29,103],"Shuriken":[17],"Bloody Idol":21,"CeramicFish":36,"Membership Card":288,"Kunai":[107],"PureWater":[23],"Bottled Tornado":"Adaptation","obtain_stats":[{"Lee\u0027s Waffle":54,"Tiny House":34,"NeowsBlessing":0,"Golden Idol":5,"CeramicFish":24,"Oddly Smooth Stone":11,"Damaru":27,"Bottled Tornado":13,"Akabeko":41,"Mercury Hourglass":19,"Anchor":9,"Shuriken":55,"Bloody Idol":30,"Coffee Dripper":17,"Red Mask":29,"Membership Card":36,"Kunai":43,"PureWater":0},{"Lee\u0027s Waffle":27,"Tiny House":14,"NeowsBlessing":0,"Golden Idol":2,"CeramicFish":10,"Oddly Smooth Stone":5,"Damaru":12,"Bottled Tornado":6,"Akabeko":19,"Mercury Hourglass":8,"Anchor":3,"Shuriken":28,"Bloody Idol":13,"Coffee Dripper":7,"Red Mask":13,"Membership Card":15,"Kunai":20,"PureWater":0},{"Lee\u0027s Waffle":97,"Tiny House":55,"NeowsBlessing":0,"Golden Idol":2,"CeramicFish":43,"Oddly Smooth Stone":9,"Damaru":49,"Bottled Tornado":18,"Akabeko":67,"Mercury Hourglass":35,"Anchor":3,"Shuriken":98,"Bloody Idol":53,"Coffee Dripper":32,"Red Mask":53,"Membership Card":58,"Kunai":68,"PureWater":0}],"Mercury Hourglass":[309]},"card_choices":[{"not_picked":["JustLucky","ForeignInfluence"],"picked":"Wallop","floor":1},{"not_picked":["Evaluate","FollowUp","SashWhip"],"picked":"SKIP","floor":3},{"not_picked":["Crescendo","ForeignInfluence"],"picked":"MentalFortress","floor":7},{"not_picked":["JustLucky","SignatureMove","FlyingSleeves"],"picked":"SKIP","floor":10},{"not_picked":["Collect","Halt","FlyingSleeves"],"picked":"SKIP","floor":11},{"not_picked":["Collect","Halt","FlyingSleeves"],"picked":"SKIP","floor":11},{"not_picked":["BowlingBash","TalkToTheHand","BattleHymn"],"picked":"SKIP","floor":13},{"not_picked":["Adaptation","TalkToTheHand"],"picked":"InnerPeace","floor":18},{"not_picked":["BowlingBash+1","Wireheading","Protect"],"picked":"SKIP","floor":22},{"not_picked":["FlurryOfBlows","BowlingBash","Worship"],"picked":"SKIP","floor":24},{"not_picked":["Prostrate","MentalFortress","CarveReality"],"picked":"SKIP","floor":25},{"not_picked":["ClearTheMind","Fasting2"],"picked":"EmptyMind","floor":27},{"not_picked":["Nirvana","BowlingBash","JustLucky"],"picked":"SKIP","floor":29},{"not_picked":["JustLucky","Sanctity","Vengeance"],"picked":"SKIP","floor":35},{"not_picked":["Conclude","Prostrate+1"],"picked":"Scrawl","floor":37},{"not_picked":["EmptyBody+1","ForeignInfluence","Wireheading"],"picked":"SKIP","floor":38},{"not_picked":["EmptyBody+1","ForeignInfluence","Wireheading"],"picked":"SKIP","floor":38},{"not_picked":["CrushJoints","Halt","ThirdEye"],"picked":"SKIP","floor":39},{"not_picked":["SpiritShield","EmptyFist+1","Crescendo+1"],"picked":"SKIP","floor":41},{"not_picked":["SpiritShield","EmptyFist+1"],"picked":"Crescendo+1","floor":41},{"not_picked":["EmptyBody","Wallop","CrushJoints+1"],"picked":"SKIP","floor":42},{"not_picked":["PathToVictory+1","Sanctity","SpiritShield"],"picked":"SKIP","floor":44},{"not_picked":["Prostrate","ThirdEye","EmptyFist"],"picked":"SKIP","floor":45},{"not_picked":["FollowUp","CutThroughFate","Crescendo"],"picked":"SKIP","floor":46},{"not_picked":["ClearTheMind","JustLucky+1","EmptyMind"],"picked":"SKIP","floor":47},{"not_picked":["BowlingBash+1","Crescendo","Halt"],"picked":"SKIP","floor":48},{"not_picked":["LikeWater","ReachHeaven","Indignation"],"picked":"SKIP","floor":55}],"player_experience":4124767,"relics_obtained":[{"floor":9,"key":"Anchor"},{"floor":11,"key":"Oddly Smooth Stone"},{"floor":13,"key":"Bottled Tornado"},{"floor":19,"key":"Mercury Hourglass"},{"floor":24,"key":"CeramicFish"},{"floor":27,"key":"Damaru"},{"floor":29,"key":"Red Mask"},{"floor":41,"key":"Akabeko"},{"floor":43,"key":"Kunai"},{"floor":55,"key":"Shuriken"}],"event_choices":[{"cards_removed":["Defend_P"],"damage_healed":0,"gold_gain":0,"player_choice":"Forget","damage_taken":0,"max_hp_gain":0,"max_hp_loss":0,"event_name":"Living Wall","floor":4,"gold_loss":0},{"damage_healed":0,"gold_gain":0,"player_choice":"Lose Max HP","damage_taken":0,"relics_obtained":["Golden Idol"],"max_hp_gain":0,"max_hp_loss":6,"event_name":"Golden Idol","floor":5,"gold_loss":0},{"damage_healed":0,"gold_gain":0,"player_choice":"Bought 1 Potion","damage_taken":0,"max_hp_gain":0,"max_hp_loss":0,"event_name":"The Woman in Blue","floor":12,"gold_loss":0},{"damage_healed":0,"gold_gain":0,"player_choice":"Forge","damage_taken":0,"max_hp_gain":0,"max_hp_loss":0,"event_name":"Accursed Blacksmith","floor":21,"gold_loss":0,"cards_upgraded":["Wallop"]},{"damage_healed":0,"gold_gain":0,"player_choice":"Fought Bandits","damage_taken":0,"max_hp_gain":0,"max_hp_loss":0,"event_name":"Masked Bandits","floor":29,"gold_loss":0},{"damage_healed":0,"gold_gain":0,"player_choice":"Gave Idol","damage_taken":0,"relics_obtained":["Bloody Idol"],"max_hp_gain":0,"max_hp_loss":0,"event_name":"Forgotten Altar","floor":30,"relics_lost":["Golden Idol"],"gold_loss":0}],"is_beta":false,"boss_relics":[{"not_picked":["Sozu","Cursed Key"],"picked":"Coffee Dripper"},{"not_picked":["Snecko Eye","Velvet Choker"],"picked":"Tiny House"}],"items_purged_floors":[14,20,28,36,54],"is_endless":false,"potions_floor_spawned":[3,10,16,25,27,33,39,42,45,47],"ascension_level":20,"potion_discard_per_floor":[[],[],[],[],[],[],[],[],[],[],[],[],[],[],[],[],[],[],[],[],[],[],[],[],[],[],[],[],[],[],[],[],[],["Strength Potion"],[],[],[],[],[],[],[],[],[],[],["Strength Potion"],[],[],[],[],[],[],[],[],[],[],[],[]]}