{"neow_bonuses_skipped_log":["RANDOM_COLORLESS","TEN_PERCENT_HP_BONUS","BOSS_RELIC"],"neow_costs_skipped_log":["NONE","NONE","NONE"],"potions_obtained_entropic_brew":[[],[],[],[],[],[],[],[],[],[],[],[],[],[],[],[],[],[],[],[],[],[],[],[],[],[],[],[],[],[],[],[],[],[],[],[],[],[],[],[],[],[],[],[],[],[],[],[],[],[],[],[],[],[],[],[],[]],"gold_per_floor":[119,130,55,35,55,55,75,75,75,104,17,31,31,57,57,136,136,150,165,65,78,89,89,122,122,147,147,62,87,87,103,103,179,179,197,208,83,95,115,115,130,130,155,155,165,186,212,222,222,222,222,222,222,72,101,101],"floor_reached":57,"playtime":3089,"items_purged":["Defend_P","Defend_P","Evaluate","FearNoEvil"],"score":3197,"play_id":"062d4ec2-7e9c-45b0-8979-ca054b17ce6e","local_time":"20221014175047","score_breakdown":["Floors Climbed (57): 285","Enemies Slain (18): 36","Exordium Elites Killed (2): 20","City Elites Killed (2): 40","Beyond Elites Killed (1): 30","Bosses Slain (5): 750","Speedster: 25","Champion (3): 75","Beyond Perfect: 200","C-c-c-combo: 25","Ascension (20): 1461","Heartbreaker: 250"],"is_ascension_mode":true,"potions_obtained_alchemize":[[],[],[],[],[],[],[],[],[],[],[],[],[],[],[],[],[],[],[],[],[],[],[],[],[],[],[],[],[],[],[],[],[],[],[],[],[],[],[],[],[],[],[],[],[],[],[],[],[],[],[],[],[],[],[],[],[]],"campfire_choices":[{"data":"Eruption","floor":6,"key":"SMITH"},{"data":"Wallop","floor":8,"key":"SMITH"},{"floor":15,"key":"REST"},{"floor":23,"key":"REST"},{"data":"Adaptation","floor":25,"key":"SMITH"},{"data":"TalkToTheHand","floor":27,"key":"SMITH"},{"data":"Adaptation","floor":30,"key":"SMITH"},{"data":"Halt","floor":32,"key":"SMITH"},{"floor":40,"key":"RECALL"},{"data":"InnerPeace","floor":42,"key":"SMITH"},{"data":"FearNoEvil","floor":44,"key":"SMITH"},{"data":"Scrawl","floor":49,"key":"SMITH"},{"floor":53,"key":"REST"}],"lesson_learned_per_floor":[[],[],[],[],[],[],[],[],[],[],[],[],[],[],[],[],[],[],[],[],[],[],[],[],[],[],[],[],[],[],[],[],[],[],[],[],[],[],[],[],[],[],[],[],[],[],[],[],[],[],[],[],[],[],[],[],[]],"neow_cost":"PERCENT_DAMAGE","improvable_cards":{},"seed_source_timestamp":4605728018027,"shop_contents":[{"floor":3,"relics":["Yang","Pocketwatch","HandDrill"],"cards":["CarveReality","SignatureMove","Protect","Indignation","MentalFortress","Mind Blast","Apotheosis"],"potions":["Weak Potion","EssenceOfSteel","ColorlessPotion"]},{"floor":11,"relics":["Happy Flower","Blood Vial","PrismaticShard"],"cards":["LessonLearned","CarveReality","SpiritShield","ThirdEye","Discovery","Magnetism"],"potions":["Explosive Potion","BottledMiracle","Weak Potion"]},{"floor":20,"relics":["Bottled Tornado","GoldenEye","Cauldron"],"cards":["BowlingBash","SignatureMove","Perseverance","Crescendo","LikeWater","Dramatic Entrance","Sadistic Nature"],"potions":["LiquidMemories","Regen Potion","DuplicationPotion"]},{"floor":28,"relics":["Tiny Chest","Bottled Flame","Lee\u0027s Waffle"],"cards":["Ragnarok","FlurryOfBlows","EmptyMind","Sanctity","Jack Of All Trades","Transmutation"],"potions":["FearPotion","Fire Potion","Strength Potion"]},{"floor":37,"relics":["PreservedInsect","Bag of Preparation","Toolbox"],"cards":["FollowUp","ReachHeaven","Perseverance","Prostrate","MentalFortress","Dramatic Entrance","Secret Technique"],"potions":["Ancient Potion","Dexterity Potion","CultistPotion"]},{"floor":54,"relics":["Oddly Smooth Stone","Thread and Needle","Membership Card"],"cards":["SignatureMove","Weave","PathToVictory","InnerPeace","MasterReality","Purity","Transmutation"],"potions":["EntropicBrew","PowerPotion","FearPotion"]}],"circlet_count":0,"master_deck":["AscendersBane","Eruption+1","Vigilance+1","Halt+1","Wallop+1","Adaptation+1","TalkToTheHand+1","Scrawl+1","Crescendo+1","Adaptation+1","InnerPeace+1","FearNoEvil+1","Alpha","Devotion","Scrawl+1"],"potion_use_per_floor":[[],[],[],[],[],[],[],[],[],["StancePotion"],[],[],[],[],[],[],[],[],[],[],[],[],[],[],[],[],[],[],["AttackPotion","Strength Potion"],[],[],[],[],[],[],[],[],[],[],[],[],[],[],[],[],[],[],[],[],[],[],[],[],[],[],["LiquidMemories","FairyPotion"],[]],"relics":["PureWater","Nunchaku","Regal Pillow","SlaversCollar","Pen Nib","War Paint","HornCleat","Pandora\u0027s Box","CeramicFish","TeardropLocket"],"potions_floor_usage":[10,29,29,56],"damage_taken":[{"damage":2,"enemies":"Jaw Worm","floor":1,"turns":3},{"damage":0,"enemies":"Cultist","floor":2,"turns":2},{"damage":0,"enemies":"Small Slimes","floor":5,"turns":2},{"damage":0,"enemies":"2 Fungi Beasts","floor":7,"turns":2},{"damage":16,"enemies":"3 Sentries","floor":10,"turns":5},{"damage":0,"enemies":"Large Slime","floor":12,"turns":3},{"damage":0,"enemies":"Lagavulin","floor":14,"turns":5},{"damage":14,"enemies":"The Guardian","floor":16,"turns":9},{"damage":11,"enemies":"Spheric Guardian","floor":18,"turns":3},{"damage":14,"enemies":"2 Thieves","floor":19,"turns":3},{"damage":12,"enemies":"3 Cultists","floor":21,"turns":3},{"damage":11,"enemies":"Centurion and Healer","floor":22,"turns":4},{"damage":8,"enemies":"Gremlin Leader","floor":24,"turns":4},{"damage":12,"enemies":"Slavers","floor":29,"turns":2},{"damage":0,"enemies":"Sentry and Sphere","floor":31,"turns":3},{"damage":0,"enemies":"Collector","floor":33,"turns":2},{"damage":0,"enemies":"3 Darklings","floor":35,"turns":1},{"damage":0,"enemies":"Orb Walker","floor":36,"turns":1},{"damage":0,"enemies":"3 Darklings","floor":38,"turns":1},{"damage":0,"enemies":"4 Shapes","floor":39,"turns":1},{"damage":12,"enemies":"Writhing Mass","floor":41,"turns":3},{"damage":0,"enemies":"Maw","floor":45,"turns":5},{"damage":7,"enemies":"4 Shapes","floor":46,"turns":4},{"damage":0,"enemies":"Reptomancer","floor":47,"turns":1},{"damage":0,"enemies":"Spire Growth","floor":48,"turns":2},{"damage":0,"enemies":"Donu and Deca","floor":50,"turns":2},{"damage":0,"enemies":"Time Eater","floor":51,"turns":5},{"damage":0,"enemies":"Shield and Spear","floor":55,"turns":3},{"damage":111,"enemies":"The Heart","floor":56,"turns":7}],"green_key_taken_log":14,"seed_played":"-5529689001577758437","neow_bonus_log":{"cardsObtained":[],"cardsUpgraded":[],"cardsRemoved":["Defend_P","Defend_P"],"cardsTransformed":[],"relicsObtained":[],"maxHpGained":0,"goldGained":0,"damageTaken":18,"goldLost":0,"maxHpLost":0},"potions_obtained":[{"floor":4,"key":"StancePotion"},{"floor":10,"key":"Strength Potion"},{"floor":14,"key":"SpeedPotion"},{"floor":16,"key":"AttackPotion"},{"floor":29,"key":"LiquidMemories"},{"floor":33,"key":"SpeedPotion"},{"floor":35,"key":"DuplicationPotion"},{"floor":46,"key":"FairyPotion"}],"is_trial":false,"path_per_floor":["M","M","$","?","M","R","M","R","T","E","$","M","?","E","R","B",null,"M","M","$","M","M","R","E","R","T","R","$","E","R","M","R","B",null,"M","M","$","M","M","R","M","R","T","R","M","M","E","M","R","B","B",null,"R","$","E","B",null],"character_chosen":"WATCHER","items_purchased":["Adaptation","Adaptation"],"campfire_rested":3,"item_purchase_floors":[11,28],"current_hp_per_floor":[41,41,41,41,41,41,41,41,41,25,25,25,25,25,60,46,63,52,38,38,26,15,50,42,42,42,42,42,30,30,30,30,30,59,59,59,59,59,59,59,47,47,47,47,47,40,40,40,40,40,40,61,68,68,68,18],"gold":101,"neow_bonus":"REMOVE_TWO","is_prod":false,"is_daily":false,"rewards_skipped":[{"floor":18,"relics":[],"potions":["FearPotion"]},{"floor":19,"relics":[],"potions":["PowerPotion"]},{"floor":39,"relics":[],"potions":["AttackPotion"]},{"floor":45,"relics":[],"potions":["ColorlessPotion"]},{"floor":55,"relics":["Dead Branch"],"potions":["SpeedPotion"]}],"chose_seed":false,"campfire_upgraded":9,"win_rate":0,"floor_exit_playtime":[70,86,113,150,168,174,208,215,228,313,325,356,362,436,452,577,634,674,720,733,825,924,928,1009,1015,1023,1029,1044,1116,1123,1225,1231,1324,1429,1479,1514,1537,1591,1663,1670,1773,1781,1794,1803,1947,2072,2148,2190,2201,2288,2519,2531,2544,2575,2683,3089],"timestamp":1665784247,"blue_key_relic_skipped_log":{"floor":9,"relicID":"Letter Opener"},"path_taken":["M","M","$","?","M","R","?","R","T","E","?","M","?","E","R","BOSS","M","M","$","M","M","R","E","R","T","R","$","E","R","M","R","BOSS","M","M","$","M","M","R","M","R","T","R","M","M","E","M","R","BOSS","BOSS","R","$","E","BOSS"],"build_version":"2022-10-04","purchased_purges":4,"victory":true,"max_hp_per_floor":[68,68,68,68,68,68,68,68,68,68,68,68,68,68,68,68,68,68,68,68,68,68,68,68,68,68,68,68,68,68,68,68,68,68,68,68,68,68,68,68,68,68,68,68,68,68,68,68,68,68,68,68,68,68,68,68],"relic_stats":{"Nunchaku":[45],"Regal Pillow":30,"counters":[29,91],"CeramicFish":9,"Pandora\u0027s Box":["FearNoEvil","Alpha","Evaluate","Devotion"],"Pen Nib":[34],"PureWater":[26],"War Paint":["Scrawl","Vigilance"],"obtain_stats":[{"SlaversCollar":17,"Nunchaku":10,"Regal Pillow":14,"HornCleat":29,"CeramicFish":43,"Pandora\u0027s Box":34,"Pen Nib":24,"TeardropLocket":47,"PureWater":0,"War Paint":26},{"SlaversCollar":8,"Nunchaku":5,"Regal Pillow":7,"HornCleat":14,"CeramicFish":21,"Pandora\u0027s Box":16,"Pen Nib":13,"TeardropLocket":24,"PureWater":0,"War Paint":13},{"SlaversCollar":31,"Nunchaku":14,"Regal Pillow":22,"HornCleat":50,"CeramicFish":62,"Pandora\u0027s Box":55,"Pen Nib":48,"TeardropLocket":72,"PureWater":0,"War Paint":48}]},"card_choices":[{"not_picked":["Protect","Vengeance"],"picked":"Halt","floor":1},{"not_picked":["JustLucky","CutThroughFate"],"picked":"Wallop","floor":2},{"not_picked":["FollowUp","BowlingBash"],"picked":"FearNoEvil","floor":5},{"not_picked":["Halt","EmptyBody","LikeWater"],"picked":"SKIP","floor":7},{"not_picked":["Crescendo","BowlingBash","Protect"],"picked":"SKIP","floor":10},{"not_picked":["WindmillStrike","Prostrate"],"picked":"TalkToTheHand","floor":12},{"not_picked":["ReachHeaven","FlurryOfBlows","JustLucky"],"picked":"SKIP","floor":14},{"not_picked":["Establishment","ConjureBlade"],"picked":"Scrawl","floor":16},{"not_picked":["Worship","BowlingBash","Tantrum"],"picked":"SKIP","floor":18},{"not_picked":["FlurryOfBlows","SignatureMove","BattleHymn"],"picked":"SKIP","floor":19},{"not_picked":["EmptyBody","WheelKick","ThirdEye"],"picked":"SKIP","floor":21},{"not_picked":["Vengeance","Fasting2+1"],"picked":"Crescendo+1","floor":22},{"not_picked":["SandsOfTime","Prostrate","FlurryOfBlows"],"picked":"SKIP","floor":24},{"not_picked":["Evaluate","FlyingSleeves","Halt"],"picked":"SKIP","floor":29},{"not_picked":["Evaluate","FlyingSleeves","Halt"],"picked":"SKIP","floor":29},{"not_picked":["EmptyBody","Fasting2"],"picked":"InnerPeace","floor":31},{"not_picked":["SashWhip","FollowUp","ReachHeaven"],"picked":"SKIP","floor":35},{"not_picked":["CrushJoints","Evaluate","ForeignInfluence"],"picked":"SKIP","floor":36},{"not_picked":["Halt","FlyingSleeves","Sanctity"],"picked":"SKIP","floor":38},{"not_picked":["FollowUp","Halt","Consecrate+1"],"picked":"SKIP","floor":39},{"not_picked":["FollowUp","Fasting2","Consecrate"],"picked":"SKIP","floor":41},{"not_picked":["DeceiveReality","FollowUp","CutThroughFate+1"],"picked":"SKIP","floor":45},{"not_picked":["DeceiveReality","FollowUp","CutThroughFate+1"],"picked":"SKIP","floor":45},{"not_picked":["DeceiveReality","FollowUp","CutThroughFate+1"],"picked":"SKIP","floor":45},{"not_picked":["Indignation+1","FollowUp"],"picked":"Scrawl","floor":46},{"not_picked":["BowlingBash","Conclude+1","Meditate"],"picked":"SKIP","floor":47},{"not_picked":["CarveReality","Tantrum+1","BattleHymn"],"picked":"SKIP","floor":48},{"not_picked":["Adaptation","JustLucky","MentalFortress"],"picked":"SKIP","floor":55}],"player_experience":4186180,"relics_obtained":[{"floor":10,"key":"Nunchaku"},{"floor":14,"key":"Regal Pillow"},{"floor":24,"key":"Pen Nib"},{"floor":26,"key":"War Paint"},{"floor":29,"key":"HornCleat"},{"floor":43,"key":"CeramicFish"},{"floor":47,"key":"TeardropLocket"}],"event_choices":[{"damage_healed":0,"gold_gain":0,"player_choice":"Bought 1 Potion","damage_taken":0,"max_hp_gain":0,"max_hp_loss":0,"event_name":"The Woman in Blue","floor":4,"gold_loss":0},{"damage_healed":0,"gold_gain":0,"player_choice":"Ignored","damage_taken":0,"max_hp_gain":0,"max_hp_loss":0,"event_name":"Shining Light","floor":13,"gold_loss":0}],"is_beta":false,"boss_relics":[{"not_picked":["Snecko Eye","Tiny House"],"picked":"SlaversCollar"},{"not_picked":["VioletLotus","Velvet Choker"],"picked":"Pandora\u0027s Box"}],"items_purged_floors":[3,20,37,54],"is_endless":false,"potions_floor_spawned":[10,14,16,18,19,29,33,35,39,45,46,55],"ascension_level":20,"potion_discard_per_floor":[[],[],[],[],[],[],[],[],[],[],[],[],[],[],[],["SpeedPotion"],[],[],[],[],[],[],[],[],[],[],[],[],[],[],[],[],[],[],["SpeedPotion"],[],[],[],[],[],[],[],[],[],[],["DuplicationPotion"],[],[],[],[],[],[],[],[],[],[],[]]}