{"neow_bonuses_skipped_log":["RANDOM_COLORLESS","THREE_RARE_CARDS","BOSS_RELIC"],"neow_costs_skipped_log":["NONE","CURSE","NONE"],"potions_obtained_entropic_brew":[[],[],[],[],[],[],[],[],[],[],[],[],[],[],[],[],[],[],[],[],[],[],[],[],[],[],[],[],[],[],[],[],[],[],[],[],[],[],[],[],[],[],[],[],[],[],[],[],[],[],[],[],[],[],[],[],[]],"gold_per_floor":[112,112,37,53,72,72,104,104,173,188,200,35,46,76,76,153,153,170,183,196,196,215,215,234,46,46,46,66,84,98,172,172,244,244,255,255,130,141,141,141,170,170,195,215,232,267,117,132,132,132,132,132,132,46,81,81],"floor_reached":57,"playtime":3927,"items_purged":["Defend_P","Strike_P","PathToVictory+1","Strike_P"],"score":2856,"play_id":"765aff4c-a237-4983-bc91-ffb1ea504de5","local_time":"20221009222317","score_breakdown":["Floors Climbed (57): 285","Enemies Slain (19): 38","Exordium Elites Killed (2): 20","City Elites Killed (0): 0","Beyond Elites Killed (2): 60","Bosses Slain (5): 750","Champion (3): 75","Perfect (1): 50","C-c-c-combo: 25","Ascension (20): 1303","Heartbreaker: 250"],"is_ascension_mode":true,"potions_obtained_alchemize":[[],[],[],[],[],[],[],[],[],[],[],[],[],[],[],[],[],[],[],[],[],[],[],[],[],[],[],[],[],[],[],[],[],[],[],[],[],[],[],[],[],[],[],[],[],[],[],[],[],[],[],[],[],[],[],[],[]],"campfire_choices":[{"data":"Eruption","floor":6,"key":"SMITH"},{"data":"Consecrate","floor":8,"key":"SMITH"},{"floor":15,"key":"REST"},{"floor":23,"key":"REST"},{"floor":27,"key":"REST"},{"floor":32,"key":"REST"},{"floor":40,"key":"REST"},{"floor":49,"key":"RECALL"},{"floor":53,"key":"REST"}],"lesson_learned_per_floor":[[],[],[],[],[],[],[],[],[],[],[],[],[],[],[],[],[],[],[],[],[],[],[],[],[],[],[],[],[],[],[],[],[],[],["Vault"],[],[],["Defend_P"],[],[],["Crescendo"],[],[],["Adaptation"],["Adaptation"],["FearNoEvil"],[],["Vigilance"],[],[],[],[],[],[],["Meditate"],[],[]],"neow_cost":"NONE","improvable_cards":{},"seed_source_timestamp":27757047368728,"shop_contents":[{"floor":3,"relics":["Omamori","HornCleat","Orrery"],"cards":["CutThroughFate","TalkToTheHand","ThirdEye","Evaluate","MentalFortress","Good Instincts","Magnetism"],"potions":["SneckoOil","FairyPotion","PowerPotion"]},{"floor":12,"relics":["Centennial Puzzle","HandDrill"],"cards":["SignatureMove","Consecrate","Collect","ThirdEye","DevaForm","Enlightenment","Secret Weapon"],"potions":["SkillPotion","LiquidBronze","LiquidBronze"]},{"floor":25,"relics":["Pantograph","Darkstone Periapt","OrangePellets"],"cards":["Tantrum","Consecrate","EmptyBody","ClearTheMind","Dark Shackles","Panache"],"potions":["DuplicationPotion","Energy Potion","ColorlessPotion"]},{"floor":37,"relics":["Turnip","Juzu Bracelet","Lee\u0027s Waffle"],"cards":["SashWhip","ReachHeaven","Worship","EmptyBody","Study","Flash of Steel","Apotheosis"],"potions":["Dexterity Potion","Dexterity Potion","SkillPotion"]},{"floor":47,"relics":["Gremlin Horn","Happy Flower","Sling"],"cards":["FollowUp","JustLucky","Sanctity","Halt","Study","PanicButton","Magnetism"],"potions":["DuplicationPotion","BlessingOfTheForge","EssenceOfSteel"]},{"floor":54,"relics":["Whetstone","Bag of Preparation","Membership Card"],"cards":["FlyingSleeves","Ragnarok","Vengeance","Indignation","Fasting2","Impatience","Chrysalis"],"potions":["Strength Potion","DuplicationPotion"]}],"circlet_count":0,"master_deck":["AscendersBane","Defend_P+1","Eruption+1","Vigilance+1","Crescendo+1","FearNoEvil+1","Consecrate+1","Adaptation+1","Vault+1","Adaptation+1","EmptyBody+1","LessonLearned+1","Vault+1","Meditate+1","Scrawl"],"potion_use_per_floor":[[],[],[],[],[],[],[],[],[],[],[],[],[],[],[],[],[],[],[],[],[],["SteroidPotion","Fire Potion"],[],["SkillPotion"],[],[],[],[],["Swift Potion"],["StancePotion"],[],[],[],[],[],[],[],[],[],[],[],[],[],[],[],[],[],[],[],[],[],[],[],[],[],["Regen Potion"],[]],"relics":["PureWater","Akabeko","Oddly Smooth Stone","Pear","PreservedInsect","Yang","VioletLotus","Lantern","Astrolabe","Boot","Dream Catcher","Pen Nib","Vajra"],"potions_floor_usage":[22,22,24,29,30,56],"damage_taken":[{"damage":0,"enemies":"Small Slimes","floor":1,"turns":2},{"damage":0,"enemies":"Cultist","floor":4,"turns":2},{"damage":4,"enemies":"Jaw Worm","floor":5,"turns":3},{"damage":31,"enemies":"Gremlin Nob","floor":7,"turns":4},{"damage":0,"enemies":"Red Slaver","floor":10,"turns":1},{"damage":0,"enemies":"Exordium Thugs","floor":11,"turns":3},{"damage":0,"enemies":"Exordium Wildlife","floor":13,"turns":2},{"damage":9,"enemies":"3 Sentries","floor":14,"turns":5},{"damage":34,"enemies":"The Guardian","floor":16,"turns":15},{"damage":12,"enemies":"2 Thieves","floor":18,"turns":3},{"damage":6,"enemies":"3 Byrds","floor":19,"turns":5},{"damage":25,"enemies":"Snake Plant","floor":20,"turns":5},{"damage":0,"enemies":"Snecko","floor":22,"turns":3},{"damage":36,"enemies":"Chosen and Byrds","floor":24,"turns":5},{"damage":6,"enemies":"Centurion and Healer","floor":28,"turns":3},{"damage":4,"enemies":"Cultist and Chosen","floor":29,"turns":3},{"damage":0,"enemies":"Snecko","floor":30,"turns":4},{"damage":17,"enemies":"Champ","floor":33,"turns":4},{"damage":11,"enemies":"3 Shapes","floor":35,"turns":4},{"damage":16,"enemies":"Orb Walker","floor":38,"turns":3},{"damage":0,"enemies":"Giant Head","floor":41,"turns":4},{"damage":11,"enemies":"Jaw Worm Horde","floor":44,"turns":3},{"damage":0,"enemies":"Spire Growth","floor":45,"turns":3},{"damage":0,"enemies":"Reptomancer","floor":46,"turns":4},{"damage":0,"enemies":"Sphere and 2 Shapes","floor":48,"turns":2},{"damage":0,"enemies":"Awakened One","floor":50,"turns":4},{"damage":2,"enemies":"Donu and Deca","floor":51,"turns":3},{"damage":0,"enemies":"Shield and Spear","floor":55,"turns":2},{"damage":15,"enemies":"The Heart","floor":56,"turns":7}],"green_key_taken_log":7,"seed_played":"1985105869538152454","neow_bonus_log":{"cardsObtained":[],"cardsUpgraded":[],"cardsRemoved":[],"cardsTransformed":[],"relicsObtained":["Akabeko"],"maxHpGained":0,"goldGained":0,"damageTaken":0,"goldLost":0,"maxHpLost":0},"potions_obtained":[{"floor":7,"key":"SteroidPotion"},{"floor":11,"key":"ColorlessPotion"},{"floor":13,"key":"Fire Potion"},{"floor":22,"key":"SkillPotion"},{"floor":28,"key":"Swift Potion"},{"floor":29,"key":"StancePotion"},{"floor":33,"key":"Regen Potion"},{"floor":35,"key":"SkillPotion"}],"is_trial":false,"path_per_floor":["M","?","$","M","M","R","E","R","T","M","M","$","M","E","R","B",null,"M","M","M","?","M","R","M","$","T","R","M","M","M","T","R","B",null,"M","?","$","M","?","R","E","?","T","M","M","E","$","M","R","B","B",null,"R","$","E","B",null],"character_chosen":"WATCHER","items_purchased":["PreservedInsect","Adaptation","DistilledChaos"],"campfire_rested":6,"item_purchase_floors":[12,25,54],"current_hp_per_floor":[61,61,61,61,57,57,26,26,36,36,36,36,36,27,50,16,63,51,45,20,14,14,37,1,1,1,24,18,14,14,14,37,20,64,53,53,53,37,37,60,60,60,60,49,49,49,49,49,49,49,47,67,74,74,74,72],"gold":81,"neow_bonus":"RANDOM_COMMON_RELIC","is_prod":false,"is_daily":false,"rewards_skipped":[{"floor":14,"relics":[],"potions":["StancePotion"]},{"floor":38,"relics":[],"potions":["Explosive Potion"]},{"floor":55,"relics":[],"potions":["SpeedPotion"]}],"chose_seed":false,"campfire_upgraded":2,"win_rate":0,"floor_exit_playtime":[228,240,257,272,323,339,559,565,568,606,665,689,808,939,942,1104,1251,1298,1379,1469,1502,1653,1658,2058,2089,2093,2097,2166,2298,2463,2470,2473,2566,2617,2711,2719,2734,2792,2795,2800,2888,2895,2898,2967,3035,3081,3123,3155,3163,3275,3356,3367,3385,3404,3465,3927],"timestamp":1665368597,"blue_key_relic_skipped_log":{"floor":31,"relicID":"Mercury Hourglass"},"path_taken":["M","?","$","M","M","R","E","R","T","M","M","?","M","E","R","BOSS","M","M","M","?","M","R","M","$","T","R","M","M","?","?","R","BOSS","M","?","$","?","?","R","E","?","T","M","M","E","$","M","R","BOSS","BOSS","R","$","E","BOSS"],"build_version":"2022-10-04","purchased_purges":4,"victory":true,"max_hp_per_floor":[68,68,68,68,68,68,68,68,78,78,78,78,78,78,78,78,78,78,78,78,78,78,78,78,78,78,78,78,78,78,78,78,78,78,78,78,78,78,78,78,78,74,74,74,74,74,74,74,74,74,74,74,74,74,74,74],"relic_stats":{"Dream Catcher":1,"counters":[29,111],"Astrolabe":["EmptyBody","LessonLearned","PathToVictory"],"Yang":[368],"PreservedInsect":300,"VioletLotus":[160],"Pen Nib":[16],"PureWater":[17],"Boot":[2],"obtain_stats":[{"Lantern":26,"Pear":9,"Astrolabe":34,"Oddly Smooth Stone":7,"Vajra":55,"Yang":14,"PreservedInsect":12,"Pen Nib":46,"Boot":41,"Akabeko":0,"Dream Catcher":43,"VioletLotus":17,"PureWater":0},{"Lantern":14,"Pear":4,"Astrolabe":18,"Oddly Smooth Stone":4,"Vajra":28,"Yang":8,"PreservedInsect":6,"Pen Nib":24,"Boot":21,"Akabeko":0,"Dream Catcher":21,"VioletLotus":9,"PureWater":0},{"Lantern":58,"Pear":11,"Astrolabe":72,"Oddly Smooth Stone":11,"Vajra":104,"Yang":22,"PreservedInsect":15,"Pen Nib":93,"Boot":83,"Akabeko":0,"Dream Catcher":83,"VioletLotus":37,"PureWater":0}]},"card_choices":[{"not_picked":["BowlingBash","WindmillStrike","Halt"],"picked":"SKIP","floor":1},{"not_picked":["TalkToTheHand","Study"],"picked":"FearNoEvil","floor":4},{"not_picked":["Protect","Alpha"],"picked":"Consecrate","floor":5},{"not_picked":["Nirvana","FlyingSleeves","Study"],"picked":"SKIP","floor":7},{"not_picked":["Nirvana","FlyingSleeves","Study"],"picked":"SKIP","floor":7},{"not_picked":["WheelKick","Evaluate","WaveOfTheHand"],"picked":"SKIP","floor":10},{"not_picked":["Prostrate","CrushJoints","SandsOfTime"],"picked":"SKIP","floor":13},{"not_picked":["Devotion","FollowUp"],"picked":"Adaptation","floor":14},{"not_picked":["DeusExMachina","Alpha"],"picked":"Vault","floor":16},{"not_picked":["FlurryOfBlows","EmptyBody","WheelKick"],"picked":"SKIP","floor":18},{"not_picked":["FlyingSleeves+1","CarveReality","FollowUp+1"],"picked":"SKIP","floor":19},{"not_picked":["CutThroughFate","ThirdEye","FlyingSleeves"],"picked":"SKIP","floor":20},{"not_picked":["Fasting2","EmptyFist","Swivel"],"picked":"SKIP","floor":22},{"not_picked":["Nirvana","ThirdEye","Halt"],"picked":"SKIP","floor":24},{"not_picked":["Sanctity","Brilliance","FlyingSleeves"],"picked":"SKIP","floor":28},{"not_picked":["Sanctity","Brilliance","FlyingSleeves"],"picked":"SKIP","floor":28},{"not_picked":["Consecrate","ReachHeaven","Sanctity"],"picked":"SKIP","floor":29},{"not_picked":["PathToVictory+1","FlurryOfBlows","EmptyFist+1"],"picked":"SKIP","floor":30},{"not_picked":["CutThroughFate","ThirdEye","FearNoEvil"],"picked":"SKIP","floor":35},{"not_picked":["ThirdEye","FollowUp","Vengeance"],"picked":"SKIP","floor":38},{"not_picked":["WindmillStrike","SignatureMove","EmptyFist"],"picked":"SKIP","floor":41},{"not_picked":["SandsOfTime","EmptyFist","Prostrate+1"],"picked":"SKIP","floor":44},{"not_picked":["ReachHeaven","CrushJoints+1","FlurryOfBlows+1"],"picked":"SKIP","floor":45},{"not_picked":["Protect","FearNoEvil+1","ThirdEye+1"],"picked":"SKIP","floor":46},{"not_picked":["ConjureBlade","ClearTheMind","FlyingSleeves+1"],"picked":"SKIP","floor":48},{"not_picked":["Tantrum+1","FlurryOfBlows"],"picked":"Meditate","floor":53},{"not_picked":["Halt","Consecrate"],"picked":"Scrawl","floor":55}],"player_experience":4133895,"relics_obtained":[{"floor":7,"key":"Oddly Smooth Stone"},{"floor":9,"key":"Pear"},{"floor":14,"key":"Yang"},{"floor":26,"key":"Lantern"},{"floor":41,"key":"Boot"},{"floor":43,"key":"Dream Catcher"},{"floor":46,"key":"Pen Nib"},{"floor":55,"key":"Vajra"}],"event_choices":[{"damage_healed":0,"gold_gain":0,"cards_transformed":["Defend_P"],"player_choice":"Transformed","damage_taken":0,"max_hp_gain":0,"max_hp_loss":0,"event_name":"Transmorgrifier","floor":2,"gold_loss":0,"cards_obtained":["Crescendo"]},{"damage_healed":0,"gold_gain":0,"player_choice":"","damage_taken":6,"max_hp_gain":0,"max_hp_loss":0,"event_name":"Knowing Skull","floor":21,"potions_obtained":[],"gold_loss":0,"cards_obtained":[]},{"damage_healed":0,"gold_gain":0,"player_choice":"Copied","damage_taken":0,"max_hp_gain":0,"max_hp_loss":0,"event_name":"Duplicator","floor":36,"gold_loss":0,"cards_obtained":["Vault"]},{"damage_healed":0,"gold_gain":0,"player_choice":"Ignored","damage_taken":0,"max_hp_gain":0,"max_hp_loss":0,"event_name":"Tomb of Lord Red Mask","floor":39,"gold_loss":0},{"damage_healed":0,"gold_gain":0,"player_choice":"Max HP","damage_taken":0,"max_hp_gain":0,"max_hp_loss":4,"event_name":"Winding Halls","floor":42,"gold_loss":0}],"is_beta":false,"boss_relics":[{"not_picked":["Ectoplasm","Coffee Dripper"],"picked":"VioletLotus"},{"not_picked":["Philosopher\u0027s Stone","HolyWater"],"picked":"Astrolabe"}],"items_purged_floors":[3,25,37,47],"is_endless":false,"potions_floor_spawned":[7,11,13,14,22,28,29,33,35,38,55],"ascension_level":20,"potion_discard_per_floor":[[],[],[],[],[],[],[],[],[],[],[],[],["ColorlessPotion"],[],[],[],[],[],[],[],[],[],[],[],[],[],[],[],[],[],[],[],[],[],[],[],[],[],[],[],[],[],[],[],[],[],[],[],[],[],[],[],[],["SkillPotion"],[],[],[]]}