{"neow_bonuses_skipped_log":["ONE_RANDOM_RARE_CARD","THREE_SMALL_POTIONS","TWENTY_PERCENT_HP_BONUS"],"neow_costs_skipped_log":["NONE","NONE","PERCENT_DAMAGE"],"potions_obtained_entropic_brew":[[],[],[],[],[],[],[],[],[],[],[]],"gold_per_floor":[115,134,146,157,175,206,57,88,159,59,59],"floor_reached":11,"playtime":765,"items_purged":["Defend_P","Defend_P"],"score":170,"play_id":"5c3bfdc8-3710-40d2-aaff-233b34f6809c","local_time":"20221007203435","score_breakdown":["Floors Climbed (11): 55","Enemies Slain (5): 10","Exordium Elites Killed (2): 20","Bosses Slain (0): 0","Ascension (20): 85"],"is_ascension_mode":true,"potions_obtained_alchemize":[[],[],[],[],[],[],[],[],[],[],[]],"campfire_choices":[],"lesson_learned_per_floor":[[],[],[],[],[],[],[],["MentalFortress"],[],[],["Eruption"]],"neow_cost":"NONE","improvable_cards":{},"seed_source_timestamp":15947035597940,"shop_contents":[{"floor":7,"relics":["Juzu Bracelet","Dream Catcher","ClockworkSouvenir"],"cards":["SignatureMove","Collect","Omniscience","Study","Bandage Up","HandOfGreed"],"potions":["SkillPotion","EssenceOfSteel","EssenceOfSteel"]},{"floor":10,"relics":["StrikeDummy","HornCleat","Frozen Eye"],"cards":["Ragnarok","Brilliance","Indignation","ThirdEye","LikeWater","Forethought","HandOfGreed"],"potions":["SpeedPotion","StancePotion","Regen Potion"]}],"circlet_count":0,"master_deck":["AscendersBane","Strike_P","Strike_P","Strike_P","Strike_P","Defend_P","Defend_P","Eruption+1","Vigilance","CarveReality","Meditate","EmptyFist","TalkToTheHand","MentalFortress+1","LessonLearned"],"potion_use_per_floor":[[],[],[],[],[],[],[],["Regen Potion","LiquidMemories"],[],[],[]],"relics":["Cursed Key","Question Card","Omamori"],"potions_floor_usage":[8,8],"damage_taken":[{"damage":0,"enemies":"Cultist","floor":1,"turns":2},{"damage":4,"enemies":"2 Louse","floor":2,"turns":2},{"damage":12,"enemies":"Jaw Worm","floor":3,"turns":2},{"damage":3,"enemies":"Blue Slaver","floor":4,"turns":2},{"damage":6,"enemies":"Looter","floor":5,"turns":3},{"damage":15,"enemies":"Lagavulin","floor":6,"turns":7},{"damage":22,"enemies":"3 Sentries","floor":8,"turns":5},{"damage":14,"enemies":"Gremlin Gang","floor":11,"turns":2}],"green_key_taken_log":6,"seed_played":"996449150808800539","neow_bonus_log":{"cardsObtained":[],"cardsUpgraded":[],"cardsRemoved":[],"cardsTransformed":[],"relicsObtained":["Cursed Key"],"maxHpGained":0,"goldGained":0,"damageTaken":0,"goldLost":0,"maxHpLost":0},"potions_obtained":[{"floor":5,"key":"LiquidMemories"},{"floor":6,"key":"Regen Potion"}],"is_trial":false,"path_per_floor":["M","M","M","M","M","E","$","E","T","$","M"],"character_chosen":"WATCHER","items_purchased":["LessonLearned"],"campfire_rested":0,"item_purchase_floors":[7],"current_hp_per_floor":[61,57,45,42,36,21,21,13,13,13,0],"gold":59,"neow_bonus":"BOSS_RELIC","is_prod":false,"is_daily":false,"rewards_skipped":[],"chose_seed":false,"campfire_upgraded":0,"win_rate":0,"floor_exit_playtime":[63,82,134,247,271,363,420,602,617,627],"timestamp":1665189275,"blue_key_relic_skipped_log":{"floor":9,"relicID":"Yang"},"path_taken":["M","M","M","?","M","E","$","E","T","$","M"],"build_version":"2022-10-04","purchased_purges":2,"victory":false,"max_hp_per_floor":[68,68,68,68,68,68,68,68,68,68,68],"relic_stats":{"counters":[8,25],"Omamori":1,"Cursed Key":1,"Question Card":1,"obtain_stats":[{"Omamori":8,"PureWater":0,"Cursed Key":0,"Question Card":6},{"Omamori":7,"PureWater":0,"Cursed Key":0,"Question Card":6},{"Omamori":23,"PureWater":0,"Cursed Key":0,"Question Card":18}]},"card_choices":[{"not_picked":["Protect","EmptyBody"],"picked":"CarveReality","floor":1},{"not_picked":["PathToVictory","ForeignInfluence"],"picked":"Meditate","floor":2},{"not_picked":["Protect","Crescendo","ClearTheMind"],"picked":"SKIP","floor":3},{"not_picked":["Halt","Consecrate"],"picked":"EmptyFist","floor":4},{"not_picked":["BowlingBash","Vengeance"],"picked":"TalkToTheHand","floor":5},{"not_picked":["FollowUp","BowlingBash"],"picked":"MentalFortress","floor":6},{"not_picked":["FlyingSleeves","Wallop","Consecrate","FlurryOfBlows"],"picked":"SKIP","floor":8}],"player_experience":4108804,"relics_obtained":[{"floor":6,"key":"Question Card"},{"floor":8,"key":"Omamori"}],"event_choices":[],"is_beta":false,"boss_relics":[],"items_purged_floors":[7,10],"is_endless":false,"potions_floor_spawned":[5,6],"killed_by":"Gremlin Gang","ascension_level":20,"potion_discard_per_floor":[[],[],[],[],[],[],[],[],[],[],[]]}