{"neow_bonuses_skipped_log":["ONE_RANDOM_RARE_CARD","TEN_PERCENT_HP_BONUS","RANDOM_COLORLESS_2"],"neow_costs_skipped_log":["NONE","NONE","PERCENT_DAMAGE"],"potions_obtained_entropic_brew":[[],[],[],[],[],[],[]],"gold_per_floor":[112,112,125,35,35,68,68],"floor_reached":7,"playtime":521,"items_purged":[],"score":98,"play_id":"39f1e5a2-7490-4086-8783-e8b180dc9ccf","local_time":"20221015194502","score_breakdown":["Floors Climbed (7): 35","Enemies Slain (2): 4","Exordium Elites Killed (1): 10","Bosses Slain (0): 0","Ascension (20): 49"],"is_ascension_mode":true,"potions_obtained_alchemize":[[],[],[],[],[],[],[]],"campfire_choices":[],"lesson_learned_per_floor":[[],[],[],[],[],[],[]],"neow_cost":"NONE","improvable_cards":{},"seed_source_timestamp":16202475496735,"shop_contents":[{"floor":4,"relics":["Bag of Marbles","Vajra","DollysMirror"],"cards":["FearNoEvil","DeceiveReality","Evaluate","BattleHymn","Blind","Mayhem"],"potions":["Block Potion","BlessingOfTheForge","Strength Potion"]}],"circlet_count":0,"master_deck":["AscendersBane","Strike_P","Strike_P","Strike_P","Strike_P","Defend_P","Defend_P","Defend_P","Eruption","Vigilance","Consecrate","Tantrum"],"potion_use_per_floor":[[],[],[],[],[],[],["SteroidPotion"]],"relics":["Cursed Key","Blood Vial"],"potions_floor_usage":[7],"damage_taken":[{"damage":2,"enemies":"Small Slimes","floor":1,"turns":3},{"damage":0,"enemies":"Cultist","floor":3,"turns":2},{"damage":58,"enemies":"Lagavulin","floor":6,"turns":10},{"damage":12,"enemies":"Jaw Worm","floor":7,"turns":1}],"seed_played":"8532115173083679481","neow_bonus_log":{"cardsObtained":[],"cardsUpgraded":[],"cardsRemoved":[],"cardsTransformed":[],"relicsObtained":["Cursed Key"],"maxHpGained":0,"goldGained":0,"damageTaken":0,"goldLost":0,"maxHpLost":0},"potions_obtained":[{"floor":6,"key":"SteroidPotion"}],"is_trial":false,"path_per_floor":["M","?","M","$","?","E","M"],"character_chosen":"WATCHER","items_purchased":["Tantrum"],"campfire_rested":0,"item_purchase_floors":[4],"current_hp_per_floor":[59,59,59,59,59,1,0],"gold":68,"neow_bonus":"BOSS_RELIC","is_prod":false,"is_daily":false,"rewards_skipped":[],"chose_seed":false,"campfire_upgraded":0,"win_rate":0,"floor_exit_playtime":[205,235,252,321,326,449],"timestamp":1665877502,"path_taken":["M","?","M","$","?","E","M"],"build_version":"2022-10-04","purchased_purges":0,"victory":false,"max_hp_per_floor":[68,68,68,68,68,68,68],"relic_stats":{"Blood Vial":2,"counters":[4,16],"Cursed Key":0,"obtain_stats":[{"Blood Vial":6,"PureWater":0,"Cursed Key":0},{"Blood Vial":3,"PureWater":0,"Cursed Key":0},{"Blood Vial":15,"PureWater":0,"Cursed Key":0}]},"card_choices":[{"not_picked":["BowlingBash","Collect","Fasting2"],"picked":"SKIP","floor":1},{"not_picked":["ThirdEye","SashWhip","JustLucky"],"picked":"SKIP","floor":3},{"not_picked":["BowlingBash","LikeWater","Nirvana"],"picked":"SKIP","floor":6}],"player_experience":4200342,"relics_obtained":[{"floor":6,"key":"Blood Vial"}],"event_choices":[{"damage_healed":0,"gold_gain":0,"cards_transformed":["Defend_P"],"player_choice":"Change","damage_taken":0,"max_hp_gain":0,"max_hp_loss":0,"event_name":"Living Wall","floor":2,"gold_loss":0,"cards_obtained":["Consecrate"]},{"damage_healed":0,"gold_gain":0,"player_choice":"Ignored","damage_taken":0,"max_hp_gain":0,"max_hp_loss":0,"event_name":"Liars Game","floor":5,"gold_loss":0}],"is_beta":false,"boss_relics":[],"items_purged_floors":[],"is_endless":false,"potions_floor_spawned":[6],"killed_by":"Jaw Worm","ascension_level":20,"potion_discard_per_floor":[[],[],[],[],[],[],[]]}