{"neow_bonuses_skipped_log":["ONE_RANDOM_RARE_CARD","TEN_PERCENT_HP_BONUS","BOSS_RELIC"],"neow_costs_skipped_log":["NONE","NONE","NONE"],"potions_obtained_entropic_brew":[[],[],[],[],[],[],[],[],[],[],[],[],[],[],[],[],[],[],[],[],[],[],[],[],[],[],[],[],[],[],[],[],[],[],[],[],[],[],[],[],[],[],[],[],[],[],[],[],[],[],[],[],[],[],[],[],[]],"gold_per_floor":[364,91,104,104,122,148,168,182,233,267,278,313,324,359,359,431,431,449,464,477,152,152,184,184,195,222,222,239,266,284,113,113,189,189,209,2,22,22,34,67,85,114,114,114,4,21,54,66,66,66,66,66,66,12,46,46],"floor_reached":57,"playtime":14857,"items_purged":["Defend_P","Strike_P"],"score":3161,"play_id":"2c16164a-d235-4d67-953b-049c0cb36181","local_time":"20221006213807","score_breakdown":["Floors Climbed (57): 285","Enemies Slain (19): 38","Exordium Elites Killed (4): 40","City Elites Killed (2): 40","Beyond Elites Killed (3): 90","Bosses Slain (5): 750","Money Money (1087): 25","Champion (6): 150","Perfect (1): 50","Ascension (20): 1443","Heartbreaker: 250"],"is_ascension_mode":true,"potions_obtained_alchemize":[[],[],[],[],[],[],[],[],[],[],[],[],[],[],[],[],[],[],[],[],[],[],[],[],[],[],[],[],[],[],[],[],[],[],[],[],[],[],[],[],[],[],[],[],[],[],[],[],[],[],[],[],[],[],[],[],[]],"campfire_choices":[{"floor":15,"key":"REST"},{"floor":24,"key":"REST"},{"floor":32,"key":"RECALL"},{"floor":49,"key":"REST"},{"floor":53,"key":"REST"}],"lesson_learned_per_floor":[[],[],[],[],[],[],[],[],[],[],["Strike_P"],[],["InnerPeace"],["Strike_P"],[],["Halt"],[],[],["Defend_P"],["Defend_P"],[],[],[],[],["Defend_P"],[],[],[],[],["Meditate"],[],[],[],[],["Ghostly"],[],["MentalFortress"],[],["ClearTheMind"],["Indignation"],[],["Wallop"],[],[],[],["Wireheading"],["EmptyMind"],["CutThroughFate"],[],["Adaptation"],[],[],[],[],["LessonLearned"],[],[]],"neow_cost":"TEN_PERCENT_HP_LOSS","improvable_cards":{},"seed_source_timestamp":3619539740219,"shop_contents":[{"floor":2,"relics":["Toy Ornithopter","HandDrill"],"cards":["FollowUp","PathToVictory","Prostrate","Study","Good Instincts","The Bomb"],"potions":["Weak Potion","Energy Potion","Ambrosia"]},{"floor":21,"relics":["Whetstone","Strange Spoon"],"cards":["Conclude","BowlingBash","Wish","WreathOfFlame","Study","Mind Blast","HandOfGreed"],"potions":["EntropicBrew","PowerPotion"]},{"floor":31,"relics":["Bottled Tornado","Bronze Scales"],"cards":["Consecrate","EmptyFist","Prostrate","Evaluate","LikeWater","Mind Blast","Secret Technique"],"potions":["LiquidBronze","Strength Potion","LiquidBronze"]},{"floor":36,"relics":["Ornamental Fan","Calipers"],"cards":["LessonLearned","Conclude","Perseverance","MentalFortress","Mind Blast","Violence"],"potions":["SteroidPotion","PowerPotion","Strength Potion"]},{"floor":54,"relics":["Damaru","Strawberry","TheAbacus"],"cards":["FlurryOfBlows","CarveReality","ThirdEye","ForeignInfluence","Adaptation","Deep Breath","Panache"],"potions":["SpeedPotion","FairyPotion"]}],"circlet_count":0,"master_deck":["AscendersBane","Strike_P+1","Strike_P+1","Defend_P+1","Defend_P+1","Eruption","Vigilance","Wallop+1","Indignation+1","Meditate+1","Halt+1","MentalFortress","FlurryOfBlows","LessonLearned+1","InnerPeace+1","Tantrum","Scrawl","ClearTheMind+1","Wireheading+1","Ghostly+1","Ghostly","Ghostly","MentalFortress+1","EmptyMind+1","Scrawl+1","CutThroughFate+1","Adaptation+1","TalkToTheHand"],"potion_use_per_floor":[[],[],[],[],[],["Weak Potion"],[],[],[],["Dexterity Potion"],[],[],["Dexterity Potion"],["Swift Potion"],[],[],[],[],[],[],[],[],["SteroidPotion"],[],[],[],[],[],["StancePotion"],["Ancient Potion"],[],[],["CultistPotion"],[],["SpeedPotion"],[],[],[],[],["LiquidBronze"],[],[],[],[],[],[],[],[],[],[],["AttackPotion","SkillPotion","GamblersBrew","SteroidPotion"],[],[],[],[],[],[]],"relics":["PureWater","Bag of Marbles","Nunchaku","Happy Flower","Mercury Hourglass","Regal Pillow","Potion Belt","Fusion Hammer","Centennial Puzzle","StoneCalendar","Orichalcum","Art of War","Frozen Eye","Empty Cage","DollysMirror","Ancient Tea Set","Bag of Preparation","TeardropLocket","Anchor"],"potions_floor_usage":[6,10,13,14,23,29,30,33,35,40,51,51,51,51],"damage_taken":[{"damage":2,"enemies":"Small Slimes","floor":1,"turns":5},{"damage":1,"enemies":"Cultist","floor":3,"turns":4},{"damage":2,"enemies":"Jaw Worm","floor":5,"turns":3},{"damage":12,"enemies":"Gremlin Nob","floor":6,"turns":3},{"damage":19,"enemies":"Exordium Wildlife","floor":7,"turns":3},{"damage":0,"enemies":"3 Louse","floor":8,"turns":3},{"damage":3,"enemies":"3 Sentries","floor":10,"turns":4},{"damage":0,"enemies":"Lots of Slimes","floor":11,"turns":3},{"damage":0,"enemies":"Gremlin Nob","floor":12,"turns":2},{"damage":6,"enemies":"Large Slime","floor":13,"turns":5},{"damage":0,"enemies":"Lagavulin","floor":14,"turns":7},{"damage":14,"enemies":"The Guardian","floor":16,"turns":9},{"damage":7,"enemies":"Chosen","floor":18,"turns":4},{"damage":1,"enemies":"3 Byrds","floor":19,"turns":3},{"damage":24,"enemies":"Snake Plant","floor":20,"turns":4},{"damage":0,"enemies":"Book of Stabbing","floor":23,"turns":2},{"damage":11,"enemies":"Centurion and Healer","floor":25,"turns":4},{"damage":0,"enemies":"Cultist and Chosen","floor":28,"turns":3},{"damage":5,"enemies":"Slavers","floor":29,"turns":7},{"damage":0,"enemies":"Snecko","floor":30,"turns":5},{"damage":12,"enemies":"Champ","floor":33,"turns":7},{"damage":6,"enemies":"3 Darklings","floor":35,"turns":5},{"damage":2,"enemies":"3 Shapes","floor":37,"turns":3},{"damage":0,"enemies":"Spire Growth","floor":39,"turns":5},{"damage":0,"enemies":"Nemesis","floor":40,"turns":7},{"damage":0,"enemies":"Transient","floor":41,"turns":6},{"damage":6,"enemies":"Reptomancer","floor":42,"turns":4},{"damage":0,"enemies":"Sphere and 2 Shapes","floor":46,"turns":5},{"damage":0,"enemies":"Giant Head","floor":47,"turns":6},{"damage":0,"enemies":"Spire Growth","floor":48,"turns":4},{"damage":0,"enemies":"Donu and Deca","floor":50,"turns":11},{"damage":11,"enemies":"Time Eater","floor":51,"turns":11},{"damage":0,"enemies":"Shield and Spear","floor":55,"turns":7},{"damage":11,"enemies":"The Heart","floor":56,"turns":11}],"green_key_taken_log":29,"seed_played":"6153078180919623824","neow_bonus_log":{"cardsObtained":[],"cardsUpgraded":[],"cardsRemoved":[],"cardsTransformed":[],"relicsObtained":[],"maxHpGained":0,"goldGained":250,"damageTaken":0,"goldLost":0,"maxHpLost":6},"potions_obtained":[{"floor":1,"key":"Dexterity Potion"},{"floor":5,"key":"Weak Potion"},{"floor":6,"key":"Dexterity Potion"},{"floor":11,"key":"Swift Potion"},{"floor":16,"key":"StancePotion"},{"floor":19,"key":"Ancient Potion"},{"floor":20,"key":"SpeedPotion"},{"floor":28,"key":"CultistPotion"},{"floor":33,"key":"LiquidBronze"},{"floor":38,"key":"Explosive Potion"},{"floor":38,"key":"SkillPotion"},{"floor":39,"key":"AttackPotion"},{"floor":42,"key":"GamblersBrew"},{"floor":46,"key":"SteroidPotion"}],"is_trial":false,"path_per_floor":["M","$","M","?","M","E","M","M","T","E","M","E","M","E","R","B",null,"M","M","M","$","?","E","R","M","T","?","M","E","M","$","R","B",null,"M","$","M","?","M","E","M","E","T","?","?","M","E","M","R","B","B",null,"R","$","E","B",null],"character_chosen":"WATCHER","items_purchased":["Wallop","Bag of Marbles","Centennial Puzzle","SteroidPotion","Frozen Eye","EmptyMind","DollysMirror","Block Potion"],"campfire_rested":4,"item_purchase_floors":[2,2,21,21,31,36,36,54],"current_hp_per_floor":[59,59,58,58,56,44,25,25,25,22,22,22,16,16,49,35,55,48,47,23,23,23,23,56,45,45,31,31,26,26,26,26,14,27,21,21,19,19,19,19,19,13,13,13,13,13,13,13,31,31,20,28,31,31,31,20],"gold":46,"neow_bonus":"TWO_FIFTY_GOLD","is_prod":false,"is_daily":false,"rewards_skipped":[{"floor":48,"relics":[],"potions":["SkillPotion"]}],"chose_seed":false,"campfire_upgraded":0,"win_rate":0,"floor_exit_playtime":[211,235,295,317,363,410,518,590,603,685,741,774,841,1013,1025,1249,1369,1509,1642,1806,1923,1930,2331,2345,2522,2537,2567,2651,3037,3238,3279,3284,3947,4308,4803,4919,5059,5072,5419,6369,7216,7871,7873,7884,8017,8608,9052,9270,9285,9908,13107,13120,13124,13149,13976,14857],"timestamp":1665106687,"blue_key_relic_skipped_log":{"floor":43,"relicID":"Blue Candle"},"path_taken":["M","$","M","?","M","E","M","M","T","E","?","E","M","E","R","BOSS","M","M","M","$","?","E","R","M","T","?","M","E","M","?","R","BOSS","M","$","M","?","?","E","M","E","T","?","?","M","E","M","R","BOSS","BOSS","R","$","E","BOSS"],"build_version":"2022-10-04","purchased_purges":2,"victory":true,"max_hp_per_floor":[62,62,62,62,62,62,62,62,62,62,62,62,62,62,62,62,62,62,62,62,62,62,62,62,62,62,31,31,31,31,31,31,31,31,31,31,31,31,31,31,31,31,31,31,31,31,31,31,31,31,31,31,31,31,31,31],"relic_stats":{"Regal Pillow":39,"Happy Flower":[51],"counters":[34,175],"StoneCalendar":[156],"Bag of Preparation":[14],"Orichalcum":[60],"Ancient Tea Set":[4],"Mercury Hourglass":[488],"Frozen Eye":2853.8916,"Nunchaku":[46],"Centennial Puzzle":[24],"Art of War":[9],"PureWater":[29],"obtain_stats":[{"Potion Belt":14,"Regal Pillow":12,"Happy Flower":9,"StoneCalendar":23,"Bag of Preparation":42,"TeardropLocket":47,"Orichalcum":26,"Empty Cage":34,"Ancient Tea Set":40,"Mercury Hourglass":10,"Frozen Eye":31,"Nunchaku":6,"Centennial Puzzle":21,"Anchor":55,"DollysMirror":36,"Fusion Hammer":17,"Bag of Marbles":2,"Art of War":29,"PureWater":0},{"Potion Belt":11,"Regal Pillow":9,"Happy Flower":6,"StoneCalendar":16,"Bag of Preparation":27,"TeardropLocket":29,"Orichalcum":17,"Empty Cage":21,"Ancient Tea Set":25,"Mercury Hourglass":7,"Frozen Eye":20,"Nunchaku":4,"Centennial Puzzle":15,"Anchor":33,"DollysMirror":22,"Fusion Hammer":12,"Bag of Marbles":1,"Art of War":19,"PureWater":0},{"Potion Belt":42,"Regal Pillow":30,"Happy Flower":21,"StoneCalendar":64,"Bag of Preparation":120,"TeardropLocket":131,"Orichalcum":68,"Empty Cage":90,"Ancient Tea Set":110,"Mercury Hourglass":25,"Frozen Eye":83,"Nunchaku":15,"Centennial Puzzle":62,"Anchor":164,"DollysMirror":95,"Fusion Hammer":51,"Bag of Marbles":5,"Art of War":78,"PureWater":0}]},"card_choices":[{"not_picked":["Swivel","Protect"],"picked":"WindmillStrike","floor":1},{"not_picked":["SashWhip","WheelKick"],"picked":"Indignation","floor":3},{"not_picked":["CutThroughFate","JustLucky"],"picked":"Meditate","floor":5},{"not_picked":["EmptyBody","Prostrate"],"picked":"Halt","floor":6},{"not_picked":["MasterReality","FlurryOfBlows"],"picked":"MentalFortress","floor":7},{"not_picked":["CrushJoints","Evaluate"],"picked":"FlurryOfBlows","floor":8},{"not_picked":["SashWhip","WaveOfTheHand"],"picked":"LessonLearned","floor":10},{"not_picked":["Crescendo","SashWhip"],"picked":"InnerPeace","floor":11},{"not_picked":["Halt","Crescendo","ClearTheMind"],"picked":"SKIP","floor":12},{"not_picked":["Halt","Crescendo","ClearTheMind"],"picked":"SKIP","floor":12},{"not_picked":["LikeWater","WheelKick","Fasting2"],"picked":"SKIP","floor":13},{"not_picked":["Crescendo","SandsOfTime"],"picked":"Tantrum","floor":14},{"not_picked":["Judgement","Devotion"],"picked":"Scrawl","floor":16},{"not_picked":["Evaluate","ThirdEye","Prostrate"],"picked":"SKIP","floor":18},{"not_picked":["EmptyFist","FlyingSleeves+1"],"picked":"ClearTheMind","floor":19},{"not_picked":["ClearTheMind","SignatureMove","PathToVictory"],"picked":"SKIP","floor":20},{"not_picked":["Weave","Halt"],"picked":"Wireheading","floor":23},{"not_picked":["FlyingSleeves","Halt","Conclude"],"picked":"SKIP","floor":25},{"not_picked":["Conclude+1","Evaluate"],"picked":"MentalFortress","floor":28},{"not_picked":["FollowUp","DevaForm","Fasting2"],"picked":"SKIP","floor":29},{"not_picked":["FollowUp","DevaForm","Fasting2"],"picked":"SKIP","floor":29},{"not_picked":["Consecrate+1","Evaluate","Conclude"],"picked":"SKIP","floor":30},{"not_picked":["SashWhip","Collect+1","TalkToTheHand+1"],"picked":"SKIP","floor":35},{"not_picked":["Indignation","FlurryOfBlows+1"],"picked":"CutThroughFate","floor":37},{"not_picked":["Nirvana","PathToVictory","Brilliance"],"picked":"SKIP","floor":39},{"not_picked":["Vengeance","Halt","Wireheading"],"picked":"SKIP","floor":40},{"not_picked":["Collect+1","BowlingBash"],"picked":"Adaptation","floor":41},{"not_picked":["BowlingBash+1","MentalFortress","Consecrate"],"picked":"SKIP","floor":42},{"not_picked":["ThirdEye+1","EmptyFist","Evaluate+1"],"picked":"SKIP","floor":46},{"not_picked":["Protect","ReachHeaven","Pray"],"picked":"SKIP","floor":47},{"not_picked":["Protect","ReachHeaven","Pray"],"picked":"SKIP","floor":47},{"not_picked":["Pray","DeceiveReality"],"picked":"TalkToTheHand","floor":55}],"player_experience":4084791,"relics_obtained":[{"floor":6,"key":"Nunchaku"},{"floor":9,"key":"Happy Flower"},{"floor":10,"key":"Mercury Hourglass"},{"floor":12,"key":"Regal Pillow"},{"floor":14,"key":"Potion Belt"},{"floor":23,"key":"StoneCalendar"},{"floor":26,"key":"Orichalcum"},{"floor":29,"key":"Art of War"},{"floor":40,"key":"Ancient Tea Set"},{"floor":42,"key":"Bag of Preparation"},{"floor":47,"key":"TeardropLocket"},{"floor":55,"key":"Anchor"}],"event_choices":[{"damage_healed":0,"gold_gain":0,"player_choice":"0 cards matched","damage_taken":0,"max_hp_gain":0,"max_hp_loss":0,"event_name":"Match and Keep!","floor":4,"gold_loss":0,"cards_obtained":[]},{"damage_healed":0,"gold_gain":0,"player_choice":"Ignored","damage_taken":0,"max_hp_gain":0,"max_hp_loss":0,"event_name":"Vampires","floor":22,"gold_loss":0},{"damage_healed":0,"gold_gain":0,"player_choice":"Became a Ghost","damage_taken":0,"max_hp_gain":0,"max_hp_loss":31,"event_name":"Ghosts","floor":27,"gold_loss":0,"cards_obtained":["Ghostly","Ghostly","Ghostly"]},{"damage_healed":0,"gold_gain":0,"player_choice":"Got Potions","damage_taken":0,"max_hp_gain":0,"max_hp_loss":0,"event_name":"Lab","floor":38,"gold_loss":0},{"damage_healed":0,"gold_gain":0,"player_choice":"Ignored","damage_taken":0,"max_hp_gain":0,"max_hp_loss":0,"event_name":"The Moai Head","floor":44,"gold_loss":0},{"cards_removed":["Defend_P"],"damage_healed":0,"gold_gain":0,"player_choice":"Upgrade and Remove","damage_taken":0,"max_hp_gain":0,"max_hp_loss":0,"event_name":"Designer","floor":45,"gold_loss":110,"cards_upgraded":["Scrawl"]}],"is_beta":false,"boss_relics":[{"not_picked":["Ectoplasm","Tiny House"],"picked":"Fusion Hammer"},{"not_picked":["HolyWater","Sozu"],"picked":"Empty Cage"}],"items_purged_floors":[2,21],"is_endless":false,"potions_floor_spawned":[1,5,6,11,16,19,20,28,33,39,42,46,48],"ascension_level":20,"potion_discard_per_floor":[[],[],[],[],[],[],[],[],[],[],[],[],[],[],[],[],[],[],[],[],[],[],[],[],[],[],[],[],[],[],[],[],[],[],[],[],[],[],[],[],[],[],[],[],[],["Explosive Potion"],[],[],[],[],[],[],[],[],[],[],[]]}