{"neow_bonuses_skipped_log":["ONE_RANDOM_RARE_CARD","ONE_RARE_RELIC","BOSS_RELIC"],"neow_costs_skipped_log":["NONE","CURSE","NONE"],"potions_obtained_entropic_brew":[[],[],[],[],[],[],[],[],[],[],[],[],[],[],[],[],[],[],[],[],[],[],[],[],[],[],[],[],[],[],[],[],[],[],[],[],[],[],[],[],[],[],[],[],[],[],[],[],[],[],[],[],[],[],[],[],[]],"gold_per_floor":[212,232,232,17,73,99,99,124,124,179,233,73,73,122,122,246,246,287,130,174,200,200,252,269,269,292,346,396,396,462,251,251,353,353,395,465,236,236,61,111,111,151,151,263,301,426,519,555,555,630,655,655,655,18,70,95],"floor_reached":57,"playtime":4157,"items_purged":["Defend_P","Strike_P","Strike_P","CarveReality","Defend_P+1","LikeWater"],"score":3259,"play_id":"442c0072-8156-4f3e-9a6a-677162659d32","local_time":"20221018220319","score_breakdown":["Floors Climbed (57): 285","Enemies Slain (16): 32","Exordium Elites Killed (3): 30","City Elites Killed (2): 40","Beyond Elites Killed (1): 30","Bosses Slain (5): 750","Highlander: 100","Money Money (1780): 25","Champion (2): 50","Beyond Perfect: 200","C-c-c-combo: 25","Ascension (20): 1442","Heartbreaker: 250"],"is_ascension_mode":true,"potions_obtained_alchemize":[[],[],[],[],[],[],[],[],[],[],[],[],[],[],[],[],[],[],[],[],[],[],[],[],[],[],[],[],[],[],[],[],[],[],[],[],[],[],[],[],[],[],[],[],[],[],[],[],[],[],[],[],[],[],[],[],[]],"campfire_choices":[{"data":"Eruption","floor":7,"key":"SMITH"},{"floor":13,"key":"REST"},{"data":"HandOfGreed","floor":15,"key":"SMITH"},{"floor":25,"key":"REST"},{"data":"Meditate","floor":29,"key":"SMITH"},{"data":"MentalFortress","floor":32,"key":"SMITH"},{"floor":41,"key":"RECALL"},{"data":"Strike_P+1","floor":49,"key":"PURGE"},{"data":"Consecrate+1","floor":53,"key":"PURGE"}],"lesson_learned_per_floor":[[],[],[],[],[],[],[],[],[],[],[],[],[],["Consecrate"],[],[],[],["Strike_P"],[],[],[],[],[],["Crescendo"],[],[],[],[],[],[],[],[],[],[],[],["Vigilance"],[],[],[],[],[],[],[],[],[],[],[],[],[],[],[],[],[],[],["LessonLearned"],[],[]],"neow_cost":"NONE","improvable_cards":{},"seed_source_timestamp":2862096231693,"shop_contents":[{"floor":4,"relics":["Damaru","Thread and Needle","Frozen Eye"],"cards":["FlurryOfBlows","CrushJoints","Prostrate","Evaluate","Wireheading","Jack Of All Trades"],"potions":["StancePotion","Ancient Potion","Dexterity Potion"]},{"floor":12,"relics":["Singing Bowl","Bronze Scales","Toolbox"],"cards":["CutThroughFate","ThirdEye","Indignation","Study","Madness","Sadistic Nature"],"potions":["SteroidPotion","Fire Potion","BlessingOfTheForge"]},{"floor":19,"relics":["Matryoshka","Omamori","TheAbacus"],"cards":["Weave","EmptyFist","Perseverance","Omniscience","LikeWater","Enlightenment","Panache"],"potions":["LiquidBronze","SpeedPotion"]},{"floor":31,"relics":["Regal Pillow","Vajra","PrismaticShard"],"cards":["CrushJoints","WheelKick","SpiritShield","ThirdEye","Panacea","Magnetism"],"potions":["Energy Potion","Fire Potion","Ancient Potion"]},{"floor":37,"relics":["PreservedInsect","Orichalcum","Strange Spoon"],"cards":["CrushJoints","SashWhip","Evaluate","Crescendo","BattleHymn","Mind Blast","Apotheosis"],"potions":["Block Potion","SmokeBomb"]},{"floor":39,"relics":["Mummified Hand","Gremlin Horn","Chemical X"],"cards":["Conclude","FlurryOfBlows","ClearTheMind","ThirdEye","Study","Trip","Sadistic Nature"],"potions":["Explosive Potion","Strength Potion","Energy Potion"]},{"floor":54,"relics":["Kunai"],"cards":["FollowUp","EmptyFist","Crescendo","Prostrate","DevaForm","Jack Of All Trades","Apotheosis"],"potions":["LiquidMemories","FearPotion","DuplicationPotion"]}],"circlet_count":0,"master_deck":["AscendersBane","Eruption+1","Vigilance+1","HandOfGreed+1","Crescendo+1","LessonLearned+1","Vault+1","Meditate+1","MentalFortress+1","EmptyMind+1","Adaptation+1"],"potion_use_per_floor":[[],[],[],[],[],[],[],[],[],[],[],[],[],[],[],["GamblersBrew"],[],["DistilledChaos"],[],[],[],[],["BottledMiracle"],[],[],[],[],[],[],[],[],[],["Strength Potion"],[],[],["BottledMiracle"],[],[],[],[],[],[],[],[],[],[],[],[],[],["GamblersBrew"],[],[],[],[],[],["LiquidMemories"],[]],"relics":["PureWater","Ice Cream","Lizard Tail","Oddly Smooth Stone","VioletLotus","War Paint","Ancient Tea Set","Lantern","Torii","Empty Cage","StrikeDummy","Toy Ornithopter","Peace Pipe","Medical Kit","Bottled Lightning","TeardropLocket"],"potions_floor_usage":[16,18,23,33,36,50,56],"damage_taken":[{"damage":10,"enemies":"Small Slimes","floor":1,"turns":3},{"damage":0,"enemies":"Cultist","floor":2,"turns":2},{"damage":0,"enemies":"2 Louse","floor":5,"turns":4},{"damage":16,"enemies":"Gremlin Nob","floor":6,"turns":3},{"damage":0,"enemies":"Lagavulin","floor":8,"turns":5},{"damage":4,"enemies":"2 Fungi Beasts","floor":10,"turns":6},{"damage":8,"enemies":"Exordium Thugs","floor":11,"turns":5},{"damage":25,"enemies":"3 Sentries","floor":14,"turns":5},{"damage":16,"enemies":"Slime Boss","floor":16,"turns":7},{"damage":18,"enemies":"3 Byrds","floor":18,"turns":5},{"damage":5,"enemies":"Spheric Guardian","floor":20,"turns":3},{"damage":28,"enemies":"Gremlin Leader","floor":23,"turns":6},{"damage":1,"enemies":"Snecko","floor":24,"turns":4},{"damage":7,"enemies":"Book of Stabbing","floor":27,"turns":5},{"damage":0,"enemies":"Cultist and Chosen","floor":30,"turns":3},{"damage":0,"enemies":"Collector","floor":33,"turns":6},{"damage":0,"enemies":"Orb Walker","floor":35,"turns":2},{"damage":0,"enemies":"3 Shapes","floor":36,"turns":4},{"damage":1,"enemies":"Reptomancer","floor":40,"turns":3},{"damage":0,"enemies":"Transient","floor":42,"turns":7},{"damage":17,"enemies":"4 Shapes","floor":44,"turns":5},{"damage":0,"enemies":"Maw","floor":45,"turns":7},{"damage":0,"enemies":"Mind Bloom Boss Battle","floor":46,"turns":7},{"damage":11,"enemies":"Sphere and 2 Shapes","floor":47,"turns":4},{"damage":0,"enemies":"Spire Growth","floor":48,"turns":4},{"damage":0,"enemies":"Awakened One","floor":50,"turns":4},{"damage":0,"enemies":"Time Eater","floor":51,"turns":9},{"damage":0,"enemies":"Shield and Spear","floor":55,"turns":3},{"damage":10,"enemies":"The Heart","floor":56,"turns":6}],"green_key_taken_log":14,"seed_played":"-5153718565982058127","neow_bonus_log":{"cardsObtained":[],"cardsUpgraded":[],"cardsRemoved":[],"cardsTransformed":[],"relicsObtained":[],"maxHpGained":0,"goldGained":100,"damageTaken":0,"goldLost":0,"maxHpLost":0},"potions_obtained":[{"floor":8,"key":"PowerPotion"},{"floor":10,"key":"PowerPotion"},{"floor":11,"key":"DistilledChaos"},{"floor":14,"key":"GamblersBrew"},{"floor":24,"key":"BottledMiracle"},{"floor":30,"key":"Strength Potion"},{"floor":33,"key":"GamblersBrew"}],"is_trial":false,"path_per_floor":["M","M","?","$","M","E","R","E","T","M","M","$","R","E","R","B",null,"M","$","M","T","?","E","M","R","T","E","?","R","M","$","R","B",null,"M","M","$","?","$","E","R","M","T","M","M","?","M","M","R","B","B",null,"R","$","E","B",null],"character_chosen":"WATCHER","items_purchased":["HandOfGreed","LessonLearned","BottledMiracle","Adaptation","LiquidMemories","Medical Kit","Bottled Lightning"],"campfire_rested":2,"item_purchase_floors":[4,12,19,31,37,54,54],"current_hp_per_floor":[51,51,51,51,51,35,35,35,35,31,23,23,43,18,18,2,52,34,34,29,29,29,1,34,54,54,47,47,47,47,47,47,47,63,63,63,63,63,63,62,62,62,62,45,45,45,34,34,34,39,39,61,61,61,61,56],"gold":95,"neow_bonus":"HUNDRED_GOLD","is_prod":false,"is_daily":false,"rewards_skipped":[{"floor":40,"relics":[],"potions":["Strength Potion"]},{"floor":44,"relics":[],"potions":["StancePotion"]},{"floor":46,"relics":[],"potions":["GamblersBrew"]},{"floor":47,"relics":[],"potions":["SneckoOil"]}],"chose_seed":false,"campfire_upgraded":4,"win_rate":0,"floor_exit_playtime":[82,99,106,126,152,177,190,244,247,299,413,437,441,530,550,728,809,954,1019,1054,1063,1066,1276,1368,1387,1390,1503,1513,1520,1591,1669,1693,1829,1865,1920,1995,2012,2016,2044,2234,2238,2579,2581,2677,2762,2919,3006,3060,3072,3355,3634,3649,3656,3707,3824,4157],"timestamp":1666144999,"blue_key_relic_skipped_log":{"floor":9,"relicID":"Turnip"},"path_taken":["M","M","?","$","M","E","R","E","T","M","M","$","R","E","R","BOSS","M","$","M","?","?","E","M","R","T","E","?","R","M","$","R","BOSS","M","M","$","?","$","E","R","?","T","M","M","?","M","M","R","BOSS","BOSS","R","$","E","BOSS"],"build_version":"2022-10-04","purchased_purges":6,"victory":true,"max_hp_per_floor":[68,68,68,68,68,68,68,68,68,68,68,68,68,68,68,68,68,68,68,68,68,68,68,68,68,68,68,68,68,68,68,68,68,68,68,68,68,68,68,68,68,68,68,68,68,68,68,68,68,68,68,68,68,68,68,68],"relic_stats":{"Ice Cream":[105],"Torii":3,"counters":[29,137],"War Paint":["Vault","Defend_P"],"Ancient Tea Set":[12],"Medical Kit":[4],"Peace Pipe":2,"Lizard Tail":34,"VioletLotus":[314],"Bottled Lightning":"Vault","PureWater":[11],"obtain_stats":[{"Ice Cream":6,"Lantern":26,"Torii":27,"Oddly Smooth Stone":14,"TeardropLocket":55,"War Paint":21,"Ancient Tea Set":23,"Empty Cage":34,"Medical Kit":54,"Peace Pipe":46,"Lizard Tail":8,"VioletLotus":17,"Bottled Lightning":54,"PureWater":0,"StrikeDummy":40,"Toy Ornithopter":43},{"Ice Cream":4,"Lantern":13,"Torii":14,"Oddly Smooth Stone":8,"TeardropLocket":28,"War Paint":11,"Ancient Tea Set":12,"Empty Cage":16,"Medical Kit":27,"Peace Pipe":23,"Lizard Tail":5,"VioletLotus":9,"Bottled Lightning":27,"PureWater":0,"StrikeDummy":19,"Toy Ornithopter":20},{"Ice Cream":12,"Lantern":58,"Torii":63,"Oddly Smooth Stone":33,"TeardropLocket":131,"War Paint":48,"Ancient Tea Set":54,"Empty Cage":72,"Medical Kit":128,"Peace Pipe":107,"Lizard Tail":17,"VioletLotus":40,"Bottled Lightning":128,"PureWater":0,"StrikeDummy":81,"Toy Ornithopter":88}],"Toy Ornithopter":10},"card_choices":[{"not_picked":["Halt","FollowUp"],"picked":"Consecrate","floor":1},{"not_picked":["FlurryOfBlows","Worship"],"picked":"CarveReality","floor":2},{"not_picked":["SandsOfTime","SpiritShield","ThirdEye"],"picked":"SKIP","floor":5},{"not_picked":["Vengeance","FlurryOfBlows","Study"],"picked":"SKIP","floor":6},{"not_picked":["Weave","Wireheading"],"picked":"Crescendo","floor":8},{"not_picked":["ThirdEye","CrushJoints","Consecrate"],"picked":"SKIP","floor":10},{"not_picked":["ClearTheMind","Swivel","JustLucky"],"picked":"SKIP","floor":11},{"not_picked":["SashWhip","Evaluate","MasterReality"],"picked":"SKIP","floor":14},{"not_picked":["Alpha","DevaForm"],"picked":"Vault","floor":16},{"not_picked":["Collect","EmptyBody"],"picked":"Meditate","floor":18},{"not_picked":["EmptyBody","Fasting2"],"picked":"MentalFortress","floor":20},{"not_picked":["JustLucky","ClearTheMind"],"picked":"EmptyMind+1","floor":23},{"not_picked":["Wallop","Wireheading+1","DevaForm"],"picked":"SKIP","floor":24},{"not_picked":["PathToVictory","Crescendo","Evaluate"],"picked":"SKIP","floor":30},{"not_picked":["EmptyFist","EmptyBody","Protect+1"],"picked":"SKIP","floor":35},{"not_picked":["Pray","FlurryOfBlows","WheelKick+1"],"picked":"SKIP","floor":36},{"not_picked":["Consecrate+1","SashWhip","Fasting2+1"],"picked":"SKIP","floor":40},{"not_picked":["Consecrate+1","SashWhip","Fasting2+1"],"picked":"SKIP","floor":40},{"not_picked":["Fasting2","FollowUp+1","PathToVictory"],"picked":"SKIP","floor":42},{"not_picked":["Judgement","WindmillStrike","EmptyFist+1"],"picked":"SKIP","floor":44},{"not_picked":["Halt","Wallop+1","FollowUp"],"picked":"SKIP","floor":45},{"not_picked":["Halt+1","Wireheading+1","Collect"],"picked":"SKIP","floor":46},{"not_picked":["Evaluate","ClearTheMind","Omniscience"],"picked":"SKIP","floor":47},{"not_picked":["BowlingBash","PathToVictory","Halt+1"],"picked":"SKIP","floor":48},{"not_picked":["Wireheading","EmptyFist","Fasting2"],"picked":"SKIP","floor":55}],"player_experience":4231249,"relics_obtained":[{"floor":6,"key":"Ice Cream"},{"floor":8,"key":"Lizard Tail"},{"floor":14,"key":"Oddly Smooth Stone"},{"floor":21,"key":"War Paint"},{"floor":23,"key":"Ancient Tea Set"},{"floor":26,"key":"Lantern"},{"floor":27,"key":"Torii"},{"floor":40,"key":"StrikeDummy"},{"floor":43,"key":"Toy Ornithopter"},{"floor":46,"key":"Peace Pipe"},{"floor":55,"key":"TeardropLocket"}],"event_choices":[{"damage_healed":0,"gold_gain":0,"cards_transformed":["Defend_P"],"player_choice":"Transformed","damage_taken":0,"max_hp_gain":0,"max_hp_loss":0,"event_name":"Transmorgrifier","floor":3,"gold_loss":0,"cards_obtained":["LikeWater"]},{"damage_healed":0,"gold_gain":0,"player_choice":"Ignored","damage_taken":0,"max_hp_gain":0,"max_hp_loss":0,"event_name":"The Mausoleum","floor":22,"gold_loss":0},{"damage_healed":0,"gold_gain":50,"player_choice":"Stole From Cult","damage_taken":0,"max_hp_gain":0,"max_hp_loss":0,"event_name":"Nest","floor":28,"gold_loss":0},{"damage_healed":0,"gold_gain":0,"player_choice":"Upgraded","damage_taken":0,"max_hp_gain":0,"max_hp_loss":0,"event_name":"Upgrade Shrine","floor":38,"gold_loss":0,"cards_upgraded":["Adaptation"]},{"damage_healed":0,"gold_gain":0,"player_choice":"Fight","damage_taken":0,"max_hp_gain":0,"max_hp_loss":0,"event_name":"MindBloom","floor":46,"gold_loss":0}],"is_beta":false,"boss_relics":[{"not_picked":["Runic Dome","Snecko Eye"],"picked":"VioletLotus"},{"not_picked":["SacredBark","Tiny House"],"picked":"Empty Cage"}],"items_purged_floors":[12,19,31,37,39,54],"is_endless":false,"potions_floor_spawned":[8,10,11,14,24,30,33,40,44,46,47],"ascension_level":20,"potion_discard_per_floor":[[],[],[],[],[],[],[],[],[],[],["PowerPotion"],[],[],["PowerPotion"],[],[],[],[],[],[],[],[],[],[],[],[],[],[],[],[],[],[],[],[],[],[],[],[],[],[],[],[],[],[],[],[],[],[],[],[],[],[],[],[],[],[],[]]}