{"neow_bonuses_skipped_log":["TEN_PERCENT_HP_BONUS"],"potions_obtained_entropic_brew":[[],[],[],[],[],[],[],[],[],[],[],[],[],[],[],[],[],[],[],[],[],[],[],[],[],[],[],[],[],[],[],[],[],[],[],[],[],[],[],[],[]],"neow_costs_skipped_log":["NONE"],"gold_per_floor":[116,116,131,206,41,73,92,120,147,159,171,203,246,279,291,402,414,439,451,363,378,401,401,425,468,546,546,308,308,323,336,336,432,432,453,472,495,445,459,459,459],"floor_reached":41,"playtime":3534,"items_purged":["Defend_P","Strike_P","Strike_P","Strike_P"],"score":1145,"play_id":"3039ae26-61dc-4e51-beec-0b9f8b2ab827","local_time":"20221017220331","score_breakdown":["Floors Climbed (41): 205","Enemies Slain (15): 30","Exordium Elites Killed (3): 30","City Elites Killed (1): 20","Beyond Elites Killed (0): 0","Bosses Slain (2): 150","Money Money (1013): 25","Champion (2): 50","Perfect (1): 50","C-c-c-combo: 25","Ascension (20): 560"],"is_ascension_mode":true,"potions_obtained_alchemize":[[],[],[],[],[],[],[],[],[],[],[],[],[],[],[],[],[],[],[],[],[],[],[],[],[],[],[],[],[],[],[],[],[],[],[],[],[],[],[],[],[]],"campfire_choices":[{"data":"Eruption","floor":11,"key":"SMITH"},{"data":"MentalFortress","floor":15,"key":"SMITH"},{"floor":23,"key":"REST"},{"floor":27,"key":"REST"},{"data":"EmptyMind","floor":32,"key":"SMITH"},{"floor":40,"key":"REST"}],"lesson_learned_per_floor":[[],[],[],[],[],[],[],[],[],[],[],[],[],[],[],[],[],[],[],[],[],[],[],[],[],[],[],[],[],[],[],[],[],[],[],[],[],[],[],[],[]],"neow_cost":"NONE","improvable_cards":{},"seed_source_timestamp":13252824937675,"shop_contents":[{"floor":5,"relics":["Whetstone","Mummified Hand","Chemical X"],"cards":["SashWhip","ReachHeaven","Prostrate","PathToVictory","Good Instincts","Apotheosis"],"potions":["BottledMiracle","FearPotion","FearPotion"]},{"floor":20,"relics":["Frozen Egg 2","Girya","TheAbacus"],"cards":["Conclude","FlyingSleeves","Sanctity","Protect","MasterReality","Discovery","Violence"],"potions":["ColorlessPotion","Block Potion","LiquidBronze"]},{"floor":28,"relics":["GoldenEye","Nunchaku"],"cards":["CutThroughFate","Tantrum","Sanctity","Judgement","Nirvana","Panacea","Chrysalis"],"potions":["CultistPotion","Dexterity Potion"]},{"floor":38,"relics":["Meat on the Bone","Ornamental Fan","Sling"],"cards":["WheelKick","FearNoEvil","ThirdEye","EmptyBody","MentalFortress","Bandage Up","Chrysalis"],"potions":["SpeedPotion","Energy Potion","Regen Potion"]}],"circlet_count":0,"master_deck":["AscendersBane","Defend_P+1","Defend_P+1","Eruption+1","Vigilance","CutThroughFate","ReachHeaven","MentalFortress+1","EmptyMind+1","Adaptation","InnerPeace","BowlingBash"],"potion_use_per_floor":[[],[],[],[],[],[],[],["BlessingOfTheForge"],[],[],[],[],[],[],[],[],[],[],[],[],[],[],[],[],["AttackPotion","Ambrosia"],[],[],[],[],["StancePotion"],[],[],[],[],[],[],[],[],[],[],["Weak Potion"]],"relics":["PureWater","NeowsBlessing","Omamori","War Paint","MawBank","Golden Idol","Bag of Preparation","Runic Pyramid","Smiling Mask","Membership Card","Philosopher\u0027s Stone"],"potions_floor_usage":[8,25,25,30,41],"damage_taken":[{"damage":0,"enemies":"Jaw Worm","floor":1,"turns":1},{"damage":0,"enemies":"Small Slimes","floor":3,"turns":1},{"damage":0,"enemies":"Gremlin Nob","floor":6,"turns":1},{"damage":0,"enemies":"Cultist","floor":7,"turns":2},{"damage":0,"enemies":"3 Sentries","floor":8,"turns":3},{"damage":0,"enemies":"Large Slime","floor":12,"turns":3},{"damage":16,"enemies":"Gremlin Nob","floor":13,"turns":3},{"damage":0,"enemies":"2 Fungi Beasts","floor":14,"turns":3},{"damage":12,"enemies":"The Guardian","floor":16,"turns":8},{"damage":5,"enemies":"Shell Parasite","floor":18,"turns":3},{"damage":14,"enemies":"2 Thieves","floor":21,"turns":4},{"damage":17,"enemies":"Shelled Parasite and Fungi","floor":22,"turns":4},{"damage":6,"enemies":"3 Cultists","floor":24,"turns":5},{"damage":7,"enemies":"Slavers","floor":25,"turns":2},{"damage":0,"enemies":"Cultist and Chosen","floor":30,"turns":4},{"damage":1,"enemies":"Snecko","floor":31,"turns":4},{"damage":0,"enemies":"Collector","floor":33,"turns":5},{"damage":9,"enemies":"Orb Walker","floor":35,"turns":2},{"damage":0,"enemies":"3 Shapes","floor":36,"turns":4},{"damage":4,"enemies":"Sphere and 2 Shapes","floor":37,"turns":3},{"damage":14,"enemies":"4 Shapes","floor":39,"turns":3},{"damage":79,"enemies":"Nemesis","floor":41,"turns":4}],"green_key_taken_log":8,"seed_played":"-2127415098138135187","neow_bonus_log":{"cardsObtained":[],"cardsUpgraded":[],"cardsRemoved":[],"cardsTransformed":[],"relicsObtained":["NeowsBlessing"],"maxHpGained":0,"goldGained":0,"damageTaken":0,"goldLost":0,"maxHpLost":0},"potions_obtained":[{"floor":1,"key":"BlessingOfTheForge"},{"floor":3,"key":"ColorlessPotion"},{"floor":7,"key":"StancePotion"},{"floor":14,"key":"AttackPotion"},{"floor":24,"key":"Ambrosia"},{"floor":25,"key":"StancePotion"},{"floor":31,"key":"Ancient Potion"}],"is_trial":false,"path_per_floor":["M","?","M","?","$","E","M","E","T","?","R","M","E","M","R","B",null,"M","?","$","M","M","R","M","E","T","R","$","?","M","M","R","B",null,"M","M","M","$","M","R","E"],"character_chosen":"WATCHER","items_purchased":["MentalFortress","Membership Card","Weak Potion"],"campfire_rested":3,"item_purchase_floors":[5,28,28],"current_hp_per_floor":[61,61,61,50,50,50,50,50,50,50,50,50,34,34,34,22,52,47,47,47,33,16,34,28,21,21,39,39,39,39,38,38,38,56,47,47,43,43,29,47,0],"gold":459,"neow_bonus":"THREE_ENEMY_KILL","is_prod":false,"is_daily":false,"rewards_skipped":[{"floor":33,"relics":[],"potions":["LiquidBronze"]},{"floor":39,"relics":[],"potions":["Fire Potion"]}],"chose_seed":false,"campfire_upgraded":3,"win_rate":0,"floor_exit_playtime":[124,144,200,204,234,282,369,570,577,592,599,636,665,803,810,1021,1055,1130,1187,1208,1376,1691,1696,1916,1985,1995,2000,2056,2062,2223,2356,2368,2542,2669,2752,2847,2933,2952,3127,3147],"timestamp":1666058611,"blue_key_relic_skipped_log":{"floor":26,"relicID":"Mercury Hourglass"},"path_taken":["M","?","M","?","$","E","M","E","T","?","R","M","E","M","R","BOSS","M","?","$","M","M","R","M","E","T","R","$","?","M","?","R","BOSS","M","M","M","$","M","R","E"],"build_version":"2022-10-04","purchased_purges":4,"victory":false,"max_hp_per_floor":[68,68,68,68,68,68,68,68,68,62,62,62,62,62,62,62,62,62,62,62,62,62,62,62,62,62,62,62,62,62,62,62,62,62,62,62,62,62,62,62,62],"relic_stats":{"counters":[22,72],"Golden Idol":100,"Omamori":0,"Bag of Preparation":[30],"Membership Card":165,"PureWater":[16],"War Paint":["Defend_P","Defend_P"],"MawBank":132,"Smiling Mask":38,"obtain_stats":[{"NeowsBlessing":0,"Golden Idol":10,"Philosopher\u0027s Stone":34,"Omamori":6,"Bag of Preparation":13,"Membership Card":28,"PureWater":0,"War Paint":8,"MawBank":9,"Smiling Mask":25,"Runic Pyramid":17},{"NeowsBlessing":0,"Golden Idol":5,"Philosopher\u0027s Stone":17,"Omamori":3,"Bag of Preparation":7,"Membership Card":14,"PureWater":0,"War Paint":5,"MawBank":5,"Smiling Mask":14,"Runic Pyramid":9},{"NeowsBlessing":0,"Golden Idol":8,"Philosopher\u0027s Stone":56,"Omamori":3,"Bag of Preparation":14,"Membership Card":43,"PureWater":0,"War Paint":8,"MawBank":8,"Smiling Mask":43,"Runic Pyramid":25}]},"card_choices":[{"not_picked":["BattleHymn","ClearTheMind"],"picked":"CutThroughFate","floor":1},{"not_picked":["Consecrate","SandsOfTime"],"picked":"ReachHeaven","floor":3},{"not_picked":["Perseverance","Wish","TalkToTheHand"],"picked":"SKIP","floor":7},{"not_picked":["Perseverance","Wish","TalkToTheHand"],"picked":"SKIP","floor":7},{"not_picked":["Pray","Worship","WaveOfTheHand"],"picked":"SKIP","floor":8},{"not_picked":["Pray","Worship","WaveOfTheHand"],"picked":"SKIP","floor":8},{"not_picked":["ThirdEye","PathToVictory","CarveReality"],"picked":"SKIP","floor":12},{"not_picked":["DeceiveReality","PathToVictory"],"picked":"EmptyMind","floor":13},{"not_picked":["Protect","Halt","Prostrate"],"picked":"SKIP","floor":14},{"not_picked":["Protect","Halt","Prostrate"],"picked":"SKIP","floor":14},{"not_picked":["CrushJoints","Consecrate","CutThroughFate"],"picked":"SKIP","floor":18},{"not_picked":["WaveOfTheHand","Wireheading","CarveReality","Perseverance","JustLucky","FollowUp","PathToVictory","Prostrate","FearNoEvil","BattleHymn","InnerPeace","BowlingBash","EmptyFist","Nirvana","CutThroughFate","CrushJoints","WindmillStrike","Halt","Wallop"],"picked":"Adaptation","floor":19},{"not_picked":["CrushJoints","BattleHymn","JustLucky+1"],"picked":"SKIP","floor":21},{"not_picked":["Adaptation","Collect","ForeignInfluence"],"picked":"SKIP","floor":22},{"not_picked":["PathToVictory","Consecrate","Wireheading"],"picked":"SKIP","floor":24},{"not_picked":["PathToVictory","Consecrate","Wireheading"],"picked":"SKIP","floor":24},{"not_picked":["Vengeance","EmptyBody"],"picked":"InnerPeace","floor":25},{"not_picked":["Collect","WheelKick","Study"],"picked":"SKIP","floor":30},{"not_picked":["CrushJoints","FlurryOfBlows","TalkToTheHand"],"picked":"SKIP","floor":31},{"not_picked":["Evaluate","CutThroughFate","SashWhip"],"picked":"SKIP","floor":35},{"not_picked":["Wallop","PathToVictory","Consecrate"],"picked":"SKIP","floor":36},{"not_picked":["Study+1","ForeignInfluence","FlyingSleeves"],"picked":"SKIP","floor":37},{"not_picked":["SignatureMove","InnerPeace","ThirdEye"],"picked":"SKIP","floor":39}],"player_experience":4223043,"relics_obtained":[{"floor":6,"key":"Omamori"},{"floor":8,"key":"War Paint"},{"floor":9,"key":"MawBank"},{"floor":13,"key":"Bag of Preparation"},{"floor":25,"key":"Smiling Mask"}],"event_choices":[{"cards_removed":["Defend_P"],"damage_healed":0,"gold_gain":0,"player_choice":"Forget","damage_taken":0,"max_hp_gain":0,"max_hp_loss":0,"event_name":"Living Wall","floor":2,"gold_loss":0},{"damage_healed":0,"gold_gain":75,"player_choice":"Gather Gold","damage_taken":11,"max_hp_gain":0,"max_hp_loss":0,"event_name":"World of Goop","floor":4,"gold_loss":0},{"damage_healed":0,"gold_gain":0,"player_choice":"Lose Max HP","damage_taken":0,"relics_obtained":["Golden Idol"],"max_hp_gain":0,"max_hp_loss":6,"event_name":"Golden Idol","floor":10,"gold_loss":0},{"damage_healed":0,"gold_gain":0,"player_choice":"Read","damage_taken":0,"max_hp_gain":0,"max_hp_loss":0,"event_name":"The Library","floor":19,"gold_loss":0,"cards_obtained":["Adaptation"]},{"damage_healed":0,"gold_gain":0,"cards_transformed":["Strike_P"],"player_choice":"Transformed","damage_taken":0,"max_hp_gain":0,"max_hp_loss":0,"event_name":"Transmorgrifier","floor":29,"gold_loss":0,"cards_obtained":["BowlingBash"]}],"is_beta":false,"boss_relics":[{"not_picked":["Cursed Key","SacredBark"],"picked":"Runic Pyramid"},{"not_picked":["Velvet Choker","Runic Dome"],"picked":"Philosopher\u0027s Stone"}],"items_purged_floors":[5,20,28,38],"is_endless":false,"potions_floor_spawned":[1,3,7,14,24,25,31,33,39],"killed_by":"Nemesis","ascension_level":20,"potion_discard_per_floor":[[],[],[],[],[],[],["ColorlessPotion"],[],[],[],[],[],[],[],[],[],[],[],[],[],[],[],[],["StancePotion"],[],[],[],[],[],[],[],[],[],[],[],[],[],[],[],[],[]]}