{"neow_bonuses_skipped_log":["TEN_PERCENT_HP_BONUS","RANDOM_COLORLESS_2","BOSS_RELIC"],"potions_obtained_entropic_brew":[[],[],[],[],[],[],[],[],[],[],[],[],[],[],[],[],[],[],[],[],[],[],[],[],[],[],[],[],[],[],[],[],[],[],[],[],[],[],[],[],[],[],[],[],[],[],[],[],[],[],[],[],[],[],[],[],[]],"neow_costs_skipped_log":["NONE","TEN_PERCENT_HP_LOSS","NONE"],"gold_per_floor":[110,121,135,152,168,168,93,120,143,173,189,203,203,234,234,312,312,328,67,81,1,15,15,48,48,48,61,76,86,111,126,126,202,202,213,213,233,233,253,253,285,160,236,236,42,55,55,83,83,83,83,83,83,18,51,51],"floor_reached":57,"playtime":3914,"items_purged":["Defend_P","Defend_P","Strike_P+1"],"score":3252,"play_id":"1d0c3b53-b6e9-4406-b996-5ba3adaacc6c","local_time":"20221104195336","score_breakdown":["Floors Climbed (57): 285","Enemies Slain (18): 36","Exordium Elites Killed (3): 30","City Elites Killed (2): 40","Beyond Elites Killed (2): 60","Bosses Slain (5): 750","Champion (6): 150","Perfect (2): 100","Overkill: 25","C-c-c-combo: 25","Ascension (20): 1501","Heartbreaker: 250"],"is_ascension_mode":true,"potions_obtained_alchemize":[[],[],[],[],[],[],[],[],[],[],[],[],[],[],[],[],[],[],[],[],[],[],[],[],[],[],[],[],[],[],[],[],[],[],[],[],[],[],[],[],[],[],[],[],[],[],[],[],[],[],[],[],[],[],[],[],[]],"campfire_choices":[{"data":"Eruption","floor":6,"key":"SMITH"},{"data":"Scrawl","floor":15,"key":"SMITH"},{"data":"Tantrum","floor":23,"key":"SMITH"},{"data":"EmptyMind","floor":25,"key":"SMITH"},{"data":"TalkToTheHand","floor":32,"key":"SMITH"},{"floor":40,"key":"RECALL"},{"data":"Secret Technique","floor":44,"key":"SMITH"},{"data":"Adaptation","floor":49,"key":"SMITH"},{"data":"FearNoEvil","floor":53,"key":"SMITH"}],"lesson_learned_per_floor":[[],[],[],[],[],[],[],[],[],[],[],[],[],[],[],[],[],[],[],[],[],[],[],[],[],[],[],[],[],[],[],[],[],[],[],[],[],[],[],[],[],[],[],[],[],[],[],[],[],[],[],[],[],[],[],[],[]],"neow_cost":"NONE","improvable_cards":{},"seed_source_timestamp":5513762435749,"shop_contents":[{"floor":7,"relics":["Ancient Tea Set","Damaru","ClockworkSouvenir"],"cards":["Ragnarok","FlyingSleeves","Prostrate","Worship","Fasting2","Good Instincts","Apotheosis"],"potions":["LiquidMemories","Strength Potion","LiquidMemories"]},{"floor":19,"relics":["Tiny Chest","Melange"],"cards":["FlurryOfBlows","CrushJoints","EmptyBody","Evaluate","Establishment","Impatience","Violence"],"potions":["StancePotion","DistilledChaos","SkillPotion"]},{"floor":21,"relics":["Potion Belt","Question Card","HandDrill"],"cards":["CutThroughFate","PathToVictory","Swivel","Fasting2","Forethought","Chrysalis"],"potions":["LiquidBronze","Swift Potion","GamblersBrew"]},{"floor":42,"relics":["Blue Candle","Bronze Scales","Membership Card"],"cards":["JustLucky","SignatureMove","Sanctity","Indignation","Devotion","Dramatic Entrance","Magnetism"],"potions":["SkillPotion","GamblersBrew","Fire Potion"]},{"floor":45,"relics":["MealTicket","Eternal Feather","Ornamental Fan"],"cards":["Consecrate","LessonLearned","Swivel","Sanctity","Adaptation","Finesse","Master of Strategy"],"potions":["Strength Potion","Strength Potion","Dexterity Potion"]},{"floor":47,"relics":["Dream Catcher","Kunai","DollysMirror"],"cards":["FlyingSleeves","EmptyFist","EmptyBody","SpiritShield","Wireheading","Enlightenment","Magnetism"],"potions":["Dexterity Potion","LiquidBronze","FairyPotion"]},{"floor":54,"relics":["War Paint","Bag of Marbles","Frozen Eye"],"cards":["Consecrate","SignatureMove","Meditate","Collect","MentalFortress","Forethought","Sadistic Nature"],"potions":["PowerPotion","AttackPotion","SkillPotion"]}],"circlet_count":0,"master_deck":["AscendersBane","Eruption+1","Vigilance","Indignation","FearNoEvil+1","Scrawl+1","TalkToTheHand+1","EmptyMind+1","Tantrum+1","Evaluate+1","WindmillStrike+1","Establishment+1","Secret Technique+1","Adaptation+1","Adaptation"],"potion_use_per_floor":[[],[],[],[],[],[],[],["BlessingOfTheForge"],[],[],[],[],[],["Explosive Potion"],[],[],[],[],[],[],[],[],[],[],[],[],[],[],[],[],[],[],["Strength Potion"],[],[],[],[],[],[],[],[],[],[],[],[],[],[],[],[],[],[],[],[],[],[],["Weak Potion"],[]],"relics":["PureWater","Letter Opener","Orichalcum","Anchor","Whetstone","Bag of Preparation","PreservedInsect","StrikeDummy","Astrolabe","Nunchaku","The Courier","TheAbacus","Toy Ornithopter","White Beast Statue"],"potions_floor_usage":[8,14,33,56],"damage_taken":[{"damage":2,"enemies":"Cultist","floor":1,"turns":4},{"damage":4,"enemies":"2 Louse","floor":2,"turns":3},{"damage":0,"enemies":"Small Slimes","floor":3,"turns":2},{"damage":0,"enemies":"2 Fungi Beasts","floor":4,"turns":2},{"damage":10,"enemies":"Exordium Wildlife","floor":5,"turns":4},{"damage":0,"enemies":"Lagavulin","floor":8,"turns":5},{"damage":12,"enemies":"Gremlin Nob","floor":10,"turns":3},{"damage":0,"enemies":"Exordium Thugs","floor":11,"turns":3},{"damage":0,"enemies":"Lots of Slimes","floor":12,"turns":2},{"damage":2,"enemies":"3 Sentries","floor":14,"turns":2},{"damage":20,"enemies":"Slime Boss","floor":16,"turns":6},{"damage":0,"enemies":"3 Byrds","floor":18,"turns":3},{"damage":0,"enemies":"Shell Parasite","floor":20,"turns":1},{"damage":0,"enemies":"Snake Plant","floor":22,"turns":2},{"damage":0,"enemies":"Book of Stabbing","floor":24,"turns":3},{"damage":0,"enemies":"Centurion and Healer","floor":27,"turns":3},{"damage":8,"enemies":"Shelled Parasite and Fungi","floor":28,"turns":3},{"damage":0,"enemies":"Snake Plant","floor":29,"turns":2},{"damage":0,"enemies":"Gremlin Leader","floor":30,"turns":3},{"damage":0,"enemies":"Centurion and Healer","floor":31,"turns":2},{"damage":24,"enemies":"Automaton","floor":33,"turns":6},{"damage":0,"enemies":"Orb Walker","floor":35,"turns":2},{"damage":1,"enemies":"3 Shapes","floor":37,"turns":4},{"damage":0,"enemies":"Spire Growth","floor":39,"turns":3},{"damage":0,"enemies":"Giant Head","floor":41,"turns":4},{"damage":0,"enemies":"3 Darklings","floor":46,"turns":2},{"damage":0,"enemies":"Reptomancer","floor":48,"turns":2},{"damage":0,"enemies":"Donu and Deca","floor":50,"turns":4},{"damage":0,"enemies":"Awakened One","floor":51,"turns":2},{"damage":0,"enemies":"Shield and Spear","floor":55,"turns":3},{"damage":32,"enemies":"The Heart","floor":56,"turns":8}],"green_key_taken_log":30,"seed_played":"4046706824652813155","neow_bonus_log":{"cardsObtained":["Indignation"],"cardsUpgraded":[],"cardsRemoved":[],"cardsTransformed":["Defend_P"],"relicsObtained":[],"maxHpGained":0,"goldGained":0,"damageTaken":0,"goldLost":0,"maxHpLost":0},"potions_obtained":[{"floor":1,"key":"BlessingOfTheForge"},{"floor":4,"key":"Explosive Potion"},{"floor":11,"key":"DistilledChaos"},{"floor":14,"key":"EssenceOfSteel"},{"floor":18,"key":"Explosive Potion"},{"floor":31,"key":"Strength Potion"},{"floor":39,"key":"SkillPotion"},{"floor":46,"key":"Weak Potion"}],"is_trial":false,"path_per_floor":["M","M","M","M","M","R","$","E","T","E","M","M","?","E","R","B",null,"M","$","M","$","M","R","E","R","T","M","M","M","E","M","R","B",null,"M","?","M","?","M","R","E","$","T","R","$","M","$","E","R","B","B",null,"R","$","E","B",null],"character_chosen":"WATCHER","items_purchased":["Bag of Preparation","Tantrum","Adaptation","TheAbacus","Adaptation"],"campfire_rested":0,"item_purchase_floors":[19,21,45,45,54],"current_hp_per_floor":[59,55,55,55,45,45,45,45,45,33,33,33,33,31,31,11,54,54,54,54,54,54,54,54,54,54,54,46,46,46,46,46,22,57,57,47,46,46,46,46,46,46,46,46,46,46,46,46,46,46,46,63,63,63,63,36],"gold":51,"neow_bonus":"TRANSFORM_CARD","is_prod":false,"is_daily":false,"rewards_skipped":[{"floor":12,"relics":[],"potions":["Block Potion"]},{"floor":22,"relics":[],"potions":["Explosive Potion"]},{"floor":28,"relics":[],"potions":["Regen Potion"]},{"floor":48,"relics":[],"potions":["SmokeBomb"]}],"chose_seed":false,"campfire_upgraded":8,"win_rate":0,"floor_exit_playtime":[171,314,329,385,445,453,476,708,711,776,982,1029,1060,1129,1137,1282,1346,1425,1459,1487,1526,1560,1583,1632,1664,1667,1698,1767,1810,1879,1911,1919,2043,2109,2147,2217,2297,2299,2468,2474,2561,2639,2650,2657,2729,2818,2826,2941,2948,3306,3416,3426,3434,3490,3621,3914],"timestamp":1667606016,"blue_key_relic_skipped_log":{"floor":26,"relicID":"Unceasing Top"},"path_taken":["M","M","M","M","?","R","$","E","T","E","M","M","?","E","R","BOSS","M","$","M","$","M","R","E","R","T","M","M","M","E","M","R","BOSS","M","?","M","?","M","R","E","$","T","R","$","M","?","E","R","BOSS","BOSS","R","$","E","BOSS"],"build_version":"2022-10-04","purchased_purges":3,"victory":true,"max_hp_per_floor":[68,68,68,68,68,68,68,68,68,68,68,68,68,68,68,68,68,68,68,68,68,68,68,68,68,68,68,68,68,68,68,68,68,68,68,68,68,68,68,68,68,68,68,68,68,68,68,68,68,68,68,68,68,68,68,68],"relic_stats":{"counters":[31,98],"Astrolabe":["Evaluate","WindmillStrike","Establishment"],"PreservedInsect":315,"The Courier":65,"Bag of Preparation":[38],"Letter Opener":[367],"Whetstone":["Strike_P","Strike_P"],"Orichalcum":[36],"White Beast Statue":[0.0,0.0,0.0,0.0,0.0,1.0,0.0,0.0,0.0,0.0,0.0,0.0],"Nunchaku":[18],"TheAbacus":[648],"PureWater":[29],"obtain_stats":[{"Astrolabe":34,"PreservedInsect":24,"The Courier":43,"Bag of Preparation":19,"Letter Opener":8,"Whetstone":14,"Orichalcum":9,"White Beast Statue":55,"Anchor":10,"Nunchaku":41,"TheAbacus":45,"PureWater":0,"StrikeDummy":30,"Toy Ornithopter":48},{"Astrolabe":21,"PreservedInsect":15,"The Courier":25,"Bag of Preparation":12,"Letter Opener":6,"Whetstone":10,"Orichalcum":6,"White Beast Statue":30,"Anchor":7,"Nunchaku":25,"TheAbacus":25,"PureWater":0,"StrikeDummy":19,"Toy Ornithopter":27},{"Astrolabe":64,"PreservedInsect":45,"The Courier":77,"Bag of Preparation":39,"Letter Opener":20,"Whetstone":30,"Orichalcum":20,"White Beast Statue":90,"Anchor":23,"Nunchaku":77,"TheAbacus":77,"PureWater":0,"StrikeDummy":56,"Toy Ornithopter":81}],"Toy Ornithopter":5},"card_choices":[{"not_picked":["WindmillStrike","Protect","EmptyBody"],"picked":"SKIP","floor":1},{"not_picked":["FlyingSleeves","Collect"],"picked":"FearNoEvil","floor":2},{"not_picked":["SashWhip","FollowUp"],"picked":"Scrawl","floor":3},{"not_picked":["CrushJoints","ForeignInfluence"],"picked":"TalkToTheHand","floor":4},{"not_picked":["ClearTheMind","Prostrate","Nirvana"],"picked":"SKIP","floor":5},{"not_picked":["EmptyBody","Omniscience","CutThroughFate"],"picked":"SKIP","floor":8},{"not_picked":["DeusExMachina","CutThroughFate","ThirdEye"],"picked":"SKIP","floor":10},{"not_picked":["Prostrate","Perseverance","Consecrate"],"picked":"SKIP","floor":11},{"not_picked":["CutThroughFate","Halt","Nirvana"],"picked":"SKIP","floor":12},{"not_picked":["Halt","SashWhip","EmptyMind"],"picked":"SKIP","floor":14},{"not_picked":["SashWhip","Halt","Prostrate"],"picked":"SKIP","floor":18},{"not_picked":["FlyingSleeves","Swivel","CarveReality"],"picked":"SKIP","floor":20},{"not_picked":["Pray","Crescendo","Prostrate"],"picked":"SKIP","floor":22},{"not_picked":["Vengeance","Wish","CutThroughFate"],"picked":"SKIP","floor":24},{"not_picked":["Crescendo","FlyingSleeves+1","JustLucky"],"picked":"SKIP","floor":27},{"not_picked":["SashWhip","PathToVictory","CarveReality+1"],"picked":"SKIP","floor":28},{"not_picked":["Nirvana","CrushJoints","Sanctity"],"picked":"SKIP","floor":29},{"not_picked":["Conclude","BowlingBash+1","Consecrate"],"picked":"SKIP","floor":30},{"not_picked":["Crescendo","Consecrate+1","Vengeance+1"],"picked":"SKIP","floor":31},{"not_picked":["Protect+1","SignatureMove","FlyingSleeves"],"picked":"SKIP","floor":35},{"not_picked":["Panacea","Purity"],"picked":"Secret Technique","floor":36},{"not_picked":["Forethought","Chrysalis","Violence"],"picked":"SKIP","floor":36},{"not_picked":["Chrysalis","Forethought","Magnetism"],"picked":"SKIP","floor":36},{"not_picked":["ThirdEye","SashWhip","FlyingSleeves"],"picked":"SKIP","floor":37},{"not_picked":["CrushJoints","ThirdEye+1","Swivel"],"picked":"SKIP","floor":39},{"not_picked":["CrushJoints","ThirdEye+1","Swivel"],"picked":"SKIP","floor":39},{"not_picked":["ForeignInfluence","Consecrate","ThirdEye"],"picked":"SKIP","floor":41},{"not_picked":["ForeignInfluence","Consecrate","ThirdEye"],"picked":"SKIP","floor":41},{"not_picked":["SandsOfTime","SashWhip","Crescendo"],"picked":"SKIP","floor":46},{"not_picked":["CarveReality","CutThroughFate","ConjureBlade"],"picked":"SKIP","floor":48},{"not_picked":["MentalFortress","Omniscience","Sanctity"],"picked":"SKIP","floor":55}],"player_experience":4350889,"relics_obtained":[{"floor":8,"key":"Letter Opener"},{"floor":9,"key":"Orichalcum"},{"floor":10,"key":"Anchor"},{"floor":14,"key":"Whetstone"},{"floor":24,"key":"PreservedInsect"},{"floor":30,"key":"StrikeDummy"},{"floor":41,"key":"Nunchaku"},{"floor":43,"key":"The Courier"},{"floor":48,"key":"Toy Ornithopter"},{"floor":55,"key":"White Beast Statue"}],"event_choices":[{"damage_healed":0,"gold_gain":0,"cards_transformed":["Defend_P"],"player_choice":"Change","damage_taken":0,"max_hp_gain":0,"max_hp_loss":0,"event_name":"Living Wall","floor":13,"gold_loss":0,"cards_obtained":["EmptyMind"]},{"damage_healed":0,"gold_gain":0,"player_choice":"Memory 3","damage_taken":10,"max_hp_gain":0,"max_hp_loss":0,"event_name":"SensoryStone","floor":36,"gold_loss":0},{"damage_healed":0,"gold_gain":0,"player_choice":"Ignored","damage_taken":0,"max_hp_gain":0,"max_hp_loss":0,"event_name":"Tomb of Lord Red Mask","floor":38,"gold_loss":0}],"is_beta":false,"boss_relics":[{"not_picked":["Velvet Choker","Snecko Eye","Busted Crown"]},{"not_picked":["Sozu","Coffee Dripper"],"picked":"Astrolabe"}],"items_purged_floors":[7,19,42],"is_endless":false,"potions_floor_spawned":[1,4,11,12,14,18,22,28,31,39,46,48],"ascension_level":20,"potion_discard_per_floor":[[],[],[],[],[],[],[],[],[],[],[],[],[],[],[],[],[],["EssenceOfSteel"],[],[],[],[],[],[],[],[],[],[],[],[],["Explosive Potion"],[],[],[],[],[],[],[],[],[],[],[],[],[],[],["SkillPotion"],[],[],[],[],[],[],[],[],[],[],[]]}