{"neow_bonuses_skipped_log":["REMOVE_CARD","HUNDRED_GOLD","BOSS_RELIC"],"neow_costs_skipped_log":["NONE","NONE","NONE"],"potions_obtained_entropic_brew":[[],[],[],[],[],[],[],[],[],[],[],[],[],[],[],[],[],[],[],[],[],[],[],["Swift Potion","Explosive Potion"],[],[],[],[],[],[],[],[],[],[],[],[],[],[],[],[],[],[],[],[],[],[],[],[],[],[],[],[],[],[],[],[],[]],"gold_per_floor":[14,14,24,39,50,50,69,103,103,123,173,48,48,58,58,134,134,151,162,62,77,77,91,107,107,107,107,107,107,133,147,147,225,225,237,112,122,142,152,152,184,184,252,279,293,312,331,365,365,365,365,365,365,36,70,70],"floor_reached":57,"playtime":5079,"items_purged":["Defend_P","Strike_P","CrushJoints","FlurryOfBlows"],"score":3340,"play_id":"035f51ee-f720-45b1-bedf-58832146442e","local_time":"20221030211346","score_breakdown":["Floors Climbed (57): 285","Enemies Slain (20): 40","Exordium Elites Killed (1): 10","City Elites Killed (1): 20","Beyond Elites Killed (3): 90","Bosses Slain (5): 750","Champion (5): 125","Beyond Perfect: 200","C-c-c-combo: 25","Ascension (20): 1545","Heartbreaker: 250"],"is_ascension_mode":true,"potions_obtained_alchemize":[[],[],[],[],[],[],[],[],[],[],[],[],[],[],[],[],[],[],[],[],[],[],[],[],[],[],[],[],[],[],[],[],[],[],[],[],[],[],[],[],[],[],[],[],[],[],[],[],[],[],[],[],[],[],[],[],[]],"campfire_choices":[{"data":"Eruption","floor":6,"key":"SMITH"},{"data":"CutThroughFate","floor":13,"key":"SMITH"},{"data":"EmptyMind","floor":15,"key":"SMITH"},{"floor":25,"key":"REST"},{"data":"Scrawl","floor":28,"key":"SMITH"},{"data":"Adaptation","floor":32,"key":"SMITH"},{"floor":40,"key":"RECALL"},{"data":"MentalFortress","floor":49,"key":"SMITH"},{"data":"InnerPeace","floor":53,"key":"SMITH"}],"lesson_learned_per_floor":[[],[],[],[],[],[],[],[],[],[],[],[],[],[],[],[],[],[],[],[],[],[],[],[],[],[],[],[],[],[],[],[],[],[],[],[],[],[],[],[],[],[],[],[],[],[],[],[],[],[],[],[],[],[],[],[],[]],"neow_cost":"NO_GOLD","improvable_cards":{},"seed_source_timestamp":26147991596070,"shop_contents":[{"floor":2,"relics":["Happy Flower","Tiny Chest","ClockworkSouvenir"],"cards":["FlyingSleeves","Tantrum","ClearTheMind","ThirdEye","BattleHymn","Impatience","Transmutation"],"potions":["StancePotion","Ancient Potion","SteroidPotion"]},{"floor":12,"relics":["Pocketwatch","Darkstone Periapt","Cauldron"],"cards":["BowlingBash","Halt","Protect","LikeWater","Finesse","Violence"],"potions":["Ancient Potion","Regen Potion","SmokeBomb"]},{"floor":20,"relics":["FossilizedHelix","Sundial","DollysMirror"],"cards":["SignatureMove","Brilliance","PathToVictory","Protect","MentalFortress","Impatience","Thinking Ahead"],"potions":["Ancient Potion","Strength Potion","Block Potion"]},{"floor":36,"relics":["Question Card","Peace Pipe","Orrery"],"cards":["FlurryOfBlows","Consecrate","EmptyBody","Pray","Fasting2","Trip","The Bomb"],"potions":["Energy Potion","ColorlessPotion","LiquidMemories"]},{"floor":54,"relics":["Blood Vial"],"cards":["FlyingSleeves","WindmillStrike","Perseverance","DeceiveReality","Wireheading","Good Instincts","HandOfGreed"],"potions":["Dexterity Potion","SmokeBomb","Swift Potion"]}],"circlet_count":0,"master_deck":["AscendersBane","Eruption+1","Vigilance","EmptyMind+1","Crescendo","MentalFortress+1","Adaptation+1","CutThroughFate+1","Scrawl+1","TalkToTheHand+1","InnerPeace+1","Scrawl"],"potion_use_per_floor":[[],[],[],[],[],[],[],["ColorlessPotion"],[],[],[],[],[],[],[],["FearPotion"],[],[],[],[],[],[],["SteroidPotion"],["EntropicBrew"],[],[],[],[],[],[],[],[],[],[],[],[],[],[],[],[],[],[],[],[],[],[],[],[],[],[],[],[],[],[],[],["Weak Potion"],[]],"relics":["PureWater","MealTicket","Ancient Tea Set","Empty Cage","Bottled Lightning","Lantern","Coffee Dripper","InkBottle","Oddly Smooth Stone","Mercury Hourglass","Membership Card","Whetstone","Toy Ornithopter"],"potions_floor_usage":[8,16,23,24,56],"damage_taken":[{"damage":0,"enemies":"Cultist","floor":1,"turns":2},{"damage":3,"enemies":"2 Louse","floor":3,"turns":2},{"damage":2,"enemies":"Jaw Worm","floor":4,"turns":5},{"damage":5,"enemies":"Blue Slaver","floor":5,"turns":4},{"damage":3,"enemies":"Exordium Thugs","floor":7,"turns":4},{"damage":14,"enemies":"3 Sentries","floor":8,"turns":5},{"damage":2,"enemies":"2 Fungi Beasts","floor":10,"turns":3},{"damage":0,"enemies":"Looter","floor":14,"turns":2},{"damage":0,"enemies":"Slime Boss","floor":16,"turns":5},{"damage":9,"enemies":"Shell Parasite","floor":18,"turns":5},{"damage":36,"enemies":"3 Byrds","floor":19,"turns":5},{"damage":18,"enemies":"Cultist and Chosen","floor":21,"turns":5},{"damage":4,"enemies":"Chosen and Byrds","floor":23,"turns":3},{"damage":6,"enemies":"Centurion and Healer","floor":24,"turns":4},{"damage":0,"enemies":"Gremlin Leader","floor":30,"turns":1},{"damage":0,"enemies":"3 Cultists","floor":31,"turns":1},{"damage":0,"enemies":"Collector","floor":33,"turns":1},{"damage":0,"enemies":"3 Shapes","floor":35,"turns":1},{"damage":0,"enemies":"3 Darklings","floor":37,"turns":1},{"damage":0,"enemies":"Spire Growth","floor":38,"turns":1},{"damage":0,"enemies":"Maw","floor":39,"turns":1},{"damage":0,"enemies":"Nemesis","floor":41,"turns":1},{"damage":0,"enemies":"Giant Head","floor":44,"turns":1},{"damage":0,"enemies":"Transient","floor":45,"turns":6},{"damage":17,"enemies":"Jaw Worm Horde","floor":46,"turns":2},{"damage":0,"enemies":"Writhing Mass","floor":47,"turns":4},{"damage":0,"enemies":"Reptomancer","floor":48,"turns":1},{"damage":21,"enemies":"Time Eater","floor":50,"turns":11},{"damage":0,"enemies":"Donu and Deca","floor":51,"turns":1},{"damage":0,"enemies":"Shield and Spear","floor":55,"turns":1},{"damage":16,"enemies":"The Heart","floor":56,"turns":5}],"green_key_taken_log":30,"seed_played":"-3460703009268631104","neow_bonus_log":{"cardsObtained":[],"cardsUpgraded":[],"cardsRemoved":["Defend_P","Defend_P"],"cardsTransformed":[],"relicsObtained":[],"maxHpGained":0,"goldGained":0,"damageTaken":0,"goldLost":99,"maxHpLost":0},"potions_obtained":[{"floor":3,"key":"ColorlessPotion"},{"floor":7,"key":"FearPotion"},{"floor":8,"key":"DistilledChaos"},{"floor":14,"key":"SteroidPotion"},{"floor":16,"key":"BlessingOfTheForge"},{"floor":19,"key":"EntropicBrew"},{"floor":37,"key":"StancePotion"},{"floor":55,"key":"Weak Potion"}],"is_trial":false,"path_per_floor":["M","$","M","M","M","R","M","E","T","M","?","$","R","M","R","B",null,"M","M","$","M","?","M","M","R","T","?","R","?","E","M","R","B",null,"M","$","M","M","M","R","E","?","T","E","M","M","M","E","R","B","B",null,"R","$","E","B",null],"character_chosen":"WATCHER","items_purchased":["CutThroughFate","Membership Card","Whetstone"],"campfire_rested":1,"item_purchase_floors":[12,54,54],"current_hp_per_floor":[61,61,58,56,51,51,48,34,34,32,32,47,47,47,47,47,63,54,18,33,15,15,11,5,25,25,25,25,25,25,25,25,25,57,57,68,68,68,68,68,68,68,68,68,68,51,51,51,51,30,30,59,59,68,68,57],"gold":70,"neow_bonus":"REMOVE_TWO","is_prod":false,"is_daily":false,"rewards_skipped":[{"floor":21,"relics":[],"potions":["SmokeBomb"]},{"floor":24,"relics":[],"potions":["Explosive Potion"]},{"floor":38,"relics":[],"potions":["SmokeBomb"]},{"floor":46,"relics":[],"potions":["LiquidBronze"]}],"chose_seed":false,"campfire_upgraded":7,"win_rate":0,"floor_exit_playtime":[147,155,243,346,472,481,574,699,707,771,783,823,845,891,897,1025,1126,1271,1551,1591,1824,1837,2090,2193,2204,2226,2254,2280,2310,2408,2514,2525,2672,2786,2824,2851,2933,2997,3084,3090,3175,3179,3187,3260,3397,3503,3693,3809,3816,4304,4423,4433,4444,4523,4619,5079],"timestamp":1667178826,"blue_key_relic_skipped_log":{"floor":43,"relicID":"Shuriken"},"path_taken":["M","?","M","M","M","R","M","E","T","M","?","$","R","M","R","BOSS","M","M","$","M","?","M","M","R","T","?","R","?","E","M","R","BOSS","M","$","M","M","M","R","E","?","T","E","M","M","M","E","R","BOSS","BOSS","R","$","E","BOSS"],"build_version":"2022-10-04","purchased_purges":4,"victory":true,"max_hp_per_floor":[68,68,68,68,68,68,68,68,68,68,68,68,68,68,68,68,68,68,68,68,68,68,68,68,68,68,68,68,68,68,68,68,68,68,68,68,68,68,68,68,68,68,68,68,68,68,68,68,68,68,68,68,68,68,68,68],"relic_stats":{"counters":[31,94],"MealTicket":50,"Bottled Lightning":"Scrawl","Membership Card":157,"Whetstone":["TalkToTheHand"],"PureWater":[23],"Ancient Tea Set":[14],"obtain_stats":[{"Lantern":30,"Oddly Smooth Stone":44,"Whetstone":54,"Ancient Tea Set":9,"Empty Cage":17,"Mercury Hourglass":48,"MealTicket":8,"Coffee Dripper":34,"Bottled Lightning":26,"Membership Card":54,"PureWater":0,"InkBottle":41,"Toy Ornithopter":55},{"Lantern":15,"Oddly Smooth Stone":23,"Whetstone":29,"Ancient Tea Set":6,"Empty Cage":9,"Mercury Hourglass":27,"MealTicket":6,"Coffee Dripper":17,"Bottled Lightning":14,"Membership Card":29,"PureWater":0,"InkBottle":22,"Toy Ornithopter":30},{"Lantern":55,"Oddly Smooth Stone":63,"Whetstone":88,"Ancient Tea Set":22,"Empty Cage":32,"Mercury Hourglass":76,"MealTicket":22,"Coffee Dripper":57,"Bottled Lightning":54,"Membership Card":88,"PureWater":0,"InkBottle":62,"Toy Ornithopter":89}],"InkBottle":[51],"Toy Ornithopter":5,"Mercury Hourglass":[48]},"card_choices":[{"not_picked":["EmptyBody","FollowUp"],"picked":"EmptyMind","floor":1},{"not_picked":["ThirdEye","LikeWater","Vengeance"],"picked":"SKIP","floor":3},{"not_picked":["ThirdEye","LikeWater","Vengeance"],"picked":"SKIP","floor":3},{"not_picked":["ThirdEye","LikeWater","Vengeance"],"picked":"SKIP","floor":3},{"not_picked":["EmptyMind","ClearTheMind"],"picked":"Crescendo","floor":4},{"not_picked":["Collect","WindmillStrike"],"picked":"MentalFortress","floor":5},{"not_picked":["ThirdEye","Collect","Fasting2"],"picked":"SKIP","floor":7},{"not_picked":["WheelKick","Worship"],"picked":"Adaptation","floor":8},{"not_picked":["ClearTheMind","BowlingBash","ThirdEye"],"picked":"SKIP","floor":10},{"not_picked":["DeceiveReality","Protect","FlyingSleeves"],"picked":"SKIP","floor":14},{"not_picked":["Brilliance","Judgement"],"picked":"Scrawl","floor":16},{"not_picked":["Tantrum+1","CutThroughFate"],"picked":"FlurryOfBlows","floor":18},{"not_picked":["FollowUp","SashWhip","CutThroughFate"],"picked":"SKIP","floor":19},{"not_picked":["WaveOfTheHand","Worship"],"picked":"TalkToTheHand","floor":21},{"not_picked":["CutThroughFate","SashWhip","PathToVictory"],"picked":"SKIP","floor":23},{"not_picked":["Worship","EmptyMind","WreathOfFlame"],"picked":"SKIP","floor":24},{"not_picked":["PathToVictory","Fasting2","FlurryOfBlows+1"],"picked":"SKIP","floor":30},{"not_picked":["Meditate","EmptyFist+1","FlurryOfBlows+1"],"picked":"SKIP","floor":31},{"not_picked":["DeusExMachina","SpiritShield"],"picked":"Scrawl","floor":33},{"not_picked":["Halt","CutThroughFate+1","FlyingSleeves"],"picked":"SKIP","floor":35},{"not_picked":["Halt","CutThroughFate+1","FlyingSleeves"],"picked":"SKIP","floor":35},{"not_picked":["FlyingSleeves","Crescendo","JustLucky+1"],"picked":"SKIP","floor":37},{"not_picked":["FlyingSleeves","Crescendo","JustLucky+1"],"picked":"SKIP","floor":37},{"not_picked":["FlyingSleeves+1","Consecrate","DevaForm"],"picked":"SKIP","floor":38},{"not_picked":["EmptyFist+1","Halt+1","FollowUp"],"picked":"SKIP","floor":39},{"not_picked":["EmptyBody","SpiritShield","FlurryOfBlows+1"],"picked":"SKIP","floor":41},{"not_picked":["Adaptation","Halt","WindmillStrike+1"],"picked":"SKIP","floor":44},{"not_picked":["SashWhip","Crescendo","Prostrate+1"],"picked":"SKIP","floor":45},{"not_picked":["Consecrate","Fasting2","FlurryOfBlows"],"picked":"SKIP","floor":46},{"not_picked":["EmptyFist+1","ForeignInfluence","Halt+1"],"picked":"SKIP","floor":47},{"not_picked":["Protect","Tantrum","WreathOfFlame"],"picked":"SKIP","floor":48},{"not_picked":["Brilliance","InnerPeace+1","Pray"],"picked":"SKIP","floor":55}],"player_experience":4305367,"relics_obtained":[{"floor":8,"key":"MealTicket"},{"floor":9,"key":"Ancient Tea Set"},{"floor":26,"key":"Bottled Lightning"},{"floor":30,"key":"Lantern"},{"floor":41,"key":"InkBottle"},{"floor":44,"key":"Oddly Smooth Stone"},{"floor":48,"key":"Mercury Hourglass"},{"floor":55,"key":"Toy Ornithopter"}],"event_choices":[{"damage_healed":0,"gold_gain":50,"player_choice":"Pray","damage_taken":0,"max_hp_gain":0,"max_hp_loss":0,"event_name":"Golden Shrine","floor":11,"gold_loss":0},{"damage_healed":0,"gold_gain":0,"player_choice":"Smashed Altar","damage_taken":0,"max_hp_gain":0,"max_hp_loss":0,"event_name":"Forgotten Altar","floor":22,"gold_loss":0,"cards_obtained":["Decay"]},{"damage_healed":0,"gold_gain":0,"cards_transformed":["Strike_P","Strike_P"],"player_choice":"Became Test Subject","damage_taken":0,"max_hp_gain":0,"max_hp_loss":0,"event_name":"Drug Dealer","floor":27,"gold_loss":0,"cards_obtained":["CrushJoints","InnerPeace"]},{"cards_removed":["Decay"],"damage_healed":0,"gold_gain":0,"player_choice":"Elegance","damage_taken":0,"max_hp_gain":0,"max_hp_loss":0,"event_name":"Back to Basics","floor":29,"gold_loss":0},{"damage_healed":0,"gold_gain":0,"player_choice":"Ignored","damage_taken":0,"max_hp_gain":0,"max_hp_loss":0,"event_name":"Tomb of Lord Red Mask","floor":42,"gold_loss":0}],"is_beta":false,"boss_relics":[{"not_picked":["Busted Crown","HolyWater"],"picked":"Empty Cage"},{"not_picked":["Black Star","SacredBark"],"picked":"Coffee Dripper"}],"items_purged_floors":[12,20,36,54],"is_endless":false,"potions_floor_spawned":[3,7,8,14,16,19,21,24,37,38,46,55],"ascension_level":20,"potion_discard_per_floor":[[],[],[],[],[],[],[],[],[],[],[],[],[],["DistilledChaos"],[],[],[],[],["BlessingOfTheForge"],[],[],[],[],[],[],[],[],[],[],[],[],[],[],[],[],[],["Explosive Potion"],[],[],[],[],[],[],[],[],[],[],[],[],[],[],[],[],[],["StancePotion"],[],[]]}