{"neow_bonuses_skipped_log":["UPGRADE_CARD","HUNDRED_GOLD","BOSS_RELIC"],"potions_obtained_entropic_brew":[[],[],[],[],[],[],[],[],[],[],[],[],[],[],[],[],[],[],[],[],[],[],[],[],[],[],[],[],[],[],[],[],[],[],[],[],[],[],[],[],[],[],[],[],[],[],[],[],[],[],[],[],[],[],[],[],[]],"neow_costs_skipped_log":["NONE","NONE","NONE"],"gold_per_floor":[111,122,141,10,27,27,46,77,153,181,200,200,216,241,241,315,315,327,339,339,355,386,386,414,434,434,462,126,126,26,61,61,135,135,146,157,170,170,170,203,203,218,290,290,309,184,209,237,237,237,237,237,237,18,49,49],"floor_reached":57,"playtime":5833,"items_purged":["Defend_P","Strike_P","EmptyFist+1"],"score":2984,"play_id":"9ea488c6-2b10-411d-b4db-3c97c8522bae","local_time":"20221101211509","score_breakdown":["Floors Climbed (57): 285","Enemies Slain (16): 32","Exordium Elites Killed (3): 30","City Elites Killed (3): 60","Beyond Elites Killed (2): 60","Bosses Slain (5): 750","Champion (3): 75","Perfect (1): 50","C-c-c-combo: 25","Ascension (20): 1367","Heartbreaker: 250"],"is_ascension_mode":true,"potions_obtained_alchemize":[[],[],[],[],[],[],[],[],[],[],[],[],[],[],[],[],[],[],[],[],[],[],[],[],[],[],[],[],[],[],[],[],[],[],[],[],[],[],[],[],[],[],[],[],[],[],[],[],[],[],[],[],[],[],[],[],[]],"campfire_choices":[{"data":"Eruption","floor":6,"key":"SMITH"},{"data":"EmptyFist","floor":15,"key":"SMITH"},{"floor":23,"key":"REST"},{"data":"Perseverance","floor":32,"key":"PURGE"},{"data":"FlyingSleeves","floor":41,"key":"PURGE"},{"floor":49,"key":"RECALL"},{"data":"FlurryOfBlows+1","floor":53,"key":"PURGE"}],"lesson_learned_per_floor":[[],[],[],[],[],[],[],[],[],[],[],[],[],[],[],[],[],[],[],[],[],[],[],[],[],[],[],[],[],[],[],[],[],[],[],[],[],[],[],[],[],[],[],[],[],[],[],[],[],[],[],[],[],[],[],[],[]],"neow_cost":"PERCENT_DAMAGE","improvable_cards":{},"seed_source_timestamp":5016080804123,"shop_contents":[{"floor":4,"relics":["Turnip","Oddly Smooth Stone","TheAbacus"],"cards":["JustLucky","CutThroughFate","DeceiveReality","Wish","BattleHymn","Swift Strike","Secret Weapon"],"potions":["BottledMiracle","PowerPotion"]},{"floor":28,"relics":["Ginger","Orrery"],"cards":["FollowUp","SignatureMove","Halt","EmptyBody","Study","Purity","Apotheosis"],"potions":["Swift Potion","Dexterity Potion","DuplicationPotion"]},{"floor":30,"relics":["Art of War","Ancient Tea Set","HandDrill"],"cards":["LessonLearned","FlyingSleeves","WreathOfFlame","ClearTheMind","MentalFortress","Bandage Up","Sadistic Nature"],"potions":["Energy Potion","Fruit Juice","FearPotion"]},{"floor":46,"relics":["Orichalcum","Sundial","Sling"],"cards":["FlurryOfBlows","CrushJoints","Crescendo","EmptyBody","Adaptation","Madness","Metamorphosis"],"potions":["Energy Potion","BottledMiracle","EssenceOfSteel"]},{"floor":54,"relics":["Happy Flower","TungstenRod"],"cards":["Consecrate","WheelKick","Halt","Sanctity","LikeWater","Dramatic Entrance","The Bomb"],"potions":["EssenceOfSteel","EssenceOfSteel"]}],"circlet_count":0,"master_deck":["AscendersBane","Eruption+1","Vigilance","CutThroughFate+1","Crescendo","MentalFortress","TalkToTheHand","Wallop","MentalFortress","InnerPeace","Adaptation","Vault","FearNoEvil+1"],"potion_use_per_floor":[[],[],[],[],["Explosive Potion"],[],[],[],[],["AttackPotion"],[],[],[],["Fire Potion"],[],[],[],[],[],[],[],[],[],[],[],[],[],[],[],[],[],[],[],[],[],[],[],[],[],[],[],[],[],[],[],[],[],[],[],[],[],[],[],[],[],["Weak Potion"],[]],"relics":["PureWater","Blood Vial","Pantograph","Prayer Wheel","Regal Pillow","Fusion Hammer","Red Mask","CaptainsWheel","Shuriken","Peace Pipe","Gambling Chip","Pen Nib","SlaversCollar","Whetstone","Toy Ornithopter","Mummified Hand","Medical Kit"],"potions_floor_usage":[5,10,14,56],"damage_taken":[{"damage":2,"enemies":"Cultist","floor":1,"turns":3},{"damage":2,"enemies":"Jaw Worm","floor":2,"turns":2},{"damage":0,"enemies":"2 Louse","floor":3,"turns":3},{"damage":0,"enemies":"Gremlin Gang","floor":5,"turns":2},{"damage":0,"enemies":"Exordium Thugs","floor":7,"turns":2},{"damage":5,"enemies":"Lagavulin","floor":8,"turns":5},{"damage":6,"enemies":"Gremlin Nob","floor":10,"turns":3},{"damage":0,"enemies":"Large Slime","floor":11,"turns":3},{"damage":4,"enemies":"Looter","floor":13,"turns":4},{"damage":15,"enemies":"3 Sentries","floor":14,"turns":4},{"damage":14,"enemies":"The Guardian","floor":16,"turns":10},{"damage":8,"enemies":"3 Byrds","floor":18,"turns":6},{"damage":18,"enemies":"Shell Parasite","floor":19,"turns":3},{"damage":0,"enemies":"Snecko","floor":21,"turns":3},{"damage":12,"enemies":"Masked Bandits","floor":22,"turns":4},{"damage":32,"enemies":"Gremlin Leader","floor":24,"turns":5},{"damage":0,"enemies":"Cultist and Chosen","floor":25,"turns":5},{"damage":0,"enemies":"Book of Stabbing","floor":27,"turns":4},{"damage":4,"enemies":"Slavers","floor":31,"turns":4},{"damage":0,"enemies":"Automaton","floor":33,"turns":5},{"damage":0,"enemies":"Orb Walker","floor":35,"turns":4},{"damage":9,"enemies":"3 Darklings","floor":36,"turns":4},{"damage":13,"enemies":"4 Shapes","floor":37,"turns":5},{"damage":9,"enemies":"Giant Head","floor":40,"turns":4},{"damage":0,"enemies":"Transient","floor":42,"turns":6},{"damage":0,"enemies":"Writhing Mass","floor":45,"turns":3},{"damage":0,"enemies":"Reptomancer","floor":48,"turns":3},{"damage":18,"enemies":"Time Eater","floor":50,"turns":7},{"damage":10,"enemies":"Awakened One","floor":51,"turns":4},{"damage":0,"enemies":"Shield and Spear","floor":55,"turns":2},{"damage":48,"enemies":"The Heart","floor":56,"turns":9}],"green_key_taken_log":31,"seed_played":"3453517608880859334","neow_bonus_log":{"cardsObtained":["Perseverance","CutThroughFate"],"cardsUpgraded":[],"cardsRemoved":[],"cardsTransformed":["Defend_P","Defend_P"],"relicsObtained":[],"maxHpGained":0,"goldGained":0,"damageTaken":18,"goldLost":0,"maxHpLost":0},"potions_obtained":[{"floor":2,"key":"Fire Potion"},{"floor":7,"key":"SpeedPotion"},{"floor":8,"key":"AttackPotion"},{"floor":22,"key":"SmokeBomb"},{"floor":24,"key":"BottledMiracle"},{"floor":48,"key":"Energy Potion"}],"is_trial":false,"path_per_floor":["M","M","M","$","M","R","M","E","T","E","M","?","M","E","R","B",null,"M","M","?","M","?","R","E","M","T","E","$","?","$","E","R","B",null,"M","M","M","?","?","E","R","M","T","?","M","$","T","E","R","B","B",null,"R","$","E","B",null],"character_chosen":"WATCHER","items_purchased":["Explosive Potion","Gambling Chip","Weak Potion","Medical Kit"],"campfire_rested":1,"item_purchase_floors":[4,28,54,54],"current_hp_per_floor":[41,39,39,39,39,39,39,34,34,30,32,32,30,17,17,30,59,53,37,37,39,29,64,34,36,36,38,38,38,38,36,36,63,67,68,59,48,48,38,31,31,33,33,33,35,35,35,37,37,46,55,63,63,63,65,22],"gold":49,"neow_bonus":"TRANSFORM_TWO_CARDS","is_prod":false,"is_daily":false,"rewards_skipped":[{"floor":33,"relics":[],"potions":["EssenceOfSteel"]},{"floor":35,"relics":[],"potions":["BottledMiracle"]},{"floor":45,"relics":[],"potions":["FearPotion"]},{"floor":55,"relics":["Bottled Flame"],"potions":[]}],"chose_seed":false,"campfire_upgraded":2,"win_rate":0,"floor_exit_playtime":[125,191,235,293,354,360,398,571,583,960,1092,1131,1217,1416,1432,1656,1768,1921,2002,2029,2087,2551,2559,2831,3009,3022,3130,3159,3175,3202,3427,3437,3585,3730,3812,3970,4101,4140,4190,4298,4322,4565,4569,4576,4677,4862,4868,4954,4962,5251,5408,5419,5461,5506,5654,5833],"timestamp":1667351709,"blue_key_relic_skipped_log":{"floor":43,"relicID":"Bottled Lightning"},"path_taken":["M","M","M","$","?","R","M","E","T","E","M","?","M","E","R","BOSS","M","M","?","M","?","R","E","M","T","E","$","?","$","E","R","BOSS","M","M","?","?","?","E","R","M","T","?","M","$","?","E","R","BOSS","BOSS","R","$","E","BOSS"],"build_version":"2022-10-04","purchased_purges":3,"victory":true,"max_hp_per_floor":[68,68,68,68,68,68,68,68,68,68,68,68,68,68,68,68,68,68,68,68,68,68,68,68,68,68,68,68,68,68,68,68,68,68,68,68,68,65,65,65,65,65,65,65,65,65,65,65,65,65,65,65,65,65,65,65],"relic_stats":{"Regal Pillow":15,"counters":[31,131],"Pen Nib":[30],"Whetstone":["FlurryOfBlows","CutThroughFate"],"Medical Kit":[2],"Blood Vial":43,"Peace Pipe":3,"Shuriken":[90],"Mummified Hand":[14],"Pantograph":94,"Gambling Chip":[25],"Prayer Wheel":11,"PureWater":[25],"obtain_stats":[{"Regal Pillow":14,"Pen Nib":31,"Whetstone":40,"Medical Kit":54,"Blood Vial":8,"Peace Pipe":27,"SlaversCollar":34,"CaptainsWheel":24,"Shuriken":26,"Mummified Hand":48,"Pantograph":9,"Gambling Chip":28,"Prayer Wheel":10,"Fusion Hammer":17,"Red Mask":22,"PureWater":0,"Toy Ornithopter":47},{"Regal Pillow":10,"Pen Nib":19,"Whetstone":24,"Medical Kit":29,"Blood Vial":6,"Peace Pipe":18,"SlaversCollar":20,"CaptainsWheel":16,"Shuriken":17,"Mummified Hand":27,"Pantograph":6,"Gambling Chip":18,"Prayer Wheel":7,"Fusion Hammer":11,"Red Mask":15,"PureWater":0,"Toy Ornithopter":26},{"Regal Pillow":31,"Pen Nib":75,"Whetstone":97,"Medical Kit":120,"Blood Vial":17,"Peace Pipe":71,"SlaversCollar":80,"CaptainsWheel":62,"Shuriken":67,"Mummified Hand":109,"Pantograph":17,"Gambling Chip":71,"Prayer Wheel":20,"Fusion Hammer":41,"Red Mask":57,"PureWater":0,"Toy Ornithopter":106}],"Toy Ornithopter":5},"card_choices":[{"not_picked":["PathToVictory","BowlingBash"],"picked":"EmptyFist","floor":1},{"not_picked":["PathToVictory","Worship","BowlingBash"],"picked":"SKIP","floor":2},{"not_picked":["ClearTheMind","FollowUp"],"picked":"Crescendo","floor":3},{"not_picked":["Perseverance","Wish","PathToVictory"],"picked":"SKIP","floor":5},{"not_picked":["Protect","PathToVictory"],"picked":"MentalFortress","floor":7},{"not_picked":["LikeWater","JustLucky","EmptyBody"],"picked":"SKIP","floor":8},{"not_picked":["LikeWater","JustLucky","EmptyBody"],"picked":"SKIP","floor":8},{"not_picked":["Evaluate","CarveReality","Fasting2"],"picked":"SKIP","floor":10},{"not_picked":["FlyingSleeves","ThirdEye"],"picked":"TalkToTheHand","floor":11},{"not_picked":["Protect","ClearTheMind","TalkToTheHand"],"picked":"SKIP","floor":11},{"not_picked":["DeusExMachina","CutThroughFate","Study"],"picked":"SKIP","floor":13},{"not_picked":["Sanctity","JustLucky","Study"],"picked":"SKIP","floor":13},{"not_picked":["Consecrate","Alpha"],"picked":"FlurryOfBlows","floor":14},{"not_picked":["BowlingBash","WreathOfFlame","JustLucky+1"],"picked":"SKIP","floor":18},{"not_picked":["Evaluate","FlurryOfBlows","Halt"],"picked":"SKIP","floor":18},{"not_picked":["Prostrate","Alpha","BowlingBash"],"picked":"SKIP","floor":19},{"not_picked":["Prostrate","FlyingSleeves","Swivel"],"picked":"SKIP","floor":19},{"not_picked":["WaveOfTheHand","JustLucky"],"picked":"MentalFortress","floor":21},{"not_picked":["Halt+1","BowlingBash","JustLucky"],"picked":"SKIP","floor":21},{"not_picked":["WaveOfTheHand","Halt","ClearTheMind"],"picked":"SKIP","floor":22},{"not_picked":["Prostrate","Swivel","EmptyFist+1"],"picked":"SKIP","floor":24},{"not_picked":["PathToVictory","BattleHymn"],"picked":"InnerPeace","floor":25},{"not_picked":["EmptyFist","Prostrate","EmptyBody"],"picked":"SKIP","floor":25},{"not_picked":["EmptyFist","Prostrate","EmptyBody"],"picked":"SKIP","floor":25},{"not_picked":["JustLucky","Halt","ClearTheMind"],"picked":"SKIP","floor":31},{"not_picked":["JustLucky","Halt","ClearTheMind"],"picked":"SKIP","floor":31},{"not_picked":["Meditate","Crescendo"],"picked":"Adaptation","floor":35},{"not_picked":["EmptyBody","Sanctity+1","Crescendo"],"picked":"SKIP","floor":35},{"not_picked":["Evaluate","EmptyBody"],"picked":"Vault","floor":36},{"not_picked":["Consecrate+1","FollowUp+1","EmptyBody"],"picked":"SKIP","floor":36},{"not_picked":["TalkToTheHand+1","Swivel","BattleHymn"],"picked":"SKIP","floor":37},{"not_picked":["CrushJoints+1","WaveOfTheHand+1","Evaluate"],"picked":"SKIP","floor":37},{"not_picked":["Metamorphosis","Jack Of All Trades","Swift Strike"],"picked":"SKIP","floor":39},{"not_picked":["HandOfGreed","Bandage Up","Trip"],"picked":"SKIP","floor":39},{"not_picked":["Impatience","Dark Shackles","Panacea"],"picked":"SKIP","floor":39},{"not_picked":["Sanctity","DeceiveReality","CrushJoints"],"picked":"SKIP","floor":40},{"not_picked":["Pray","FearNoEvil+1","Prostrate"],"picked":"SKIP","floor":42},{"not_picked":["ClearTheMind","SashWhip","CutThroughFate"],"picked":"SKIP","floor":42},{"not_picked":["Pray","FearNoEvil+1","Prostrate"],"picked":"SKIP","floor":42},{"not_picked":["ClearTheMind","SashWhip","CutThroughFate"],"picked":"SKIP","floor":42},{"not_picked":["DeceiveReality","CutThroughFate","Evaluate"],"picked":"SKIP","floor":45},{"not_picked":["Establishment","Crescendo","FearNoEvil"],"picked":"SKIP","floor":45},{"not_picked":["SashWhip","ForeignInfluence","SignatureMove"],"picked":"SKIP","floor":48},{"not_picked":["Blasphemy","WreathOfFlame"],"picked":"FearNoEvil+1","floor":55}],"player_experience":4327442,"relics_obtained":[{"floor":8,"key":"Blood Vial"},{"floor":9,"key":"Pantograph"},{"floor":10,"key":"Prayer Wheel"},{"floor":14,"key":"Regal Pillow"},{"floor":22,"key":"Red Mask"},{"floor":24,"key":"CaptainsWheel"},{"floor":26,"key":"Shuriken"},{"floor":27,"key":"Peace Pipe"},{"floor":31,"key":"Pen Nib"},{"floor":40,"key":"Whetstone"},{"floor":47,"key":"Toy Ornithopter"},{"floor":48,"key":"Mummified Hand"}],"event_choices":[{"cards_removed":["Defend_P"],"damage_healed":0,"gold_gain":0,"player_choice":"Forget","damage_taken":0,"max_hp_gain":0,"max_hp_loss":0,"event_name":"Living Wall","floor":12,"gold_loss":0},{"damage_healed":0,"gold_gain":0,"cards_transformed":["Strike_P","Strike_P"],"player_choice":"Became Test Subject","damage_taken":0,"max_hp_gain":0,"max_hp_loss":0,"event_name":"Drug Dealer","floor":20,"gold_loss":0,"cards_obtained":["FlyingSleeves","Wallop"]},{"damage_healed":0,"gold_gain":0,"player_choice":"Fought Bandits","damage_taken":0,"max_hp_gain":0,"max_hp_loss":0,"event_name":"Masked Bandits","floor":22,"gold_loss":0},{"cards_removed":["Strike_P"],"damage_healed":0,"gold_gain":0,"player_choice":"Offered Basic","damage_taken":0,"max_hp_gain":0,"max_hp_loss":0,"event_name":"Bonfire Elementals","floor":29,"gold_loss":0},{"damage_healed":0,"gold_gain":0,"player_choice":"Max HP","damage_taken":0,"max_hp_gain":0,"max_hp_loss":3,"event_name":"Winding Halls","floor":38,"gold_loss":0},{"damage_healed":0,"gold_gain":0,"player_choice":"Memory 3","damage_taken":10,"max_hp_gain":0,"max_hp_loss":0,"event_name":"SensoryStone","floor":39,"gold_loss":0},{"damage_healed":0,"gold_gain":0,"player_choice":"Ignored","damage_taken":0,"max_hp_gain":0,"max_hp_loss":0,"event_name":"Mysterious Sphere","floor":44,"gold_loss":0}],"is_beta":false,"boss_relics":[{"not_picked":["Snecko Eye","Cursed Key"],"picked":"Fusion Hammer"},{"not_picked":["Runic Dome","Velvet Choker"],"picked":"SlaversCollar"}],"items_purged_floors":[4,30,46],"is_endless":false,"potions_floor_spawned":[2,7,8,22,24,33,35,45,48],"ascension_level":20,"potion_discard_per_floor":[[],[],[],[],[],[],[],["SpeedPotion"],[],[],[],[],[],[],[],[],[],[],[],[],[],[],[],[],[],[],[],[],[],[],[],[],[],[],[],[],[],[],[],[],[],[],[],[],[],[],[],["SmokeBomb"],[],[],[],[],[],["Energy Potion"],[],[],[]]}