{"neow_bonuses_skipped_log":["RANDOM_COLORLESS","RANDOM_COLORLESS_2","BOSS_RELIC"],"neow_costs_skipped_log":["NONE","NO_GOLD","NONE"],"potions_obtained_entropic_brew":[[],[],[],[],[],[],[],[],[],[],[],[],[],[],[],[],[],[],[],[],[],[],[],[],[],[],[],[],[],[],[],[],[],[],[],[],[],[],[],[],[],[],[],[],[],[],[],[],[],[],[],[],[],[],[],[],[]],"gold_per_floor":[111,121,121,121,35,35,54,84,84,94,123,142,170,245,245,319,319,339,183,183,183,198,232,232,44,44,44,57,82,100,130,130,207,207,227,121,146,146,146,174,174,202,226,243,243,274,274,293,293,293,293,293,293,7,32,32],"floor_reached":57,"playtime":3320,"items_purged":["Defend_P","Defend_P","WreathOfFlame+1"],"score":3453,"play_id":"c58632be-fa80-4e95-bf5a-0cd9dd001d6e","local_time":"20221116180049","score_breakdown":["Floors Climbed (57): 285","Enemies Slain (12): 24","Exordium Elites Killed (3): 30","City Elites Killed (3): 60","Beyond Elites Killed (3): 90","Bosses Slain (5): 750","Speedster: 25","Champion (5): 125","Beyond Perfect: 200","C-c-c-combo: 25","Ascension (20): 1589","Heartbreaker: 250"],"is_ascension_mode":true,"potions_obtained_alchemize":[[],[],[],[],[],[],[],[],[],[],[],[],[],[],[],[],[],[],[],[],[],[],[],[],[],[],[],[],[],[],[],[],[],[],[],[],[],[],[],[],[],[],[],[],[],[],[],[],[],[],[],[],[],[],[],[],[]],"campfire_choices":[{"data":"Eruption","floor":6,"key":"SMITH"},{"data":"CutThroughFate","floor":15,"key":"SMITH"},{"data":"Adaptation","floor":24,"key":"SMITH"},{"data":"Tantrum","floor":27,"key":"SMITH"},{"data":"MentalFortress","floor":32,"key":"SMITH"},{"floor":45,"key":"RECALL"},{"data":"Adaptation","floor":49,"key":"SMITH"},{"data":"TalkToTheHand","floor":53,"key":"SMITH"}],"lesson_learned_per_floor":[[],[],[],[],[],[],[],[],[],[],[],[],[],[],[],[],[],[],[],[],[],[],[],[],[],[],[],[],[],[],[],[],[],[],[],[],[],[],[],[],[],[],[],[],[],[],[],[],[],[],[],[],[],[],[],[],[]],"neow_cost":"NONE","improvable_cards":{},"seed_source_timestamp":3978035112333,"shop_contents":[{"floor":5,"relics":["Pen Nib","Matryoshka","Melange"],"cards":["LessonLearned","SignatureMove","Vengeance","EmptyBody","Panacea","Master of Strategy"],"potions":["SteroidPotion","SpeedPotion","DistilledChaos"]},{"floor":19,"relics":["Molten Egg 2","Thread and Needle","Orrery"],"cards":["BowlingBash","Indignation+1","Blasphemy+1","Wireheading","Dark Shackles+1","Violence+1"],"potions":["Strength Potion","SneckoOil","SneckoOil"]},{"floor":25,"relics":["Blue Candle","Ice Cream","Sling"],"cards":["FlyingSleeves","Vengeance+1","Perseverance+1","MentalFortress","Dark Shackles+1","Mayhem"],"potions":["SpeedPotion","Block Potion","SkillPotion"]},{"floor":36,"relics":["Mummified Hand","Letter Opener","Cauldron"],"cards":["Brilliance","Weave","WaveOfTheHand+1","Vault+1","DevaForm","Secret Technique+1"],"potions":["ColorlessPotion","CultistPotion","Dexterity Potion"]},{"floor":54,"relics":["Blood Vial","GoldenEye"],"cards":["BowlingBash","Brilliance","Perseverance+1","PathToVictory+1","Nirvana","Dramatic Entrance","Magnetism"],"potions":["Explosive Potion","SteroidPotion","AttackPotion"]}],"circlet_count":0,"master_deck":["AscendersBane","Strike_P+1","Eruption+1","Vigilance","TalkToTheHand+1","CutThroughFate+1","Adaptation+1","TalkToTheHand+1","Weave","MentalFortress+1","Vault+1","Tantrum+1","ClearTheMind+1","FearNoEvil","Omniscience+1","Pray+1","FollowUp+1","Weave+1","Purity+1","PanicButton+1","Master of Strategy+1","Prostrate+1","Adaptation+1"],"potion_use_per_floor":[[],[],[],[],[],[],[],[],[],[],["Explosive Potion"],[],["GamblersBrew"],[],[],[],[],[],[],[],[],[],["SkillPotion"],[],[],[],[],[],[],[],[],[],[],[],[],[],[],[],[],[],[],[],[],[],[],[],[],[],[],[],[],[],[],[],[],["Strength Potion","Strength Potion"],[]],"relics":["PureWater","Vajra","Eternal Feather","Nunchaku","Gremlin Horn","Toxic Egg 2","Runic Pyramid","Anchor","Darkstone Periapt","Whetstone","Astrolabe","CaptainsWheel","Pantograph","Ancient Tea Set","Happy Flower","Gambling Chip","OrangePellets","Pocketwatch"],"potions_floor_usage":[11,13,23,56,56],"damage_taken":[{"damage":4,"enemies":"2 Louse","floor":1,"turns":3},{"damage":0,"enemies":"Cultist","floor":2,"turns":2},{"damage":0,"enemies":"Small Slimes","floor":7,"turns":2},{"damage":12,"enemies":"Gremlin Nob","floor":8,"turns":3},{"damage":0,"enemies":"Exordium Wildlife","floor":10,"turns":2},{"damage":15,"enemies":"3 Sentries","floor":11,"turns":4},{"damage":6,"enemies":"Exordium Thugs","floor":12,"turns":4},{"damage":0,"enemies":"Gremlin Nob","floor":13,"turns":3},{"damage":0,"enemies":"Slime Boss","floor":16,"turns":4},{"damage":20,"enemies":"2 Thieves","floor":18,"turns":3},{"damage":0,"enemies":"Spheric Guardian","floor":22,"turns":2},{"damage":5,"enemies":"Slavers","floor":23,"turns":4},{"damage":8,"enemies":"Snake Plant","floor":28,"turns":3},{"damage":0,"enemies":"Book of Stabbing","floor":29,"turns":4},{"damage":0,"enemies":"3 Cultists","floor":30,"turns":3},{"damage":18,"enemies":"Gremlin Leader","floor":31,"turns":3},{"damage":8,"enemies":"Champ","floor":33,"turns":7},{"damage":6,"enemies":"3 Shapes","floor":35,"turns":4},{"damage":0,"enemies":"Mind Bloom Boss Battle","floor":37,"turns":4},{"damage":0,"enemies":"Reptomancer","floor":40,"turns":4},{"damage":9,"enemies":"Nemesis","floor":42,"turns":4},{"damage":0,"enemies":"3 Darklings","floor":44,"turns":3},{"damage":0,"enemies":"Reptomancer","floor":46,"turns":3},{"damage":0,"enemies":"4 Shapes","floor":48,"turns":3},{"damage":0,"enemies":"Awakened One","floor":50,"turns":4},{"damage":0,"enemies":"Donu and Deca","floor":51,"turns":5},{"damage":0,"enemies":"Shield and Spear","floor":55,"turns":4},{"damage":21,"enemies":"The Heart","floor":56,"turns":9}],"green_key_taken_log":23,"seed_played":"-862662590911453136","neow_bonus_log":{"cardsObtained":[],"cardsUpgraded":[],"cardsRemoved":[],"cardsTransformed":[],"relicsObtained":["Vajra"],"maxHpGained":0,"goldGained":0,"damageTaken":0,"goldLost":0,"maxHpLost":0},"potions_obtained":[{"floor":2,"key":"GamblersBrew"},{"floor":8,"key":"Explosive Potion"},{"floor":11,"key":"Fire Potion"},{"floor":16,"key":"SkillPotion"},{"floor":29,"key":"Energy Potion"},{"floor":31,"key":"Strength Potion"},{"floor":44,"key":"Strength Potion"}],"is_trial":false,"path_per_floor":["M","M","?","?","$","R","M","E","T","M","E","M","E","?","R","B",null,"M","$","?","?","M","E","R","$","T","R","M","E","M","E","R","B",null,"M","$","?","?","T","E","?","E","T","M","R","E","?","M","R","B","B",null,"R","$","E","B",null],"character_chosen":"WATCHER","items_purchased":["Adaptation","Tantrum","FearNoEvil","Purity+1","OrangePellets"],"campfire_rested":0,"item_purchase_floors":[5,19,25,36,54],"current_hp_per_floor":[57,57,50,50,50,50,50,38,38,38,23,17,17,6,15,15,55,35,35,35,31,31,26,35,35,35,44,36,36,36,18,27,19,56,50,50,50,40,40,40,40,31,31,31,43,43,43,43,55,68,68,68,68,68,68,47],"gold":32,"neow_bonus":"RANDOM_COMMON_RELIC","is_prod":false,"is_daily":false,"rewards_skipped":[{"floor":22,"relics":[],"potions":["BottledMiracle"]},{"floor":39,"relics":["Bottled Flame"],"potions":[]},{"floor":55,"relics":[],"potions":["PowerPotion"]}],"chose_seed":false,"campfire_upgraded":7,"win_rate":0,"floor_exit_playtime":[205,241,246,263,288,295,315,365,368,444,529,591,642,649,667,791,813,920,970,985,994,1035,1215,1227,1238,1245,1266,1306,1354,1423,1509,1515,1655,1727,1825,1869,1982,2019,2039,2157,2160,2268,2271,2331,2335,2425,2441,2555,2561,2714,2902,2914,2923,2948,3073,3320],"timestamp":1668639649,"blue_key_relic_skipped_log":{"floor":26,"relicID":"StoneCalendar"},"path_taken":["M","M","?","?","$","R","M","E","T","M","E","?","E","?","R","BOSS","M","$","?","?","M","E","R","$","T","R","M","E","M","E","R","BOSS","M","$","?","?","?","E","?","E","T","M","R","E","?","M","R","BOSS","BOSS","R","$","E","BOSS"],"build_version":"2022-10-04","purchased_purges":3,"victory":true,"max_hp_per_floor":[68,68,68,68,68,68,68,68,68,68,68,68,68,68,68,68,68,68,68,68,68,68,68,68,68,68,68,68,68,68,68,68,68,68,68,68,68,68,68,68,68,68,68,68,68,68,68,68,68,68,68,68,68,68,68,68],"relic_stats":{"Darkstone Periapt":0,"Gremlin Horn":[30,31],"Happy Flower":[10],"counters":[28,103],"Astrolabe":["Pray","FollowUp","Weave"],"Eternal Feather":60,"Whetstone":["TalkToTheHand","Strike_P"],"Ancient Tea Set":[6],"OrangePellets":[3],"Nunchaku":[40],"Pantograph":13,"Gambling Chip":[9],"PureWater":[19],"obtain_stats":[{"Darkstone Periapt":29,"Gremlin Horn":11,"Happy Flower":43,"Astrolabe":34,"Vajra":0,"Eternal Feather":8,"Whetstone":31,"Ancient Tea Set":42,"OrangePellets":54,"Nunchaku":9,"Anchor":23,"CaptainsWheel":37,"Pantograph":40,"Gambling Chip":46,"PureWater":0,"Toxic Egg 2":13,"Runic Pyramid":17,"Pocketwatch":55},{"Darkstone Periapt":14,"Gremlin Horn":6,"Happy Flower":21,"Astrolabe":17,"Vajra":0,"Eternal Feather":4,"Whetstone":16,"Ancient Tea Set":21,"OrangePellets":26,"Nunchaku":4,"Anchor":12,"CaptainsWheel":19,"Pantograph":20,"Gambling Chip":23,"PureWater":0,"Toxic Egg 2":8,"Runic Pyramid":9,"Pocketwatch":27},{"Darkstone Periapt":43,"Gremlin Horn":16,"Happy Flower":72,"Astrolabe":56,"Vajra":0,"Eternal Feather":10,"Whetstone":49,"Ancient Tea Set":72,"OrangePellets":90,"Nunchaku":10,"Anchor":36,"CaptainsWheel":64,"Pantograph":68,"Gambling Chip":78,"PureWater":0,"Toxic Egg 2":23,"Runic Pyramid":27,"Pocketwatch":94}],"Pocketwatch":[2]},"card_choices":[{"not_picked":["Consecrate","CrushJoints"],"picked":"TalkToTheHand","floor":1},{"not_picked":["Halt","FlyingSleeves"],"picked":"CutThroughFate","floor":2},{"not_picked":["Crescendo","DeceiveReality","ThirdEye"],"picked":"SKIP","floor":7},{"not_picked":["PathToVictory","Nirvana"],"picked":"TalkToTheHand","floor":8},{"not_picked":["EmptyBody","WindmillStrike"],"picked":"Weave","floor":10},{"not_picked":["Pray","Perseverance"],"picked":"MentalFortress","floor":11},{"not_picked":["JustLucky","EmptyFist","ThirdEye"],"picked":"SKIP","floor":12},{"not_picked":["SignatureMove","Consecrate","Blasphemy+1"],"picked":"SKIP","floor":13},{"not_picked":["Scrawl+1","Establishment"],"picked":"Vault+1","floor":16},{"not_picked":["Consecrate","FollowUp+1","FlyingSleeves"],"picked":"SKIP","floor":18},{"not_picked":["Collect+1","FlurryOfBlows"],"picked":"ClearTheMind+1","floor":22},{"not_picked":["SashWhip","Tantrum","EmptyBody+1"],"picked":"SKIP","floor":23},{"not_picked":["Crescendo+1","Evaluate+1","SashWhip"],"picked":"SKIP","floor":28},{"not_picked":["FearNoEvil","BattleHymn","FollowUp"],"picked":"SKIP","floor":29},{"not_picked":["ClearTheMind+1","BowlingBash"],"picked":"Omniscience+1","floor":30},{"not_picked":["PathToVictory+1","FlyingSleeves","EmptyBody+1"],"picked":"SKIP","floor":31},{"not_picked":["FlurryOfBlows","Consecrate+1","FlyingSleeves"],"picked":"SKIP","floor":35},{"not_picked":["Protect+1","PathToVictory+1","Adaptation"],"picked":"SKIP","floor":37},{"not_picked":["Bandage Up+1","Sadistic Nature"],"picked":"PanicButton+1","floor":38},{"not_picked":["Dark Shackles+1","Discovery+1"],"picked":"Master of Strategy+1","floor":38},{"not_picked":["Chrysalis+1","Violence+1","Dramatic Entrance"],"picked":"SKIP","floor":38},{"not_picked":["PathToVictory+1","EmptyBody+1"],"picked":"Prostrate+1","floor":40},{"not_picked":["Crescendo+1","Weave+1","JustLucky"],"picked":"SKIP","floor":42},{"not_picked":["Evaluate+1","EmptyBody+1","ClearTheMind+1"],"picked":"SKIP","floor":44},{"not_picked":["JustLucky+1","Prostrate+1","WaveOfTheHand+1"],"picked":"SKIP","floor":46},{"not_picked":["SashWhip","Collect+1"],"picked":"Adaptation","floor":48},{"not_picked":["Protect+1","Crescendo+1","Conclude"],"picked":"SKIP","floor":55}],"player_experience":4455847,"relics_obtained":[{"floor":8,"key":"Eternal Feather"},{"floor":9,"key":"Nunchaku"},{"floor":11,"key":"Gremlin Horn"},{"floor":13,"key":"Toxic Egg 2"},{"floor":23,"key":"Anchor"},{"floor":29,"key":"Darkstone Periapt"},{"floor":31,"key":"Whetstone"},{"floor":37,"key":"CaptainsWheel"},{"floor":40,"key":"Pantograph"},{"floor":42,"key":"Ancient Tea Set"},{"floor":43,"key":"Happy Flower"},{"floor":46,"key":"Gambling Chip"},{"floor":55,"key":"Pocketwatch"}],"event_choices":[{"cards_removed":["Defend_P"],"damage_healed":0,"gold_gain":0,"player_choice":"Card Removal","damage_taken":7,"max_hp_gain":0,"max_hp_loss":0,"event_name":"Golden Wing","floor":3,"gold_loss":0},{"damage_healed":0,"gold_gain":0,"player_choice":"0 cards matched","damage_taken":0,"max_hp_gain":0,"max_hp_loss":0,"event_name":"Match and Keep!","floor":4,"gold_loss":0,"cards_obtained":[]},{"damage_healed":0,"gold_gain":75,"player_choice":"Gather Gold","damage_taken":11,"max_hp_gain":0,"max_hp_loss":0,"event_name":"World of Goop","floor":14,"gold_loss":0},{"damage_healed":0,"gold_gain":0,"player_choice":"Ignored","damage_taken":0,"max_hp_gain":0,"max_hp_loss":0,"event_name":"Cursed Tome","floor":20,"gold_loss":0},{"damage_healed":0,"gold_gain":0,"player_choice":"Bought 0 Potions","damage_taken":0,"max_hp_gain":0,"max_hp_loss":0,"event_name":"The Woman in Blue","floor":21,"gold_loss":0},{"damage_healed":0,"gold_gain":0,"player_choice":"Fight","damage_taken":0,"max_hp_gain":0,"max_hp_loss":0,"event_name":"MindBloom","floor":37,"gold_loss":0},{"damage_healed":0,"gold_gain":0,"player_choice":"Memory 3","damage_taken":10,"max_hp_gain":0,"max_hp_loss":0,"event_name":"SensoryStone","floor":38,"gold_loss":0},{"damage_healed":0,"gold_gain":0,"player_choice":"Ignored","damage_taken":0,"max_hp_gain":0,"max_hp_loss":0,"event_name":"Tomb of Lord Red Mask","floor":41,"gold_loss":0},{"damage_healed":0,"gold_gain":0,"cards_transformed":["Strike_P"],"player_choice":"Transformed","damage_taken":0,"max_hp_gain":0,"max_hp_loss":0,"event_name":"Transmorgrifier","floor":47,"gold_loss":0,"cards_obtained":["WreathOfFlame"]}],"is_beta":false,"boss_relics":[{"not_picked":["Velvet Choker","VioletLotus"],"picked":"Runic Pyramid"},{"not_picked":["Sozu","SlaversCollar"],"picked":"Astrolabe"}],"items_purged_floors":[19,25,54],"is_endless":false,"potions_floor_spawned":[2,8,11,16,22,29,31,44,55],"ascension_level":20,"potion_discard_per_floor":[[],[],[],[],[],[],[],[],[],[],[],[],[],[],[],[],[],[],[],[],[],[],[],[],[],[],[],[],[],[],["Energy Potion"],[],[],[],[],[],[],[],[],[],[],[],[],["Fire Potion"],[],[],[],[],[],[],[],[],[],[],[],[],[]]}