{"neow_bonuses_skipped_log":["THREE_CARDS","THREE_SMALL_POTIONS","THREE_RARE_CARDS"],"neow_costs_skipped_log":["NONE","NONE","CURSE"],"potions_obtained_entropic_brew":[[],[],[],[],[],[],[],[],[],[],[],[],[],[],[],[],[],[],[],[],[],[],[]],"gold_per_floor":[117,127,142,162,237,264,264,290,313,39,39,69,69,86,86,158,158,172,80,80,100,117,117],"floor_reached":23,"playtime":2529,"items_purged":["Establishment"],"score":522,"play_id":"aeb2800d-f17b-482c-9fae-40c0cdf71424","local_time":"20221120165239","score_breakdown":["Floors Climbed (23): 115","Enemies Slain (8): 16","Exordium Elites Killed (3): 30","City Elites Killed (0): 0","Bosses Slain (1): 50","Perfect (1): 50","Ascension (20): 261"],"is_ascension_mode":true,"potions_obtained_alchemize":[[],[],[],[],[],[],[],[],[],[],[],[],[],[],[],[],[],[],[],[],[],[],[]],"campfire_choices":[{"floor":11,"key":"REST"},{"data":"Eruption","floor":13,"key":"SMITH"},{"data":"TalkToTheHand","floor":15,"key":"SMITH"}],"lesson_learned_per_floor":[[],[],[],[],[],[],[],[],[],[],[],[],[],[],[],[],[],[],[],[],["ThirdEye"],[],["FearNoEvil"]],"neow_cost":"NONE","improvable_cards":{},"seed_source_timestamp":10637546430462,"shop_contents":[{"floor":10,"relics":["Happy Flower","Medical Kit"],"cards":["FollowUp","SashWhip","Alpha","Crescendo","BattleHymn","Deep Breath","Panache"],"potions":["BlessingOfTheForge","FearPotion","LiquidBronze"]},{"floor":19,"relics":["Pantograph","Vajra","Melange"],"cards":["FlurryOfBlows","WheelKick","Pray","ClearTheMind","Bandage Up","Mayhem"],"potions":["SkillPotion","Regen Potion","Weak Potion"]}],"circlet_count":0,"master_deck":["AscendersBane","Eruption+1","Vigilance","TalkToTheHand+1","CutThroughFate","TalkToTheHand","SignatureMove","ReachHeaven","LessonLearned","Halt","MentalFortress","Prostrate","WaveOfTheHand","ThirdEye+1","FlurryOfBlows","FearNoEvil+1","Wireheading","Tantrum","CrushJoints+1"],"potion_use_per_floor":[[],[],[],[],[],["Energy Potion"],[],[],[],[],[],[],[],[],[],[],[],[],[],[],[],["LiquidMemories"],["DuplicationPotion"]],"relics":["Velvet Choker","Gambling Chip","Bag of Marbles","Nunchaku","Shuriken","Smiling Mask","Pandora\u0027s Box"],"potions_floor_usage":[6,22,23],"damage_taken":[{"damage":0,"enemies":"2 Louse","floor":1,"turns":2},{"damage":0,"enemies":"Small Slimes","floor":2,"turns":3},{"damage":0,"enemies":"Cultist","floor":3,"turns":2},{"damage":18,"enemies":"Large Slime","floor":4,"turns":5},{"damage":20,"enemies":"3 Sentries","floor":6,"turns":5},{"damage":6,"enemies":"Gremlin Nob","floor":8,"turns":3},{"damage":12,"enemies":"Lagavulin","floor":12,"turns":4},{"damage":0,"enemies":"Blue Slaver","floor":14,"turns":1},{"damage":0,"enemies":"Slime Boss","floor":16,"turns":2},{"damage":13,"enemies":"2 Thieves","floor":18,"turns":4},{"damage":7,"enemies":"3 Byrds","floor":21,"turns":5},{"damage":1,"enemies":"Snake Plant","floor":22,"turns":3},{"damage":44,"enemies":"Slavers","floor":23,"turns":3}],"seed_played":"-8311359602410712501","neow_bonus_log":{"cardsObtained":[],"cardsUpgraded":[],"cardsRemoved":[],"cardsTransformed":[],"relicsObtained":["Velvet Choker"],"maxHpGained":0,"goldGained":0,"damageTaken":0,"goldLost":0,"maxHpLost":0},"potions_obtained":[{"floor":3,"key":"Ancient Potion"},{"floor":4,"key":"Energy Potion"},{"floor":14,"key":"LiquidMemories"},{"floor":16,"key":"DuplicationPotion"}],"is_trial":false,"path_per_floor":["M","M","M","M","?","E","?","E","T","$","R","E","R","M","R","B",null,"M","$","?","M","M","E"],"character_chosen":"WATCHER","items_purchased":["Shuriken","Wireheading"],"campfire_rested":1,"item_purchase_floors":[10,19],"current_hp_per_floor":[61,61,61,43,32,12,12,6,6,6,26,14,14,14,14,14,55,42,42,42,35,34,0],"gold":117,"neow_bonus":"BOSS_RELIC","is_prod":false,"is_daily":false,"rewards_skipped":[],"chose_seed":false,"campfire_upgraded":2,"win_rate":0,"floor_exit_playtime":[100,122,142,268,271,448,476,580,584,607,615,680,694,762,773,859,1062,1231,1299,1412,1716,1920],"timestamp":1668981159,"path_taken":["M","M","M","M","?","E","?","E","T","$","R","E","R","M","R","BOSS","M","$","?","M","?","E"],"build_version":"2022-10-04","purchased_purges":1,"victory":false,"max_hp_per_floor":[68,68,68,68,68,68,68,68,68,68,68,68,68,68,68,68,68,68,68,68,68,68,68],"relic_stats":{"Nunchaku":[5],"counters":[13,42],"Shuriken":[14],"Gambling Chip":[29],"Pandora\u0027s Box":["Halt","MentalFortress","Study","Prostrate","WaveOfTheHand","ThirdEye","FlurryOfBlows"],"Smiling Mask":25,"obtain_stats":[{"Nunchaku":9,"Shuriken":10,"Gambling Chip":6,"Velvet Choker":0,"Pandora\u0027s Box":17,"Bag of Marbles":8,"PureWater":0,"Smiling Mask":12},{"Nunchaku":6,"Shuriken":6,"Gambling Chip":5,"Velvet Choker":0,"Pandora\u0027s Box":9,"Bag of Marbles":6,"PureWater":0,"Smiling Mask":7},{"Nunchaku":20,"Shuriken":20,"Gambling Chip":17,"Velvet Choker":0,"Pandora\u0027s Box":27,"Bag of Marbles":20,"PureWater":0,"Smiling Mask":24}]},"card_choices":[{"not_picked":["ThirdEye","Vengeance"],"picked":"TalkToTheHand","floor":1},{"not_picked":["ThirdEye","Pray"],"picked":"CutThroughFate","floor":2},{"not_picked":["FlyingSleeves","Evaluate"],"picked":"TalkToTheHand","floor":3},{"not_picked":["Evaluate","Prostrate"],"picked":"SignatureMove","floor":4},{"not_picked":["WreathOfFlame","Consecrate","EmptyFist"],"picked":"SKIP","floor":6},{"not_picked":["ForeignInfluence","Prostrate","Nirvana"],"picked":"SKIP","floor":8},{"not_picked":["Consecrate","Evaluate","Conclude"],"picked":"SKIP","floor":12},{"not_picked":["CrushJoints","PathToVictory"],"picked":"ReachHeaven","floor":14},{"not_picked":["Brilliance","SpiritShield"],"picked":"LessonLearned","floor":16},{"not_picked":["MentalFortress","Evaluate"],"picked":"FearNoEvil","floor":18},{"not_picked":["ForeignInfluence","ReachHeaven"],"picked":"Tantrum","floor":21},{"not_picked":["WindmillStrike+1","Evaluate"],"picked":"CrushJoints+1","floor":22}],"player_experience":4495808,"relics_obtained":[{"floor":6,"key":"Gambling Chip"},{"floor":8,"key":"Bag of Marbles"},{"floor":9,"key":"Nunchaku"},{"floor":12,"key":"Smiling Mask"}],"event_choices":[{"damage_healed":0,"gold_gain":75,"player_choice":"Gather Gold","damage_taken":11,"max_hp_gain":0,"max_hp_loss":0,"event_name":"World of Goop","floor":5,"gold_loss":0},{"damage_healed":0,"gold_gain":0,"cards_transformed":["Defend_P"],"player_choice":"Change","damage_taken":0,"max_hp_gain":0,"max_hp_loss":0,"event_name":"Living Wall","floor":7,"gold_loss":0,"cards_obtained":["Establishment"]},{"cards_removed":["Study"],"damage_healed":0,"gold_gain":0,"player_choice":"Purged","damage_taken":0,"max_hp_gain":0,"max_hp_loss":0,"event_name":"Purifier","floor":20,"gold_loss":0}],"is_beta":false,"boss_relics":[{"not_picked":["VioletLotus","Tiny House"],"picked":"Pandora\u0027s Box"}],"items_purged_floors":[19],"is_endless":false,"potions_floor_spawned":[3,4,14,16],"killed_by":"Slavers","ascension_level":20,"potion_discard_per_floor":[[],[],[],[],[],[],[],[],[],[],[],[],[],[],[],["Ancient Potion"],[],[],[],[],[],[],[]]}