{"neow_bonuses_skipped_log":["HUNDRED_GOLD","TWENTY_PERCENT_HP_BONUS","BOSS_RELIC"],"potions_obtained_entropic_brew":[[],[],[],[],[],[],[],[],[],[],[],[],[],[],[],[],[],[],[],[],[],[],[],[],[],[],[]],"neow_costs_skipped_log":["NONE","NO_GOLD","NONE"],"gold_per_floor":[115,133,148,148,73,98,98,133,160,171,171,96,123,183,183,258,258,272,283,283,94,113,113,140,160,160,160],"floor_reached":27,"playtime":2982,"items_purged":["Defend_P","Strike_P"],"score":602,"play_id":"a181ddde-43d9-4bf0-a522-92c9730cdc2a","local_time":"20221110194039","score_breakdown":["Floors Climbed (27): 135","Enemies Slain (8): 16","Exordium Elites Killed (3): 30","City Elites Killed (1): 20","Bosses Slain (1): 50","Champion (2): 50","Ascension (20): 301"],"is_ascension_mode":true,"potions_obtained_alchemize":[[],[],[],[],[],[],[],[],[],[],[],[],[],[],[],[],[],[],[],[],[],[],[],[],[],[],[]],"campfire_choices":[{"data":"Eruption","floor":7,"key":"SMITH"},{"data":"ReachHeaven","floor":11,"key":"SMITH"},{"data":"MentalFortress","floor":15,"key":"SMITH"},{"floor":23,"key":"REST"}],"lesson_learned_per_floor":[[],[],[],[],[],[],[],[],[],[],[],[],[],[],[],[],[],[],[],[],[],[],[],[],[],[],[]],"neow_cost":"NONE","improvable_cards":{"RitualDagger":[24]},"seed_source_timestamp":22780638868056,"shop_contents":[{"floor":12,"relics":["InkBottle","Nunchaku","Frozen Eye"],"cards":["CrushJoints","JustLucky","Crescendo","Indignation","LikeWater","Swift Strike","Thinking Ahead"],"potions":["Dexterity Potion","Fruit Juice","SkillPotion"]},{"floor":21,"relics":["Lantern","War Paint","OrangePellets"],"cards":["ReachHeaven","SashWhip","Meditate","Blasphemy","Forethought","Master of Strategy"],"potions":["DistilledChaos","CultistPotion","Explosive Potion"]}],"circlet_count":0,"master_deck":["AscendersBane","Strike_P","Strike_P+1","Strike_P","Defend_P+1","Eruption+1","Vigilance","Sanctity","ReachHeaven+1","InnerPeace","MentalFortress+1","ForeignInfluence","RitualDagger","Adaptation","Collect+1"],"potion_use_per_floor":[[],[],[],[],[],["LiquidMemories"],[],[],[],[],[],[],[],["SteroidPotion"],[],[],[],[],[],[],[],["LiquidMemories"],[],["DuplicationPotion"],["Dexterity Potion"],[],[]],"relics":["PureWater","Ancient Tea Set","Omamori","Centennial Puzzle","Orichalcum","Toxic Egg 2","Bag of Preparation"],"potions_floor_usage":[6,14,22,24,25],"damage_taken":[{"damage":10,"enemies":"Small Slimes","floor":1,"turns":6},{"damage":0,"enemies":"Jaw Worm","floor":2,"turns":4},{"damage":0,"enemies":"2 Louse","floor":3,"turns":2},{"damage":12,"enemies":"3 Sentries","floor":6,"turns":9},{"damage":0,"enemies":"Lagavulin","floor":8,"turns":4},{"damage":3,"enemies":"Looter","floor":10,"turns":3},{"damage":0,"enemies":"3 Sentries","floor":13,"turns":3},{"damage":8,"enemies":"3 Sentries","floor":14,"turns":5},{"damage":6,"enemies":"Hexaghost","floor":16,"turns":7},{"damage":14,"enemies":"3 Byrds","floor":18,"turns":6},{"damage":16,"enemies":"2 Thieves","floor":19,"turns":2},{"damage":8,"enemies":"Centurion and Healer","floor":22,"turns":2},{"damage":10,"enemies":"Slavers","floor":24,"turns":5},{"damage":11,"enemies":"Shelled Parasite and Fungi","floor":25,"turns":3},{"damage":30,"enemies":"Snecko","floor":27,"turns":2}],"seed_played":"5494942509839568365","neow_bonus_log":{"cardsObtained":["Sanctity"],"cardsUpgraded":[],"cardsRemoved":[],"cardsTransformed":["Defend_P"],"relicsObtained":[],"maxHpGained":0,"goldGained":0,"damageTaken":0,"goldLost":0,"maxHpLost":0},"potions_obtained":[{"floor":1,"key":"LiquidMemories"},{"floor":8,"key":"SteroidPotion"},{"floor":10,"key":"LiquidBronze"},{"floor":18,"key":"LiquidMemories"},{"floor":19,"key":"Dexterity Potion"},{"floor":22,"key":"DuplicationPotion"}],"is_trial":false,"path_per_floor":["M","M","M","?","?","E","R","E","T","M","R","$","E","?","R","B",null,"M","M","?","$","M","R","E","M","T","M"],"character_chosen":"WATCHER","items_purchased":["Adaptation"],"campfire_rested":1,"item_purchase_floors":[21],"current_hp_per_floor":[51,51,51,31,31,19,19,19,19,16,16,16,16,8,8,2,52,38,22,16,16,8,28,18,7,7,0],"gold":160,"neow_bonus":"TRANSFORM_CARD","is_prod":false,"is_daily":false,"rewards_skipped":[{"floor":13,"relics":["Bottled Tornado"],"potions":[]}],"chose_seed":false,"campfire_upgraded":3,"win_rate":0,"floor_exit_playtime":[180,225,266,272,278,636,650,732,750,806,819,838,975,1271,1284,1424,1603,1964,2094,2106,2139,2320,2324,2652,2791,2798],"timestamp":1668127239,"path_taken":["M","M","M","?","?","E","R","E","T","M","R","$","E","?","R","BOSS","M","M","?","$","M","R","E","M","T","M"],"build_version":"2022-10-04","purchased_purges":2,"victory":false,"max_hp_per_floor":[68,68,68,68,68,68,68,68,68,68,68,68,68,68,68,68,68,68,68,68,68,68,68,68,68,68,68],"relic_stats":{"Centennial Puzzle":[24],"counters":[15,63],"Omamori":0,"Bag of Preparation":[2],"PureWater":[14],"Orichalcum":[42],"Ancient Tea Set":[8],"obtain_stats":[{"Centennial Puzzle":9,"Omamori":8,"Bag of Preparation":26,"PureWater":0,"Orichalcum":14,"Toxic Egg 2":24,"Ancient Tea Set":6},{"Centennial Puzzle":5,"Omamori":5,"Bag of Preparation":14,"PureWater":0,"Orichalcum":8,"Toxic Egg 2":13,"Ancient Tea Set":4},{"Centennial Puzzle":25,"Omamori":25,"Bag of Preparation":61,"PureWater":0,"Orichalcum":36,"Toxic Egg 2":58,"Ancient Tea Set":21}]},"card_choices":[{"not_picked":["BowlingBash","Prostrate"],"picked":"ReachHeaven","floor":1},{"not_picked":["SashWhip","Sanctity","Prostrate"],"picked":"SKIP","floor":2},{"not_picked":["FollowUp","Brilliance"],"picked":"InnerPeace","floor":3},{"not_picked":["BowlingBash","EmptyFist"],"picked":"MentalFortress","floor":6},{"not_picked":["SashWhip","Halt","SandsOfTime"],"picked":"SKIP","floor":8},{"not_picked":["ClearTheMind","FollowUp","JustLucky"],"picked":"SKIP","floor":10},{"not_picked":["Wireheading","Consecrate","Weave"],"picked":"SKIP","floor":13},{"not_picked":["Crescendo","Evaluate","SandsOfTime"],"picked":"SKIP","floor":14},{"not_picked":["BattleHymn","CrushJoints"],"picked":"ForeignInfluence","floor":18},{"not_picked":["Consecrate","EmptyBody","EmptyFist"],"picked":"SKIP","floor":19},{"not_picked":["Conclude","ForeignInfluence","Crescendo"],"picked":"SKIP","floor":22},{"not_picked":["Conclude","ForeignInfluence","Crescendo"],"picked":"SKIP","floor":22},{"not_picked":["Conclude","ForeignInfluence","Crescendo"],"picked":"SKIP","floor":22},{"not_picked":["Sanctity+1","Swivel+1","FlyingSleeves"],"picked":"SKIP","floor":24},{"not_picked":["Prostrate+1","Collect+1","SignatureMove+1"],"picked":"SKIP","floor":25},{"not_picked":["Prostrate+1","SignatureMove+1"],"picked":"Collect+1","floor":25}],"player_experience":4405706,"relics_obtained":[{"floor":6,"key":"Ancient Tea Set"},{"floor":8,"key":"Omamori"},{"floor":9,"key":"Centennial Puzzle"},{"floor":14,"key":"Orichalcum"},{"floor":24,"key":"Toxic Egg 2"},{"floor":26,"key":"Bag of Preparation"}],"event_choices":[{"damage_healed":0,"gold_gain":0,"player_choice":"Entered Light","damage_taken":20,"max_hp_gain":0,"max_hp_loss":0,"event_name":"Shining Light","floor":4,"gold_loss":0,"cards_upgraded":["Defend_P","Strike_P"]},{"cards_removed":["Defend_P"],"damage_healed":0,"gold_gain":0,"player_choice":"Card Removal","damage_taken":0,"max_hp_gain":0,"max_hp_loss":0,"event_name":"The Cleric","floor":5,"gold_loss":75},{"damage_healed":0,"gold_gain":30,"player_choice":"Searched \u00272\u0027 times","damage_taken":0,"max_hp_gain":0,"max_hp_loss":0,"event_name":"Dead Adventurer","floor":14,"gold_loss":0},{"damage_healed":0,"gold_gain":0,"player_choice":"Joined the Cult","damage_taken":6,"max_hp_gain":0,"max_hp_loss":0,"event_name":"Nest","floor":20,"gold_loss":0,"cards_obtained":["RitualDagger"]}],"is_beta":false,"boss_relics":[{"not_picked":["Busted Crown","Sozu","Velvet Choker"]}],"items_purged_floors":[12,21],"is_endless":false,"potions_floor_spawned":[1,8,10,18,19,22],"killed_by":"Snecko","ascension_level":20,"potion_discard_per_floor":[[],[],[],[],[],[],[],[],[],[],[],[],[],[],[],[],[],[],["LiquidBronze"],[],[],[],[],[],[],[],[]]}