{"neow_bonuses_skipped_log":["RANDOM_COLORLESS","THREE_ENEMY_KILL","RANDOM_COLORLESS_2"],"neow_costs_skipped_log":["NONE","NONE","CURSE"],"potions_obtained_entropic_brew":[[],[],[],[],[],[],[],[],[],[],[],[],[],[],[],[],[],[],[],[],[],[],[],[],[],[],[],[],[],[],[],[],[],[],[],[],[],[],[],[],[],[],[],[],[],[],[],[],[],[],[],[],[],[],[],[],[]],"gold_per_floor":[114,17,28,44,56,56,88,107,107,121,121,141,141,173,173,250,250,265,277,67,82,7,7,7,38,38,38,38,63,79,104,104,178,178,198,198,223,290,310,335,72,100,123,154,169,186,248,248,248,248,273,273,273,27,61,61],"floor_reached":57,"playtime":4631,"items_purged":["Defend_P","Shame"],"score":3303,"play_id":"ba6bfac1-abff-46ad-9a4e-d817ab0533f0","local_time":"20221113171355","score_breakdown":["Floors Climbed (57): 285","Enemies Slain (17): 34","Exordium Elites Killed (2): 20","City Elites Killed (3): 60","Beyond Elites Killed (3): 90","Bosses Slain (5): 750","Collector (1): 25","Librarian: 25","Well Fed: 25","Champion (7): 175","Perfect (1): 50","Overkill: 25","Ascension (20): 1489","Heartbreaker: 250"],"is_ascension_mode":true,"potions_obtained_alchemize":[[],[],[],[],[],[],[],[],[],[],[],[],[],[],[],[],[],[],[],[],[],[],[],[],[],[],[],[],[],[],[],[],[],[],[],[],[],[],[],[],[],[],[],[],[],[],[],[],[],[],[],[],[],[],[],[],[]],"campfire_choices":[{"data":"SandsOfTime","floor":6,"key":"SMITH"},{"data":"Wallop","floor":13,"key":"SMITH"},{"data":"CutThroughFate","floor":15,"key":"SMITH"},{"floor":23,"key":"REST"},{"floor":32,"key":"RECALL"}],"lesson_learned_per_floor":[[],[],[],[],[],[],[],[],[],[],[],[],[],[],[],[],[],[],[],[],[],[],[],[],[],[],[],[],[],[],[],[],[],[],[],[],[],[],[],[],[],[],[],[],[],[],[],[],[],[],[],[],[],[],[],[],[]],"neow_cost":"NONE","improvable_cards":{"RitualDagger+1":[95]},"seed_source_timestamp":10180264440968,"shop_contents":[{"floor":2,"relics":["Yang","Tiny Chest","Melange"],"cards":["CrushJoints","EmptyBody","Halt","MentalFortress","Dark Shackles","Master of Strategy"],"potions":["SneckoOil","GamblersBrew"]},{"floor":20,"relics":["Juzu Bracelet","Dream Catcher","Chemical X"],"cards":["Tantrum+1","Sanctity","Study+1","Swift Strike+1","Apotheosis"],"potions":["Dexterity Potion","Explosive Potion","Weak Potion"]},{"floor":22,"relics":["Kunai","TeardropLocket","ClockworkSouvenir"],"cards":["EmptyFist+1","SandsOfTime+1","Prostrate","Omniscience","Establishment+1","Deep Breath","Magnetism+1"],"potions":["Energy Potion","DuplicationPotion","Fire Potion"]},{"floor":41,"relics":["War Paint","Meat on the Bone","Medical Kit"],"cards":["CrushJoints+1","PathToVictory","Evaluate","Good Instincts","Secret Technique"],"potions":["ColorlessPotion","LiquidBronze","ColorlessPotion"]},{"floor":54,"relics":["Letter Opener","Blue Candle","TheAbacus"],"cards":["WindmillStrike+1","ReachHeaven+1","Crescendo","Enlightenment","Transmutation"],"potions":["EssenceOfSteel","Swift Potion","Ancient Potion"]}],"circlet_count":0,"master_deck":["AscendersBane","Strike_P","Strike_P","Strike_P","Strike_P","Defend_P","Defend_P","Defend_P","Eruption","Vigilance","SandsOfTime+1","ReachHeaven","Worship","Wallop+1","Tantrum","CutThroughFate+1","WheelKick+1","Vault","Meditate","Worship","Ragnarok+1","CutThroughFate+1","EmptyMind+1","RitualDagger+1","Swivel","Worship","CrushJoints+1","Omniscience","HandOfGreed+1","CutThroughFate+1","WheelKick+1","MentalFortress+1","FearNoEvil+1","Ragnarok+1","Meditate","Vault","DevaForm+1","Worship"],"potion_use_per_floor":[[],[],[],[],[],[],[],[],[],[],[],[],[],[],[],[],[],["Fire Potion"],[],[],[],[],[],[],[],[],[],[],["Explosive Potion"],[],[],[],[],[],[],[],[],[],[],[],[],[],[],[],[],[],[],[],[],[],[],[],[],[],[],["BottledMiracle","Swift Potion"],[]],"relics":["Snecko Eye","Question Card","Frozen Egg 2","Molten Egg 2","Fusion Hammer","Enchiridion","Mummified Hand","Sundial","Ornamental Fan","MealTicket","Coffee Dripper","CaptainsWheel","Anchor","Pear","Omamori","Singing Bowl","Strawberry"],"potions_floor_usage":[18,29,56,56],"damage_taken":[{"damage":0,"enemies":"Jaw Worm","floor":1,"turns":2},{"damage":1,"enemies":"2 Louse","floor":3,"turns":2},{"damage":16,"enemies":"Small Slimes","floor":4,"turns":3},{"damage":5,"enemies":"Exordium Wildlife","floor":5,"turns":3},{"damage":22,"enemies":"3 Sentries","floor":7,"turns":8},{"damage":0,"enemies":"2 Fungi Beasts","floor":8,"turns":2},{"damage":1,"enemies":"Large Slime","floor":10,"turns":2},{"damage":0,"enemies":"3 Louse","floor":12,"turns":3},{"damage":0,"enemies":"Lagavulin","floor":14,"turns":4},{"damage":0,"enemies":"Slime Boss","floor":16,"turns":4},{"damage":6,"enemies":"2 Thieves","floor":18,"turns":3},{"damage":0,"enemies":"3 Byrds","floor":19,"turns":3},{"damage":0,"enemies":"Snake Plant","floor":21,"turns":2},{"damage":0,"enemies":"Book of Stabbing","floor":25,"turns":3},{"damage":1,"enemies":"Gremlin Leader","floor":29,"turns":3},{"damage":0,"enemies":"Snecko","floor":30,"turns":2},{"damage":0,"enemies":"Slavers","floor":31,"turns":3},{"damage":8,"enemies":"Automaton","floor":33,"turns":5},{"damage":0,"enemies":"3 Darklings","floor":35,"turns":2},{"damage":6,"enemies":"Mind Bloom Boss Battle","floor":37,"turns":6},{"damage":0,"enemies":"3 Shapes","floor":38,"turns":2},{"damage":0,"enemies":"Maw","floor":39,"turns":4},{"damage":0,"enemies":"Reptomancer","floor":40,"turns":1},{"damage":0,"enemies":"Nemesis","floor":42,"turns":1},{"damage":0,"enemies":"Reptomancer","floor":44,"turns":2},{"damage":0,"enemies":"3 Darklings","floor":45,"turns":2},{"damage":0,"enemies":"Writhing Mass","floor":46,"turns":4},{"damage":0,"enemies":"Sphere and 2 Shapes","floor":47,"turns":5},{"damage":14,"enemies":"Time Eater","floor":50,"turns":3},{"damage":2,"enemies":"Donu and Deca","floor":51,"turns":4},{"damage":0,"enemies":"Shield and Spear","floor":55,"turns":3},{"damage":80,"enemies":"The Heart","floor":56,"turns":9}],"green_key_taken_log":44,"seed_played":"-6878597123435323800","neow_bonus_log":{"cardsObtained":[],"cardsUpgraded":[],"cardsRemoved":[],"cardsTransformed":[],"relicsObtained":["Snecko Eye"],"maxHpGained":0,"goldGained":0,"damageTaken":0,"goldLost":0,"maxHpLost":0},"potions_obtained":[{"floor":1,"key":"Explosive Potion"},{"floor":18,"key":"Swift Potion"},{"floor":30,"key":"BlessingOfTheForge"},{"floor":39,"key":"Fire Potion"},{"floor":42,"key":"SpeedPotion"},{"floor":46,"key":"AttackPotion"},{"floor":47,"key":"BottledMiracle"}],"is_trial":false,"path_per_floor":["M","$","M","M","M","R","E","M","T","M","?","M","R","E","R","B",null,"M","M","$","M","$","R","?","E","T","?","?","E","M","E","R","B",null,"M","?","?","M","M","E","$","E","T","E","M","M","M","?","R","B","B",null,"R","$","E","B",null],"character_chosen":"WATCHER","items_purchased":["SandsOfTime","Fire Potion","Worship","Ragnarok+1","MentalFortress+1","FearNoEvil+1","Vault","DevaForm+1"],"campfire_rested":1,"item_purchase_floors":[2,2,20,20,41,41,54,54],"current_hp_per_floor":[61,61,60,44,39,39,17,17,17,16,16,16,16,16,16,16,55,49,49,49,49,49,68,47,47,47,41,41,40,40,40,40,32,59,59,49,43,43,43,43,58,68,68,68,70,72,72,72,72,58,56,76,76,82,89,9],"gold":61,"neow_bonus":"BOSS_RELIC","is_prod":false,"is_daily":false,"rewards_skipped":[{"floor":3,"relics":[],"potions":["Swift Potion"]},{"floor":8,"relics":[],"potions":["Swift Potion"]},{"floor":10,"relics":[],"potions":["Dexterity Potion"]},{"floor":16,"relics":[],"potions":["ColorlessPotion"]},{"floor":31,"relics":[],"potions":["BlessingOfTheForge"]},{"floor":35,"relics":[],"potions":["EssenceOfSteel"]},{"floor":55,"relics":[],"potions":["Fruit Juice"]}],"chose_seed":false,"campfire_upgraded":3,"win_rate":0,"floor_exit_playtime":[122,186,250,317,374,416,533,574,601,682,691,826,868,989,999,1178,1239,1334,1429,1467,1555,1573,1584,1590,1662,1671,1675,1690,1796,1856,1953,1958,2117,2168,2215,2314,2493,2536,2636,2661,2705,2747,2755,2832,2889,3024,3164,3169,3172,3296,3408,3420,3422,3449,3636,4631],"timestamp":1668377635,"blue_key_relic_skipped_log":{"floor":26,"relicID":"Darkstone Periapt"},"path_taken":["M","$","M","M","M","R","E","M","T","M","?","M","R","E","R","BOSS","M","M","$","M","$","R","?","E","T","?","?","E","M","E","R","BOSS","M","?","?","M","M","E","?","E","T","E","M","M","M","?","R","BOSS","BOSS","R","$","E","BOSS"],"build_version":"2022-10-04","purchased_purges":2,"victory":true,"max_hp_per_floor":[68,68,68,68,68,68,68,68,68,68,68,68,68,68,68,68,68,68,68,68,68,68,68,68,68,68,68,68,68,68,68,68,68,68,68,68,68,68,68,68,68,78,78,78,80,82,82,82,82,82,82,82,82,82,89,89],"relic_stats":{"Singing Bowl":4,"counters":[32,105],"Mummified Hand":[59],"Sundial":[4],"Ornamental Fan":[136],"Snecko Eye":[191,195,178,218,15],"MealTicket":21,"Omamori":0,"Question Card":27,"obtain_stats":[{"Pear":42,"Singing Bowl":44,"Enchiridion":24,"Omamori":43,"Frozen Egg 2":9,"Question Card":7,"CaptainsWheel":37,"Anchor":40,"Mummified Hand":25,"Sundial":28,"Ornamental Fan":29,"Strawberry":55,"Snecko Eye":0,"Molten Egg 2":14,"MealTicket":31,"Fusion Hammer":17,"Coffee Dripper":34,"PureWater":0},{"Pear":24,"Singing Bowl":25,"Enchiridion":13,"Omamori":24,"Frozen Egg 2":6,"Question Card":5,"CaptainsWheel":20,"Anchor":23,"Mummified Hand":14,"Sundial":14,"Ornamental Fan":15,"Strawberry":31,"Snecko Eye":0,"Molten Egg 2":9,"MealTicket":17,"Fusion Hammer":10,"Coffee Dripper":18,"PureWater":0},{"Pear":73,"Singing Bowl":75,"Enchiridion":41,"Omamori":73,"Frozen Egg 2":20,"Question Card":18,"CaptainsWheel":65,"Anchor":72,"Mummified Hand":44,"Sundial":44,"Ornamental Fan":47,"Strawberry":96,"Snecko Eye":0,"Molten Egg 2":29,"MealTicket":52,"Fusion Hammer":33,"Coffee Dripper":57,"PureWater":0}]},"card_choices":[{"not_picked":["Study","EmptyBody","JustLucky"],"picked":"SKIP","floor":1},{"not_picked":["EmptyFist","TalkToTheHand"],"picked":"ReachHeaven","floor":3},{"not_picked":["Vengeance","Halt","Crescendo"],"picked":"SKIP","floor":4},{"not_picked":["Establishment","Evaluate"],"picked":"Worship","floor":5},{"not_picked":["Fasting2","Crescendo"],"picked":"Wallop","floor":7},{"not_picked":["Vengeance","Halt","Evaluate","WaveOfTheHand"],"picked":"SKIP","floor":8},{"not_picked":["PathToVictory","EmptyFist","Prostrate"],"picked":"Tantrum","floor":10},{"not_picked":["WaveOfTheHand","Tantrum","Swivel"],"picked":"CutThroughFate","floor":12},{"not_picked":["Crescendo","PathToVictory","Devotion+1"],"picked":"WheelKick+1","floor":14},{"not_picked":["Ragnarok+1","Wish","DeusExMachina"],"picked":"Vault","floor":16},{"not_picked":["EmptyBody","Prostrate+1","ThirdEye+1"],"picked":"Meditate","floor":18},{"not_picked":["Halt+1","WindmillStrike+1","Prostrate","Consecrate+1"],"picked":"SKIP","floor":19},{"not_picked":["Halt+1","WindmillStrike+1","Prostrate","Consecrate+1"],"picked":"SKIP","floor":19},{"not_picked":["Study+1","Swivel","Halt"],"picked":"CutThroughFate+1","floor":21},{"not_picked":["Tantrum+1","SashWhip+1","FlurryOfBlows+1"],"picked":"EmptyMind+1","floor":25},{"not_picked":["EmptyFist+1","Protect","Study+1"],"picked":"Swivel","floor":29},{"not_picked":["SashWhip+1","JustLucky+1","ClearTheMind"],"picked":"Worship","floor":30},{"not_picked":["MasterReality+1","Evaluate","FollowUp+1"],"picked":"CrushJoints+1","floor":31},{"not_picked":["Brilliance+1","Ragnarok+1","Devotion+1"],"picked":"Omniscience","floor":33},{"not_picked":["Evaluate+1","Crescendo","SashWhip+1","JustLucky+1"],"picked":"SKIP","floor":35},{"not_picked":["The Bomb","Mind Blast+1","Metamorphosis"],"picked":"HandOfGreed+1","floor":36},{"not_picked":["Mayhem+1","Panache+1","HandOfGreed+1","Enlightenment"],"picked":"SKIP","floor":36},{"not_picked":["HandOfGreed+1","Blind","Magnetism+1","Sadistic Nature+1"],"picked":"SKIP","floor":36},{"not_picked":["ThirdEye","EmptyBody+1","Indignation+1"],"picked":"CutThroughFate+1","floor":37},{"not_picked":["Swivel","FlyingSleeves+1","SandsOfTime+1","Halt"],"picked":"SKIP","floor":38},{"not_picked":["Swivel","FlyingSleeves+1","SandsOfTime+1","Halt"],"picked":"SKIP","floor":38},{"not_picked":["Study+1","FollowUp+1","Evaluate","Devotion+1"],"picked":"SKIP","floor":39},{"not_picked":["WaveOfTheHand","CutThroughFate+1","SashWhip+1"],"picked":"WheelKick+1","floor":40},{"not_picked":["EmptyFist+1","ReachHeaven+1","Vengeance","BowlingBash+1"],"picked":"SKIP","floor":42},{"not_picked":["Adaptation+1","EmptyMind","Evaluate"],"picked":"Ragnarok+1","floor":44},{"not_picked":["FlurryOfBlows+1","Evaluate+1","CrushJoints+1","FlyingSleeves+1"],"picked":"Singing Bowl","floor":45},{"not_picked":["FlyingSleeves+1","Crescendo+1","FlurryOfBlows+1","Consecrate+1"],"picked":"Singing Bowl","floor":46},{"not_picked":["ClearTheMind+1","BowlingBash+1","Crescendo"],"picked":"Meditate","floor":47},{"not_picked":["CutThroughFate+1","DeusExMachina","Halt"],"picked":"Worship","floor":55}],"player_experience":4436517,"relics_obtained":[{"floor":7,"key":"Question Card"},{"floor":9,"key":"Frozen Egg 2"},{"floor":14,"key":"Molten Egg 2"},{"floor":24,"key":"Enchiridion"},{"floor":25,"key":"Mummified Hand"},{"floor":29,"key":"Ornamental Fan"},{"floor":31,"key":"MealTicket"},{"floor":37,"key":"CaptainsWheel"},{"floor":40,"key":"Anchor"},{"floor":42,"key":"Pear"},{"floor":43,"key":"Omamori"},{"floor":44,"key":"Singing Bowl"},{"floor":55,"key":"Strawberry"}],"event_choices":[{"damage_healed":0,"gold_gain":0,"player_choice":"Ignored","damage_taken":0,"max_hp_gain":0,"max_hp_loss":0,"event_name":"Liars Game","floor":11,"gold_loss":0},{"damage_healed":0,"gold_gain":0,"player_choice":"Obtained Book","damage_taken":21,"max_hp_gain":0,"max_hp_loss":0,"event_name":"Cursed Tome","floor":24,"gold_loss":0},{"damage_healed":0,"gold_gain":0,"player_choice":"Joined the Cult","damage_taken":6,"max_hp_gain":0,"max_hp_loss":0,"event_name":"Nest","floor":27,"gold_loss":0,"cards_obtained":["RitualDagger"]},{"damage_healed":0,"gold_gain":0,"player_choice":"Stole Relic","damage_taken":0,"relics_obtained":["Sundial"],"max_hp_gain":0,"max_hp_loss":0,"event_name":"Addict","floor":28,"gold_loss":0,"cards_obtained":["Shame"]},{"damage_healed":0,"gold_gain":0,"player_choice":"Memory 3","damage_taken":10,"max_hp_gain":0,"max_hp_loss":0,"event_name":"SensoryStone","floor":36,"gold_loss":0},{"damage_healed":0,"gold_gain":0,"player_choice":"Fight","damage_taken":0,"max_hp_gain":0,"max_hp_loss":0,"event_name":"MindBloom","floor":37,"gold_loss":0},{"damage_healed":0,"gold_gain":0,"player_choice":"Ignored","damage_taken":0,"max_hp_gain":0,"max_hp_loss":0,"event_name":"Tomb of Lord Red Mask","floor":48,"gold_loss":0}],"is_beta":false,"boss_relics":[{"not_picked":["Black Star","SlaversCollar"],"picked":"Fusion Hammer"},{"not_picked":["Calling Bell","Philosopher\u0027s Stone"],"picked":"Coffee Dripper"}],"items_purged_floors":[22,41],"is_endless":false,"potions_floor_spawned":[1,3,8,10,16,18,30,31,35,39,42,46,47,55],"ascension_level":20,"potion_discard_per_floor":[[],[],[],[],[],[],[],[],[],[],[],[],[],[],[],[],[],[],[],[],[],[],[],[],[],[],[],[],[],[],[],[],[],[],[],[],[],[],["BlessingOfTheForge"],[],[],["Fire Potion"],[],[],[],["SpeedPotion"],["AttackPotion"],[],[],[],[],[],[],[],[],[],[]]}