{"neow_bonuses_skipped_log":["THREE_ENEMY_KILL","ONE_RARE_RELIC","BOSS_RELIC"],"neow_costs_skipped_log":["NONE","TEN_PERCENT_HP_LOSS","NONE"],"potions_obtained_entropic_brew":[[],[],[],[],[],[],[],[],[],[],[],[],[],[],[],[],[],[],[],[],[],[],[],[],[],[],[],[],[],[],[],[],[],[],[],[],[],[],[],[],[],[],[],[],[],[],[],[],[],[],[],[],[],[],[],[],[]],"gold_per_floor":[111,123,136,156,81,112,112,138,162,174,184,194,213,113,113,192,192,203,216,231,231,106,136,136,165,165,165,197,209,228,263,263,340,340,354,371,424,424,304,329,329,363,363,391,406,417,277,288,288,288,288,288,288,2,36,36],"floor_reached":57,"playtime":3776,"items_purged":["Defend_P","Strike_P","Defend_P","EmptyBody","FearNoEvil","Consecrate"],"score":3622,"play_id":"b08a58d5-047e-40a5-aa05-98bad2417add","local_time":"20221111194058","score_breakdown":["Floors Climbed (57): 285","Enemies Slain (18): 36","Exordium Elites Killed (2): 20","City Elites Killed (4): 80","Beyond Elites Killed (3): 90","Bosses Slain (5): 750","Champion (8): 200","Beyond Perfect: 200","C-c-c-combo: 25","Ascension (20): 1686","Heartbreaker: 250"],"is_ascension_mode":true,"potions_obtained_alchemize":[[],[],[],[],[],[],[],[],[],[],[],[],[],[],[],[],[],[],[],[],[],[],[],[],[],[],[],[],[],[],[],[],[],[],[],[],[],[],[],[],[],[],[],[],[],[],[],[],[],[],[],[],[],[],[],[],[]],"campfire_choices":[{"data":"Eruption","floor":7,"key":"SMITH"},{"data":"ForeignInfluence","floor":15,"key":"SMITH"},{"data":"Meditate","floor":24,"key":"SMITH"},{"data":"Adaptation","floor":32,"key":"SMITH"},{"floor":41,"key":"RECALL"},{"data":"TalkToTheHand","floor":49,"key":"SMITH"},{"data":"Adaptation","floor":53,"key":"SMITH"}],"lesson_learned_per_floor":[[],[],[],[],[],[],[],[],[],[],[],[],[],[],[],[],[],[],[],[],[],[],[],[],[],[],[],[],[],[],[],[],[],[],[],[],[],[],[],[],[],[],[],[],[],[],[],[],[],[],[],[],[],[],[],[],[]],"neow_cost":"NONE","improvable_cards":{},"seed_source_timestamp":15115707227988,"shop_contents":[{"floor":5,"relics":["Bottled Lightning","Shuriken","Frozen Eye"],"cards":["CrushJoints","BowlingBash","Prostrate","Halt","Fasting2","Swift Strike","Panache"],"potions":["DuplicationPotion","FearPotion","AttackPotion"]},{"floor":14,"relics":["White Beast Statue","Darkstone Periapt","OrangePellets"],"cards":["Tantrum","SignatureMove","Crescendo","ForeignInfluence","BattleHymn","Swift Strike","Mayhem"],"potions":["SteroidPotion","Dexterity Potion","BlessingOfTheForge"]},{"floor":22,"relics":["Bottled Flame","Frozen Egg 2","PrismaticShard"],"cards":["CutThroughFate","Consecrate","Crescendo","Worship","MasterReality","Good Instincts","Transmutation"],"potions":["GamblersBrew","SteroidPotion","Ancient Potion"]},{"floor":39,"relics":["Potion Belt","Yang","Medical Kit"],"cards":["JustLucky","Weave","Collect","ClearTheMind","BattleHymn","Finesse","Panache"],"potions":["LiquidMemories","DistilledChaos","BlessingOfTheForge"]},{"floor":47,"relics":["Centennial Puzzle","TeardropLocket","Sling"],"cards":["Weave","LessonLearned","Prostrate","InnerPeace","Study","PanicButton","Violence"],"potions":["Ancient Potion","Strength Potion","GamblersBrew"]},{"floor":54,"relics":["Mummified Hand","Akabeko","Melange"],"cards":["FollowUp","SandsOfTime","Omniscience","Crescendo","Establishment","Trip","Magnetism"],"potions":["SteroidPotion","Block Potion","LiquidMemories"]}],"circlet_count":0,"master_deck":["AscendersBane","Eruption+1","Vigilance","CutThroughFate","Adaptation+1","Meditate+1","Scrawl","Prostrate+1","Ghostly+1","Ghostly","Ghostly","Prostrate+1","Scrawl+1","FearNoEvil","InnerPeace","Establishment","Adaptation+1","Tantrum","TalkToTheHand+1","Halt","ConjureBlade"],"potion_use_per_floor":[[],[],[],[],[],[],[],[],[],[],[],["DistilledChaos"],[],[],[],["Strength Potion","Swift Potion"],[],[],[],[],[],[],[],[],[],[],[],[],[],[],[],[],[],[],[],[],[],[],[],["Strength Potion","DuplicationPotion"],[],[],[],[],[],[],[],[],[],[],[],[],[],[],[],["Dexterity Potion"],[]],"relics":["PureWater","Vajra","Tiny Chest","Bag of Preparation","Philosopher\u0027s Stone","Orichalcum","Meat on the Bone","The Courier","War Paint","Blue Candle","Empty Cage","InkBottle","Dream Catcher","Question Card","Ornamental Fan","Bird Faced Urn","Oddly Smooth Stone"],"potions_floor_usage":[12,16,16,40,40,56],"damage_taken":[{"damage":1,"enemies":"Cultist","floor":1,"turns":3},{"damage":2,"enemies":"Jaw Worm","floor":2,"turns":2},{"damage":0,"enemies":"2 Louse","floor":3,"turns":3},{"damage":11,"enemies":"Blue Slaver","floor":4,"turns":5},{"damage":17,"enemies":"Lagavulin","floor":6,"turns":7},{"damage":0,"enemies":"Gremlin Nob","floor":8,"turns":2},{"damage":2,"enemies":"Gremlin Gang","floor":10,"turns":2},{"damage":0,"enemies":"Large Slime","floor":11,"turns":2},{"damage":0,"enemies":"Exordium Wildlife","floor":12,"turns":1},{"damage":0,"enemies":"Blue Slaver","floor":13,"turns":1},{"damage":0,"enemies":"Slime Boss","floor":16,"turns":4},{"damage":0,"enemies":"2 Thieves","floor":18,"turns":1},{"damage":18,"enemies":"Shell Parasite","floor":19,"turns":2},{"damage":3,"enemies":"Centurion and Healer","floor":20,"turns":2},{"damage":0,"enemies":"Gremlin Leader","floor":23,"turns":3},{"damage":0,"enemies":"Book of Stabbing","floor":25,"turns":2},{"damage":0,"enemies":"Slavers","floor":28,"turns":2},{"damage":0,"enemies":"Cultist and Chosen","floor":29,"turns":4},{"damage":0,"enemies":"Sentry and Sphere","floor":30,"turns":3},{"damage":0,"enemies":"Book of Stabbing","floor":31,"turns":2},{"damage":19,"enemies":"Champ","floor":33,"turns":5},{"damage":0,"enemies":"Orb Walker","floor":35,"turns":3},{"damage":0,"enemies":"3 Darklings","floor":36,"turns":2},{"damage":4,"enemies":"Nemesis","floor":40,"turns":5},{"damage":0,"enemies":"Giant Head","floor":42,"turns":2},{"damage":0,"enemies":"Reptomancer","floor":44,"turns":3},{"damage":6,"enemies":"4 Shapes","floor":45,"turns":5},{"damage":0,"enemies":"Transient","floor":46,"turns":6},{"damage":0,"enemies":"Sphere and 2 Shapes","floor":48,"turns":2},{"damage":0,"enemies":"Donu and Deca","floor":50,"turns":3},{"damage":0,"enemies":"Awakened One","floor":51,"turns":4},{"damage":0,"enemies":"Shield and Spear","floor":55,"turns":5},{"damage":19,"enemies":"The Heart","floor":56,"turns":7}],"green_key_taken_log":44,"seed_played":"1195563938649144412","neow_bonus_log":{"cardsObtained":[],"cardsUpgraded":[],"cardsRemoved":["Defend_P"],"cardsTransformed":[],"relicsObtained":[],"maxHpGained":0,"goldGained":0,"damageTaken":0,"goldLost":0,"maxHpLost":0},"potions_obtained":[{"floor":1,"key":"DistilledChaos"},{"floor":4,"key":"Strength Potion"},{"floor":13,"key":"Swift Potion"},{"floor":18,"key":"BlessingOfTheForge"},{"floor":23,"key":"Energy Potion"},{"floor":30,"key":"DuplicationPotion"},{"floor":36,"key":"Strength Potion"},{"floor":42,"key":"Weak Potion"},{"floor":48,"key":"Dexterity Potion"}],"is_trial":false,"path_per_floor":["M","M","M","M","$","E","R","E","T","M","M","M","M","$","R","B",null,"M","M","M","?","$","E","R","E","T","?","E","M","M","E","R","B",null,"M","M","T","?","$","E","R","E","T","E","M","M","$","M","R","B","B",null,"R","$","E","B",null],"character_chosen":"WATCHER","items_purchased":["ConjureBlade"],"campfire_rested":0,"item_purchase_floors":[54],"current_hp_per_floor":[60,58,58,47,47,30,30,30,30,28,28,28,28,28,28,28,58,58,40,37,34,34,34,34,34,34,34,34,34,34,34,34,27,32,32,32,32,32,32,28,28,28,28,28,28,34,34,34,34,34,34,34,34,34,34,21],"gold":36,"neow_bonus":"REMOVE_CARD","is_prod":false,"is_daily":false,"rewards_skipped":[{"floor":8,"relics":[],"potions":["Strength Potion"]},{"floor":11,"relics":[],"potions":["BlessingOfTheForge"]},{"floor":33,"relics":[],"potions":["Explosive Potion"]}],"chose_seed":false,"campfire_upgraded":6,"win_rate":0,"floor_exit_playtime":[92,107,136,244,259,401,407,453,476,522,549,626,650,665,670,728,843,908,939,984,1010,1022,1090,1097,1134,1138,1152,1223,1318,1388,1420,1435,1588,1604,1662,1723,1728,1751,1770,2083,2098,2192,2195,2285,2375,2536,2575,2669,2677,2798,2986,2997,3015,3042,3269,3776],"timestamp":1668213658,"blue_key_relic_skipped_log":{"floor":37,"relicID":"Strawberry"},"path_taken":["M","M","?","M","$","E","R","E","T","M","M","?","M","$","R","BOSS","M","M","M","?","$","E","R","E","T","?","E","M","M","E","R","BOSS","M","M","?","?","$","E","R","E","T","E","M","M","$","?","R","BOSS","BOSS","R","$","E","BOSS"],"build_version":"2022-10-04","purchased_purges":6,"victory":true,"max_hp_per_floor":[68,68,68,68,68,68,68,68,68,68,68,68,68,68,68,68,68,68,68,68,34,34,34,34,34,34,34,34,34,34,34,34,34,34,34,34,34,34,34,34,34,34,34,34,34,34,34,34,34,34,34,34,34,34,34,34],"relic_stats":{"counters":[33,105],"Blue Candle":[0],"The Courier":137,"Bag of Preparation":[54],"Orichalcum":[54],"War Paint":["Scrawl","Ghostly"],"Question Card":5,"Dream Catcher":0,"Ornamental Fan":[304],"Bird Faced Urn":[18],"Tiny Chest":1,"PureWater":[27],"obtain_stats":[{"Blue Candle":31,"Vajra":6,"Oddly Smooth Stone":55,"The Courier":26,"Bag of Preparation":9,"Orichalcum":23,"War Paint":28,"Empty Cage":34,"Question Card":42,"Dream Catcher":40,"Ornamental Fan":43,"Bird Faced Urn":44,"Tiny Chest":8,"Philosopher\u0027s Stone":17,"PureWater":0,"InkBottle":38,"Meat on the Bone":25},{"Blue Candle":20,"Vajra":5,"Oddly Smooth Stone":32,"The Courier":16,"Bag of Preparation":6,"Orichalcum":15,"War Paint":17,"Empty Cage":21,"Question Card":25,"Dream Catcher":24,"Ornamental Fan":25,"Bird Faced Urn":26,"Tiny Chest":6,"Philosopher\u0027s Stone":11,"PureWater":0,"InkBottle":23,"Meat on the Bone":16},{"Blue Candle":53,"Vajra":20,"Oddly Smooth Stone":98,"The Courier":42,"Bag of Preparation":22,"Orichalcum":40,"War Paint":44,"Empty Cage":58,"Question Card":70,"Dream Catcher":68,"Ornamental Fan":70,"Bird Faced Urn":73,"Tiny Chest":22,"Philosopher\u0027s Stone":32,"PureWater":0,"InkBottle":63,"Meat on the Bone":42}],"InkBottle":[65],"Meat on the Bone":12},"card_choices":[{"not_picked":["Study","SashWhip"],"picked":"Consecrate","floor":1},{"not_picked":["Pray","ClearTheMind"],"picked":"CutThroughFate","floor":2},{"not_picked":["Prostrate","Evaluate","Consecrate"],"picked":"SKIP","floor":3},{"not_picked":["Prostrate","Indignation"],"picked":"ForeignInfluence","floor":4},{"not_picked":["Fasting2","Prostrate","EmptyFist"],"picked":"SKIP","floor":6},{"not_picked":["Conclude","FollowUp","Evaluate"],"picked":"SKIP","floor":8},{"not_picked":["Worship","CrushJoints"],"picked":"Adaptation","floor":10},{"not_picked":["DeceiveReality","BowlingBash","SashWhip"],"picked":"SKIP","floor":11},{"not_picked":["Wallop","ThirdEye","EmptyBody"],"picked":"SKIP","floor":12},{"not_picked":["SashWhip","Wireheading"],"picked":"Meditate","floor":13},{"not_picked":["Blasphemy","Wish"],"picked":"Scrawl","floor":16},{"not_picked":["JustLucky","WaveOfTheHand"],"picked":"Prostrate+1","floor":18},{"not_picked":["Halt","FollowUp","Consecrate"],"picked":"SKIP","floor":19},{"not_picked":["EmptyBody","BowlingBash+1"],"picked":"FearNoEvil","floor":20},{"not_picked":["BattleHymn+1","EmptyBody"],"picked":"Prostrate+1","floor":23},{"not_picked":["Conclude+1","BowlingBash"],"picked":"Scrawl","floor":25},{"not_picked":["ThirdEye+1","Halt","BattleHymn"],"picked":"SKIP","floor":28},{"not_picked":["Meditate","Vengeance"],"picked":"InnerPeace","floor":29},{"not_picked":["ForeignInfluence","SashWhip","PathToVictory"],"picked":"SKIP","floor":30},{"not_picked":["FollowUp","Consecrate+1","Halt"],"picked":"SKIP","floor":31},{"not_picked":["MasterReality","Ragnarok"],"picked":"Establishment","floor":33},{"not_picked":["Halt","FlurryOfBlows","LikeWater"],"picked":"SKIP","floor":35},{"not_picked":["Protect+1","PathToVictory","EmptyBody"],"picked":"SKIP","floor":36},{"not_picked":["Nirvana","Wish"],"picked":"Adaptation","floor":40},{"not_picked":["SignatureMove+1","PathToVictory"],"picked":"Tantrum","floor":42},{"not_picked":["FlyingSleeves","SashWhip+1","Prostrate"],"picked":"TalkToTheHand","floor":44},{"not_picked":["FlyingSleeves+1","Collect","Protect","ClearTheMind"],"picked":"SKIP","floor":45},{"not_picked":["Nirvana","Protect","WheelKick+1","Vengeance"],"picked":"SKIP","floor":46},{"not_picked":["Halt","SashWhip","Sanctity","BowlingBash"],"picked":"SKIP","floor":48},{"not_picked":["SashWhip","Sanctity","BowlingBash"],"picked":"Halt","floor":48},{"not_picked":["FlurryOfBlows","FollowUp","PathToVictory+1","Prostrate"],"picked":"SKIP","floor":55}],"player_experience":4419435,"relics_obtained":[{"floor":6,"key":"Vajra"},{"floor":8,"key":"Tiny Chest"},{"floor":9,"key":"Bag of Preparation"},{"floor":23,"key":"Orichalcum"},{"floor":25,"key":"Meat on the Bone"},{"floor":26,"key":"The Courier"},{"floor":28,"key":"War Paint"},{"floor":31,"key":"Blue Candle"},{"floor":40,"key":"Dream Catcher"},{"floor":42,"key":"Question Card"},{"floor":43,"key":"Ornamental Fan"},{"floor":44,"key":"Bird Faced Urn"},{"floor":55,"key":"Oddly Smooth Stone"}],"event_choices":[{"damage_healed":0,"gold_gain":0,"player_choice":"Became a Ghost","damage_taken":0,"max_hp_gain":0,"max_hp_loss":34,"event_name":"Ghosts","floor":21,"gold_loss":0,"cards_obtained":["Ghostly","Ghostly","Ghostly"]},{"damage_healed":0,"gold_gain":0,"cards_transformed":["Strike_P","Defend_P"],"player_choice":"Became Test Subject","damage_taken":0,"max_hp_gain":0,"max_hp_loss":0,"event_name":"Drug Dealer","floor":27,"gold_loss":0,"cards_obtained":["FearNoEvil","EmptyBody"]},{"cards_removed":["ForeignInfluence"],"damage_healed":0,"gold_gain":0,"player_choice":"Gave Card","damage_taken":0,"relics_obtained":["InkBottle"],"max_hp_gain":0,"max_hp_loss":0,"event_name":"WeMeetAgain","floor":38,"gold_loss":0}],"is_beta":false,"boss_relics":[{"not_picked":["Runic Dome","Fusion Hammer"],"picked":"Philosopher\u0027s Stone"},{"not_picked":["Coffee Dripper","Sozu"],"picked":"Empty Cage"}],"items_purged_floors":[5,14,22,39,47,54],"is_endless":false,"potions_floor_spawned":[1,4,8,11,13,18,23,30,33,36,42,48],"ascension_level":20,"potion_discard_per_floor":[[],[],[],[],[],[],[],[],[],[],[],[],[],[],[],[],[],[],[],[],[],[],[],[],[],[],[],[],[],["BlessingOfTheForge"],[],[],[],[],[],["Energy Potion"],[],[],[],[],[],[],[],[],[],[],[],[],[],[],[],[],[],[],[],[],[]]}