{"neow_bonuses_skipped_log":["TEN_PERCENT_HP_BONUS","THREE_RARE_CARDS","BOSS_RELIC"],"neow_costs_skipped_log":["NONE","TEN_PERCENT_HP_LOSS","NONE"],"potions_obtained_entropic_brew":[[],[],[],[],[],[],[],[],[],[],[],[],[],[],[],[],[],[],[],[],[],["DuplicationPotion","LiquidMemories"],[],[],[],[],[],[],[],[],[],[],[],[],[],[],[],[]],"gold_per_floor":[119,129,54,74,87,114,114,134,134,34,47,73,73,107,107,183,183,200,213,88,101,116,116,143,143,143,158,170,170,170,50,50,126,126,139,152,19,19],"floor_reached":38,"playtime":3091,"items_purged":["Defend_P","Strike_P","Strike_P","Strike_P"],"score":986,"play_id":"fc58906b-2a1f-44bb-b3bf-4c9a0dce40c3","local_time":"20221129192453","score_breakdown":["Floors Climbed (38): 190","Enemies Slain (14): 28","Exordium Elites Killed (3): 30","City Elites Killed (1): 20","Beyond Elites Killed (0): 0","Bosses Slain (2): 150","Champion (1): 25","Perfect (1): 50","Ascension (20): 493"],"is_ascension_mode":true,"potions_obtained_alchemize":[[],[],[],[],[],[],[],[],[],[],[],[],[],[],[],[],[],[],[],[],[],[],[],[],[],[],[],[],[],[],[],[],[],[],[],[],[],[]],"campfire_choices":[{"data":"EmptyFist","floor":7.0,"key":"SMITH"},{"data":"Tantrum","floor":15.0,"key":"SMITH"},{"floor":23.0,"key":"REST"},{"data":"MentalFortress","floor":29.0,"key":"SMITH"},{"floor":32.0,"key":"REST"}],"lesson_learned_per_floor":[[],[],[],[],[],[],[],[],[],[],[],[],[],[],[],[],[],["LessonLearned"],["Strike_P"],[],["Defend_P"],["SignatureMove"],[],["Defend_P"],[],[],["Vigilance"],["Adaptation"],[],[],[],[],[],[],["Defend_P"],["DeusExMachina"],[],[]],"neow_cost":"NONE","improvable_cards":{},"seed_source_timestamp":13597759596896,"shop_contents":[{"floor":3,"relics":["Gambling Chip","Nunchaku","DollysMirror"],"cards":["Wallop","FollowUp","Sanctity","Prostrate","MasterReality","Dramatic Entrance","Magnetism"],"potions":["SkillPotion","SmokeBomb","AttackPotion"]},{"floor":10,"relics":["Prayer Wheel","Vajra","Chemical X"],"cards":["Ragnarok","JustLucky","DeusExMachina","ClearTheMind","Adaptation","Finesse","Metamorphosis"],"potions":["Block Potion","AttackPotion","Energy Potion"]},{"floor":20,"relics":["Gremlin Horn","Tiny Chest","PrismaticShard"],"cards":["Ragnarok","SignatureMove","EmptyBody","Worship","Wireheading","Enlightenment","Transmutation"],"potions":["Explosive Potion","Energy Potion","ColorlessPotion"]},{"floor":31,"relics":["PreservedInsect","Dream Catcher","TheAbacus"],"cards":["WindmillStrike","Ragnarok","Protect","Worship","MentalFortress","Mind Blast","Secret Weapon"],"potions":["Swift Potion","SmokeBomb","BottledMiracle"]},{"floor":37,"relics":["CaptainsWheel","Bottled Tornado","MealTicket"],"cards":["Weave","Conclude","Swivel","EmptyBody","Wireheading","Swift Strike","Mayhem"],"potions":["Strength Potion","Swift Potion","DuplicationPotion"]}],"circlet_count":0,"master_deck":["AscendersBane","Strike_P+1","Defend_P+1","Defend_P+1","Defend_P+1","Eruption+1","Vigilance+1","EmptyFist+1","Adaptation+1","SignatureMove+1","Tantrum+1","DeusExMachina+1","LessonLearned+1","MentalFortress+1","MentalFortress"],"special_seed":0,"potion_use_per_floor":[[],[],[],[],[],["Block Potion"],[],[],[],[],[],[],[],[],[],["Strength Potion"],[],[],["SteroidPotion"],[],[],["SteroidPotion","EntropicBrew","LiquidMemories"],[],["Fire Potion"],[],[],[],[],[],[],[],[],[],[],[],[],[],["Fire Potion"]],"relics":["HolyWater","HornCleat","Eternal Feather","Art of War","FossilizedHelix","The Courier","Runic Pyramid","Medical Kit"],"potions_floor_usage":[38],"damage_taken":[{"damage":6.0,"enemies":"Jaw Worm","floor":1.0,"turns":7.0},{"damage":0.0,"enemies":"Cultist","floor":2.0,"turns":3.0},{"damage":0.0,"enemies":"Small Slimes","floor":4.0,"turns":2.0},{"damage":8.0,"enemies":"Blue Slaver","floor":5.0,"turns":4.0},{"damage":15.0,"enemies":"3 Sentries","floor":6.0,"turns":6.0},{"damage":3.0,"enemies":"Looter","floor":8.0,"turns":2.0},{"damage":2.0,"enemies":"Exordium Wildlife","floor":11.0,"turns":4.0},{"damage":15.0,"enemies":"Lagavulin","floor":12.0,"turns":5.0},{"damage":2.0,"enemies":"Gremlin Nob","floor":14.0,"turns":3.0},{"damage":6.0,"enemies":"Hexaghost","floor":16.0,"turns":4.0},{"damage":2.0,"enemies":"3 Byrds","floor":18.0,"turns":3.0},{"damage":11.0,"enemies":"Shell Parasite","floor":19.0,"turns":2.0},{"damage":31.0,"enemies":"Shelled Parasite and Fungi","floor":21.0,"turns":3.0},{"damage":0.0,"enemies":"Cultist and Chosen","floor":22.0,"turns":2.0},{"damage":0.0,"enemies":"Gremlin Leader","floor":24.0,"turns":5.0},{"damage":0.0,"enemies":"Sentry and Sphere","floor":27.0,"turns":3.0},{"damage":2.0,"enemies":"Snecko","floor":28.0,"turns":5.0},{"damage":0.0,"enemies":"Collector","floor":33.0,"turns":7.0},{"damage":0.0,"enemies":"Orb Walker","floor":35.0,"turns":3.0},{"damage":0.0,"enemies":"3 Darklings","floor":36.0,"turns":4.0},{"damage":122,"enemies":"2 Orb Walkers","floor":38,"turns":4}],"seed_played":"9019291957530818097","neow_bonus_log":{"cardsObtained":[],"cardsUpgraded":["Eruption"],"cardsRemoved":[],"cardsTransformed":[],"relicsObtained":[],"maxHpGained":0,"goldGained":0,"damageTaken":0,"goldLost":0,"maxHpLost":0},"potions_obtained":[{"floor":2.0,"key":"Block Potion"},{"floor":8.0,"key":"SteroidPotion"},{"floor":12.0,"key":"Strength Potion"},{"floor":16.0,"key":"SteroidPotion"},{"floor":21.0,"key":"EntropicBrew"},{"floor":22.0,"key":"Fire Potion"},{"floor":27.0,"key":"Fire Potion"}],"is_trial":false,"path_per_floor":["M","M","$","M","M","E","R","M","T","$","M","E","?","E","R","B",null,"M","M","$","M","M","R","E","?","T","M","M","R","?","$","R","B",null,"M","M","$","?"],"character_chosen":"WATCHER","items_purchased":["Medical Kit"],"campfire_rested":2,"item_purchase_floors":[37],"current_hp_per_floor":[55,55,55,55,47,32,32,29,29,29,27,12,12,10,16,10,54,52,41,41,10,10,39,39,39,39,39,37,46,46,46,68,68,68,68,68,68,0],"gold":19,"neow_bonus":"UPGRADE_CARD","is_prod":false,"is_daily":false,"rewards_skipped":[{"floor":14,"relics":["Dead Branch"],"potions":["DistilledChaos"]}],"chose_seed":false,"campfire_upgraded":3,"win_rate":0,"floor_exit_playtime":[78,121,196,217,331,591,597,626,629,640,730,868,888,1003,1009,1086,1138,1217,1371,1458,1698,2111,2115,2287,2385,2389,2441,2586,2603,2608,2626,2695,2802,2813,2870,3012,3033],"timestamp":1669767893,"path_taken":["M","M","$","M","M","E","R","M","T","$","M","E","?","E","R","BOSS","M","M","$","M","M","R","E","?","T","M","M","R","?","$","R","BOSS","M","M","$","?"],"build_version":"2022-10-04","purchased_purges":4,"victory":false,"max_hp_per_floor":[68,68,68,68,68,68,68,68,68,68,68,68,68,68,68,68,68,68,68,68,68,68,68,68,68,68,68,68,68,68,68,68,68,68,68,68,68,68],"relic_stats":{"counters":[21,81],"HolyWater":[16],"Eternal Feather":30,"The Courier":63,"Art of War":[10],"Medical Kit":[1],"obtain_stats":[{"HornCleat":6,"HolyWater":17,"Eternal Feather":9,"The Courier":26,"Art of War":12,"PureWater":0,"Medical Kit":37,"FossilizedHelix":24,"Runic Pyramid":34},{"HornCleat":5,"HolyWater":10,"Eternal Feather":6,"The Courier":15,"Art of War":8,"PureWater":0,"Medical Kit":20,"FossilizedHelix":15,"Runic Pyramid":18},{"HornCleat":22,"HolyWater":40,"Eternal Feather":24,"The Courier":55,"Art of War":33,"PureWater":0,"Medical Kit":77,"FossilizedHelix":55,"Runic Pyramid":70}],"FossilizedHelix":[79]},"card_choices":[{"not_picked":["FlyingSleeves","WindmillStrike","JustLucky"],"picked":"SKIP","floor":1.0},{"not_picked":["SashWhip","PathToVictory"],"picked":"EmptyFist","floor":2.0},{"not_picked":["SashWhip","FlyingSleeves"],"picked":"Adaptation","floor":4.0},{"not_picked":["JustLucky","ClearTheMind"],"picked":"SignatureMove","floor":5.0},{"not_picked":["Indignation","Halt","CarveReality"],"picked":"SKIP","floor":6.0},{"not_picked":["Indignation","Halt","CarveReality"],"picked":"SKIP","floor":6.0},{"not_picked":["SashWhip","ForeignInfluence"],"picked":"Tantrum","floor":8.0},{"not_picked":["Perseverance","Study","PathToVictory"],"picked":"SKIP","floor":11.0},{"not_picked":["Perseverance","Study","PathToVictory"],"picked":"SKIP","floor":11.0},{"not_picked":["Collect","Establishment","BowlingBash"],"picked":"SKIP","floor":12.0},{"not_picked":["Evaluate","EmptyBody","FollowUp"],"picked":"SKIP","floor":14.0},{"not_picked":["DeusExMachina","Blasphemy"],"picked":"LessonLearned","floor":16.0},{"not_picked":["ClearTheMind+1","PathToVictory"],"picked":"MentalFortress","floor":18.0},{"not_picked":["Protect","Fasting2+1","Halt+1"],"picked":"SKIP","floor":19.0},{"not_picked":["Tantrum","WreathOfFlame","ClearTheMind"],"picked":"SKIP","floor":21.0},{"not_picked":["DeceiveReality","FlyingSleeves","BowlingBash+1"],"picked":"SKIP","floor":24.0},{"not_picked":["ThirdEye","DeceiveReality","Indignation"],"picked":"SKIP","floor":27.0},{"not_picked":["FlurryOfBlows","Indignation","Prostrate"],"picked":"SKIP","floor":28.0},{"not_picked":["WaveOfTheHand","Weave","Prostrate"],"picked":"SKIP","floor":35.0},{"not_picked":["WaveOfTheHand","Weave","Prostrate"],"picked":"SKIP","floor":35.0},{"not_picked":["BowlingBash","ForeignInfluence"],"picked":"MentalFortress","floor":36.0}],"player_experience":4575502,"relics_obtained":[{"floor":6.0,"key":"HornCleat"},{"floor":9.0,"key":"Eternal Feather"},{"floor":12.0,"key":"Art of War"},{"floor":24.0,"key":"FossilizedHelix"},{"floor":26.0,"key":"The Courier"}],"event_choices":[{"damage_healed":0.0,"max_hp_gain":0.0,"max_hp_loss":0.0,"gold_gain":0.0,"event_name":"Match and Keep!","player_choice":"1 cards matched","floor":13.0,"gold_loss":0.0,"damage_taken":0.0,"cards_obtained":["DeusExMachina"]},{"damage_healed":0.0,"max_hp_gain":0.0,"max_hp_loss":0.0,"gold_gain":0.0,"event_name":"Cursed Tome","player_choice":"Ignored","floor":25.0,"gold_loss":0.0,"damage_taken":0.0},{"damage_healed":0.0,"max_hp_gain":0.0,"max_hp_loss":0.0,"gold_gain":0.0,"event_name":"Vampires","player_choice":"Ignored","floor":30.0,"gold_loss":0.0,"damage_taken":0.0},{"damage_healed":0,"gold_gain":0,"player_choice":"Fight","damage_taken":0,"max_hp_gain":0,"max_hp_loss":0,"event_name":"Mysterious Sphere","floor":38,"gold_loss":0}],"is_beta":false,"boss_relics":[{"not_picked":["Runic Dome","Busted Crown"],"picked":"HolyWater"},{"not_picked":["Philosopher\u0027s Stone","Velvet Choker"],"picked":"Runic Pyramid"}],"items_purged_floors":[3,10,20,31],"is_endless":false,"potions_floor_spawned":[2,8,12,14,16,21,22,27],"killed_by":"2 Orb Walkers","ascension_level":20,"potion_discard_per_floor":[[],[],[],[],[],[],[],[],[],[],[],[],[],[],[],[],[],[],[],[],[],[],[],[],[],[],[],[],[],[],[],[],[],[],[],[],[],[]]}