{"neow_bonuses_skipped_log":["THREE_CARDS","TRANSFORM_TWO_CARDS","BOSS_RELIC"],"potions_obtained_entropic_brew":[[],[],[],[],[],[],[],[],[],[],[],[],[],[],[],[]],"neow_costs_skipped_log":["NONE","CURSE","NONE"],"gold_per_floor":[218,218,218,232,250,283,118,145,145,145,45,45,76,94,94,94],"floor_reached":16,"playtime":1327,"items_purged":["Defend_P","Defend_P"],"score":286,"play_id":"7c4311e5-ebe4-4394-9b72-7923cb9b98cd","local_time":"20221123171655","score_breakdown":["Floors Climbed (16): 80","Enemies Slain (4): 8","Exordium Elites Killed (3): 30","Bosses Slain (0): 0","Champion (1): 25","Ascension (20): 143"],"is_ascension_mode":true,"potions_obtained_alchemize":[[],[],[],[],[],[],[],[],[],[],[],[],[],[],[],[]],"campfire_choices":[{"floor":10,"key":"REST"},{"data":"Eruption","floor":15,"key":"SMITH"}],"lesson_learned_per_floor":[[],[],[],[],[],[],[],[],[],[],[],[],[],[],[],[]],"neow_cost":"NONE","improvable_cards":{},"seed_source_timestamp":5354280998557,"shop_contents":[{"floor":7,"relics":["Akabeko","Ancient Tea Set","TheAbacus"],"cards":["Ragnarok","Worship","Indignation","DevaForm","Bandage Up","Transmutation"],"potions":["Strength Potion","BottledMiracle","GamblersBrew"]},{"floor":11,"relics":["Letter Opener","Ornamental Fan","Medical Kit"],"cards":["LessonLearned","EmptyFist","Evaluate","ClearTheMind","Devotion","Discovery","The Bomb"],"potions":["Dexterity Potion","EssenceOfSteel","Dexterity Potion"]}],"circlet_count":0,"master_deck":["AscendersBane","Strike_P","Strike_P","Strike_P","Strike_P","Defend_P","Eruption+1","Vigilance","ReachHeaven","Wallop","FlurryOfBlows","FearNoEvil","Meditate"],"potion_use_per_floor":[[],[],[],[],[],[],[],["SteroidPotion"],[],[],[],[],["FearPotion"],[],[],[]],"relics":["PureWater","Dream Catcher","Prayer Wheel","Golden Idol","Matryoshka"],"potions_floor_usage":[8,13],"damage_taken":[{"damage":7,"enemies":"Jaw Worm","floor":1,"turns":5},{"damage":11,"enemies":"Small Slimes","floor":4,"turns":5},{"damage":0,"enemies":"2 Louse","floor":5,"turns":4},{"damage":43,"enemies":"3 Sentries","floor":6,"turns":5},{"damage":3,"enemies":"Gremlin Nob","floor":8,"turns":3},{"damage":0,"enemies":"Lagavulin","floor":13,"turns":3},{"damage":0,"enemies":"Blue Slaver","floor":14,"turns":1},{"damage":31,"enemies":"Hexaghost","floor":16,"turns":5}],"seed_played":"1084567010457478215","neow_bonus_log":{"cardsObtained":[],"cardsUpgraded":[],"cardsRemoved":[],"cardsTransformed":[],"relicsObtained":[],"maxHpGained":0,"goldGained":100,"damageTaken":0,"goldLost":0,"maxHpLost":0},"potions_obtained":[{"floor":5,"key":"FearPotion"},{"floor":6,"key":"SteroidPotion"}],"is_trial":false,"path_per_floor":["M","?","?","M","M","E","$","E","T","R","$","?","E","M","R","B"],"character_chosen":"WATCHER","items_purchased":["FearNoEvil"],"campfire_rested":1,"item_purchase_floors":[7],"current_hp_per_floor":[54,47,68,57,57,14,14,11,11,31,31,31,31,31,31,0],"gold":94,"neow_bonus":"HUNDRED_GOLD","is_prod":false,"is_daily":false,"rewards_skipped":[],"chose_seed":false,"campfire_upgraded":1,"win_rate":0,"floor_exit_playtime":[126,132,157,212,391,630,762,804,826,831,868,873,1149,1202,1218],"timestamp":1669241815,"blue_key_relic_skipped_log":{"floor":9,"relicID":"Darkstone Periapt"},"path_taken":["M","?","?","M","M","E","$","E","T","R","?","?","E","M","R","BOSS"],"build_version":"2022-10-04","purchased_purges":2,"victory":false,"max_hp_per_floor":[68,68,68,68,68,68,68,68,68,68,68,62,62,62,62,62],"relic_stats":{"Dream Catcher":1,"Matryoshka":0,"counters":[8,31],"Golden Idol":10,"Prayer Wheel":1,"PureWater":[8],"obtain_stats":[{"Dream Catcher":6,"Matryoshka":13,"Golden Idol":12,"Prayer Wheel":8,"PureWater":0},{"Dream Catcher":4,"Matryoshka":6,"Golden Idol":5,"Prayer Wheel":5,"PureWater":0},{"Dream Catcher":19,"Matryoshka":25,"Golden Idol":22,"Prayer Wheel":22,"PureWater":0}]},"card_choices":[{"not_picked":["BowlingBash","Halt","ClearTheMind"],"picked":"SKIP","floor":1},{"not_picked":["ClearTheMind","Sanctity"],"picked":"ReachHeaven","floor":4},{"not_picked":["Evaluate","Consecrate"],"picked":"Wallop","floor":5},{"not_picked":["Fasting2","FollowUp"],"picked":"FlurryOfBlows","floor":6},{"not_picked":["Prostrate","SandsOfTime","Protect"],"picked":"SKIP","floor":8},{"not_picked":["FlurryOfBlows","Study","Perseverance"],"picked":"SKIP","floor":13},{"not_picked":["FlurryOfBlows","Study","Perseverance"],"picked":"SKIP","floor":13},{"not_picked":["PathToVictory","WheelKick"],"picked":"Meditate","floor":14},{"not_picked":["Meditate","Crescendo","EmptyBody"],"picked":"SKIP","floor":14}],"player_experience":4516052,"relics_obtained":[{"floor":6,"key":"Dream Catcher"},{"floor":8,"key":"Prayer Wheel"},{"floor":13,"key":"Matryoshka"}],"event_choices":[{"cards_removed":["Defend_P"],"damage_healed":0,"gold_gain":0,"player_choice":"Card Removal","damage_taken":7,"max_hp_gain":0,"max_hp_loss":0,"event_name":"Golden Wing","floor":2,"gold_loss":0},{"damage_healed":22,"gold_gain":0,"player_choice":"Banana","damage_taken":0,"max_hp_gain":0,"max_hp_loss":0,"event_name":"Big Fish","floor":3,"gold_loss":0},{"damage_healed":0,"gold_gain":0,"player_choice":"Lose Max HP","damage_taken":0,"relics_obtained":["Golden Idol"],"max_hp_gain":0,"max_hp_loss":6,"event_name":"Golden Idol","floor":12,"gold_loss":0}],"is_beta":false,"boss_relics":[],"items_purged_floors":[7,11],"is_endless":false,"potions_floor_spawned":[5,6],"killed_by":"Hexaghost","ascension_level":20,"potion_discard_per_floor":[[],[],[],[],[],[],[],[],[],[],[],[],[],[],[],[]]}