{"neow_bonuses_skipped_log":["THREE_SMALL_POTIONS","ONE_RARE_RELIC","BOSS_RELIC"],"potions_obtained_entropic_brew":[[],[],[],[],[],[],[],[],[],[],[],[],[],[],[],[],[],[],[],[],[],[],[],[],[],[],[],[],[],[],[],[],[],[],[],[],[],[],[],[],[],[],[],[],[],[],[],[],[],[],[]],"neow_costs_skipped_log":["NONE","CURSE","NONE"],"gold_per_floor":[115,40,60,76,76,104,104,135,185,185,210,285,285,285,285,364,364,376,409,409,421,267,297,297,314,314,325,339,359,359,386,386,463,463,480,480,496,273,273,273,301,319,364,395,395,395,426,445,445,445,445],"floor_reached":51,"playtime":2552,"items_purged":["Defend_P","Strike_P","Defend_P+1"],"score":1936,"play_id":"a508beca-f3d8-4849-a8b4-d495f56266d7","local_time":"20221127205026","score_breakdown":["Floors Climbed (51): 255","Enemies Slain (14): 28","Exordium Elites Killed (3): 30","City Elites Killed (2): 40","Beyond Elites Killed (3): 90","Bosses Slain (3): 300","Champion (3): 75","Perfect (2): 100","Overkill: 25","C-c-c-combo: 25","Ascension (20): 968"],"is_ascension_mode":true,"potions_obtained_alchemize":[[],[],[],[],[],[],[],[],[],[],[],[],[],[],[],[],[],[],[],[],[],[],[],[],[],[],[],[],[],[],[],[],[],[],[],[],[],[],[],[],[],[],[],[],[],[],[],[],[],[],[]],"campfire_choices":[{"data":"Eruption","floor":7,"key":"SMITH"},{"data":"ForeignInfluence","floor":10,"key":"SMITH"},{"data":"EmptyFist","floor":13,"key":"SMITH"},{"data":"MentalFortress","floor":15,"key":"SMITH"},{"floor":24,"key":"REST"},{"data":"CutThroughFate","floor":30,"key":"SMITH"},{"floor":32,"key":"REST"},{"data":"Adaptation","floor":40,"key":"SMITH"},{"data":"Scrawl","floor":46,"key":"SMITH"},{"floor":49,"key":"RECALL"}],"lesson_learned_per_floor":[[],[],[],[],[],[],[],[],[],[],[],[],[],[],[],[],[],[],[],[],[],[],[],[],[],[],[],[],[],[],[],[],[],[],[],[],[],[],[],[],[],[],[],[],[],[],[],[],[],[],[]],"neow_cost":"NONE","improvable_cards":{},"seed_source_timestamp":13095502231846,"shop_contents":[{"floor":2,"relics":["Oddly Smooth Stone","Bag of Preparation","Frozen Eye"],"cards":["SashWhip","FollowUp","EmptyMind","PathToVictory","Fasting2","Dark Shackles","Panache"],"potions":["Regen Potion","BottledMiracle","EssenceOfSteel"]},{"floor":22,"relics":["Molten Egg 2","Dead Branch","Melange"],"cards":["SignatureMove","FlyingSleeves","EmptyBody","PathToVictory","Fasting2","Impatience","HandOfGreed"],"potions":["Energy Potion","Energy Potion"]},{"floor":38,"relics":["Ancient Tea Set","Omamori"],"cards":["CutThroughFate","Consecrate","Prostrate","Evaluate","Study","Dramatic Entrance","Apotheosis"],"potions":["LiquidMemories","BottledMiracle","EntropicBrew"]}],"circlet_count":0,"master_deck":["AscendersBane","Eruption+1","Vigilance+1","FearNoEvil","EmptyFist+1","CarveReality","ForeignInfluence+1","MentalFortress+1","MentalFortress+1","CutThroughFate+1","Adaptation+1","Vault+1","EmptyBody+1","BowlingBash+1","MentalFortress+1","Scrawl+1"],"potion_use_per_floor":[[],[],[],[],[],[],[],["Explosive Potion"],[],[],[],[],[],[],[],["Strength Potion"],[],[],["SkillPotion"],[],[],[],["AttackPotion"],[],[],[],["SkillPotion"],[],[],[],[],[],[],[],[],[],[],[],[],[],[],[],[],["DistilledChaos","FearPotion"],[],[],[],[],[],[],["AttackPotion"]],"relics":["PureWater","Darkstone Periapt","Pen Nib","Blood Vial","Philosopher\u0027s Stone","War Paint","Kunai","Pear","Astrolabe","Membership Card","Happy Flower","Boot","StrikeDummy","Juzu Bracelet"],"potions_floor_usage":[8,16,19,23,27,44,44,51],"damage_taken":[{"damage":4,"enemies":"Cultist","floor":1,"turns":4},{"damage":0,"enemies":"Small Slimes","floor":3,"turns":2},{"damage":0,"enemies":"Jaw Worm","floor":4,"turns":2},{"damage":16,"enemies":"Gremlin Nob","floor":6,"turns":3},{"damage":5,"enemies":"3 Sentries","floor":8,"turns":3},{"damage":0,"enemies":"Gremlin Nob","floor":11,"turns":2},{"damage":15,"enemies":"Hexaghost","floor":16,"turns":6},{"damage":0,"enemies":"Spheric Guardian","floor":18,"turns":2},{"damage":0,"enemies":"Shell Parasite","floor":19,"turns":1},{"damage":25,"enemies":"Centurion and Healer","floor":21,"turns":5},{"damage":19,"enemies":"Slavers","floor":23,"turns":5},{"damage":0,"enemies":"Snecko","floor":25,"turns":4},{"damage":0,"enemies":"Shelled Parasite and Fungi","floor":27,"turns":2},{"damage":0,"enemies":"Centurion and Healer","floor":28,"turns":3},{"damage":0,"enemies":"Snake Plant","floor":29,"turns":2},{"damage":36,"enemies":"Gremlin Leader","floor":31,"turns":4},{"damage":0,"enemies":"Collector","floor":33,"turns":7},{"damage":0,"enemies":"Orb Walker","floor":35,"turns":4},{"damage":0,"enemies":"3 Darklings","floor":37,"turns":3},{"damage":0,"enemies":"Giant Head","floor":41,"turns":5},{"damage":0,"enemies":"Jaw Worm Horde","floor":42,"turns":5},{"damage":36,"enemies":"Nemesis","floor":44,"turns":6},{"damage":0,"enemies":"Reptomancer","floor":47,"turns":3},{"damage":9,"enemies":"Sphere and 2 Shapes","floor":48,"turns":4},{"damage":0,"enemies":"Donu and Deca","floor":50,"turns":7},{"damage":51,"enemies":"Time Eater","floor":51,"turns":5}],"green_key_taken_log":41,"seed_played":"7469928213942465217","neow_bonus_log":{"cardsObtained":[],"cardsUpgraded":[],"cardsRemoved":["Defend_P"],"cardsTransformed":[],"relicsObtained":[],"maxHpGained":0,"goldGained":0,"damageTaken":0,"goldLost":0,"maxHpLost":0},"potions_obtained":[{"floor":1,"key":"Explosive Potion"},{"floor":6,"key":"SkillPotion"},{"floor":11,"key":"Strength Potion"},{"floor":18,"key":"LiquidBronze"},{"floor":21,"key":"SkillPotion"},{"floor":23,"key":"DistilledChaos"},{"floor":31,"key":"FearPotion"},{"floor":44,"key":"SpeedPotion"},{"floor":48,"key":"AttackPotion"}],"is_trial":false,"path_per_floor":["M","$","M","M","?","E","R","E","T","R","E","?","R","?","R","B",null,"M","M","?","M","$","E","R","M","T","M","M","M","R","E","R","B",null,"M","?","M","$","?","R","E","M","T","E","?","R","E","M","R","B","B"],"character_chosen":"WATCHER","items_purchased":["AttackPotion","Membership Card"],"campfire_rested":2,"item_purchase_floors":[22,38],"current_hp_per_floor":[57,57,57,57,57,41,41,36,36,36,36,25,25,25,25,12,54,56,58,58,35,35,18,38,40,40,42,44,46,46,22,45,47,70,72,72,74,74,74,74,76,78,78,42,42,42,44,37,37,39,0],"gold":445,"neow_bonus":"REMOVE_CARD","is_prod":false,"is_daily":false,"rewards_skipped":[{"floor":33,"relics":[],"potions":["Explosive Potion"]}],"chose_seed":false,"campfire_upgraded":7,"win_rate":0,"floor_exit_playtime":[111,121,135,165,207,309,315,375,386,391,427,430,440,446,450,526,572,596,674,731,807,846,979,992,1079,1081,1145,1186,1243,1249,1344,1386,1534,1601,1632,1638,1687,1733,1735,1740,1829,1910,1913,2033,2040,2049,2117,2220,2224,2389],"timestamp":1669600226,"blue_key_relic_skipped_log":{"floor":9,"relicID":"Dream Catcher"},"path_taken":["M","$","M","M","?","E","R","E","T","R","E","?","R","?","R","BOSS","M","M","?","M","$","E","R","M","T","?","M","M","R","E","R","BOSS","M","?","M","?","?","R","E","M","T","E","?","R","E","M","R","BOSS","BOSS"],"build_version":"2022-10-04","purchased_purges":3,"victory":false,"max_hp_per_floor":[68,68,68,68,68,68,68,68,68,68,68,68,68,68,68,68,68,68,68,68,68,68,68,68,68,68,68,68,68,68,78,78,78,78,78,78,78,78,78,78,78,78,78,78,74,74,74,74,74,74,74],"relic_stats":{"Darkstone Periapt":0,"Happy Flower":[10],"counters":[26,99],"Astrolabe":["EmptyBody","BowlingBash","MentalFortress"],"Pen Nib":[28],"Juzu Bracelet":0,"War Paint":["Defend_P","Vigilance"],"Boot":[16],"Blood Vial":38,"Kunai":[50],"Membership Card":62,"PureWater":[15],"obtain_stats":[{"Darkstone Periapt":6,"Pear":31,"Happy Flower":41,"Astrolabe":34,"Pen Nib":8,"Juzu Bracelet":47,"War Paint":23,"Boot":43,"Blood Vial":11,"Philosopher\u0027s Stone":17,"Kunai":26,"Membership Card":38,"PureWater":0,"StrikeDummy":44},{"Darkstone Periapt":4,"Pear":16,"Happy Flower":20,"Astrolabe":17,"Pen Nib":5,"Juzu Bracelet":23,"War Paint":11,"Boot":21,"Blood Vial":6,"Philosopher\u0027s Stone":7,"Kunai":12,"Membership Card":19,"PureWater":0,"StrikeDummy":22},{"Darkstone Periapt":11,"Pear":50,"Happy Flower":69,"Astrolabe":57,"Pen Nib":14,"Juzu Bracelet":83,"War Paint":35,"Boot":74,"Blood Vial":16,"Philosopher\u0027s Stone":22,"Kunai":39,"Membership Card":64,"PureWater":0,"StrikeDummy":80}]},"card_choices":[{"not_picked":["InnerPeace","SashWhip"],"picked":"FearNoEvil","floor":1},{"not_picked":["Collect","Wireheading"],"picked":"EmptyFist","floor":3},{"not_picked":["FollowUp","Study"],"picked":"CarveReality","floor":4},{"not_picked":["BowlingBash","SandsOfTime"],"picked":"ForeignInfluence","floor":6},{"not_picked":["BowlingBash","Swivel","WaveOfTheHand"],"picked":"SKIP","floor":8},{"not_picked":["FlyingSleeves","Wish"],"picked":"MentalFortress","floor":11},{"not_picked":["FlyingSleeves","LikeWater","SashWhip"],"picked":"SKIP","floor":18},{"not_picked":["Nirvana","Worship","Evaluate"],"picked":"SKIP","floor":19},{"not_picked":["Conclude","MentalFortress+1","CrushJoints"],"picked":"SKIP","floor":21},{"not_picked":["Protect","BowlingBash","Halt"],"picked":"SKIP","floor":23},{"not_picked":["DeceiveReality+1","EmptyBody","FlyingSleeves"],"picked":"SKIP","floor":25},{"not_picked":["Nirvana","Consecrate","WheelKick"],"picked":"SKIP","floor":27},{"not_picked":["MentalFortress+1","CutThroughFate","EmptyFist"],"picked":"SKIP","floor":29},{"not_picked":["MentalFortress+1","EmptyFist"],"picked":"CutThroughFate","floor":29},{"not_picked":["JustLucky","FlurryOfBlows"],"picked":"Adaptation","floor":31},{"not_picked":["ConjureBlade","Omniscience"],"picked":"Vault","floor":33},{"not_picked":["Indignation","ClearTheMind","FollowUp"],"picked":"SKIP","floor":35},{"not_picked":["Evaluate","Collect+1","WheelKick+1"],"picked":"SKIP","floor":37},{"not_picked":["Evaluate+1","Consecrate"],"picked":"Scrawl","floor":41},{"not_picked":["PathToVictory","Fasting2","Crescendo"],"picked":"SKIP","floor":42},{"not_picked":["SignatureMove","FollowUp","Wireheading"],"picked":"SKIP","floor":44},{"not_picked":["SandsOfTime","ForeignInfluence","Fasting2"],"picked":"SKIP","floor":47},{"not_picked":["EmptyFist","Consecrate","Evaluate"],"picked":"SKIP","floor":48}],"player_experience":4561529,"relics_obtained":[{"floor":6,"key":"Darkstone Periapt"},{"floor":8,"key":"Pen Nib"},{"floor":11,"key":"Blood Vial"},{"floor":23,"key":"War Paint"},{"floor":26,"key":"Kunai"},{"floor":31,"key":"Pear"},{"floor":41,"key":"Happy Flower"},{"floor":43,"key":"Boot"},{"floor":44,"key":"StrikeDummy"},{"floor":47,"key":"Juzu Bracelet"}],"event_choices":[{"cards_removed":["Defend_P"],"damage_healed":0,"gold_gain":0,"player_choice":"Forget","damage_taken":0,"max_hp_gain":0,"max_hp_loss":0,"event_name":"Living Wall","floor":5,"gold_loss":0},{"damage_healed":0,"gold_gain":75,"player_choice":"Gather Gold","damage_taken":11,"max_hp_gain":0,"max_hp_loss":0,"event_name":"World of Goop","floor":12,"gold_loss":0},{"damage_healed":0,"gold_gain":0,"player_choice":"Ignored","damage_taken":0,"max_hp_gain":0,"max_hp_loss":0,"event_name":"Liars Game","floor":14,"gold_loss":0},{"damage_healed":0,"gold_gain":0,"player_choice":"Copied","damage_taken":0,"max_hp_gain":0,"max_hp_loss":0,"event_name":"Duplicator","floor":20,"gold_loss":0,"cards_obtained":["MentalFortress"]},{"damage_healed":0,"gold_gain":0,"player_choice":"Upgraded","damage_taken":0,"max_hp_gain":0,"max_hp_loss":0,"event_name":"Upgrade Shrine","floor":36,"gold_loss":0,"cards_upgraded":["Vault"]},{"damage_healed":0,"gold_gain":0,"player_choice":"Ignored","damage_taken":0,"max_hp_gain":0,"max_hp_loss":0,"event_name":"Tomb of Lord Red Mask","floor":39,"gold_loss":0},{"damage_healed":0,"gold_gain":0,"player_choice":"Max HP","damage_taken":0,"max_hp_gain":0,"max_hp_loss":4,"event_name":"Winding Halls","floor":45,"gold_loss":0}],"is_beta":false,"boss_relics":[{"not_picked":["Calling Bell","Busted Crown"],"picked":"Philosopher\u0027s Stone"},{"not_picked":["Fusion Hammer","Runic Dome"],"picked":"Astrolabe"}],"items_purged_floors":[2,22,38],"is_endless":false,"potions_floor_spawned":[1,6,11,18,21,23,31,33,44,48],"killed_by":"Time Eater","ascension_level":20,"potion_discard_per_floor":[[],[],[],[],[],[],[],[],[],[],[],[],[],[],[],[],[],[],[],[],[],["LiquidBronze"],[],[],[],[],[],[],[],[],[],[],[],[],[],[],[],[],[],[],[],[],[],[],[],[],[],[],[],[],[]]}