{"neow_bonuses_skipped_log":["THREE_ENEMY_KILL","TRANSFORM_TWO_CARDS","BOSS_RELIC"],"neow_costs_skipped_log":["NONE","CURSE","NONE"],"potions_obtained_entropic_brew":[[],[],[],[],[],[],[],[],[],[],[],[],[],[],[],[],[],[],[],[],[],[],[],[],[],[],[],[],[],[],[],[],[],[],[],[],[],[],[],[],[],[],[],[],[],[],[],[],[],[],[],[],[],[],[],[],[]],"gold_per_floor":[117,117,131,142,14,14,43,61,61,95,95,95,146,175,175,246,246,266,280,280,280,307,307,335,260,284,311,85,85,105,116,116,189,189,206,206,226,126,137,163,163,195,270,270,289,289,318,371,371,371,371,371,371,187,218,218],"floor_reached":57,"playtime":2519,"items_purged":["Strike_P","Strike_P","Strike_P"],"score":3138,"play_id":"095b3df7-0c40-4701-8334-22a32fdd6915","local_time":"20221126163732","score_breakdown":["Floors Climbed (57): 285","Enemies Slain (12): 24","Exordium Elites Killed (3): 30","City Elites Killed (2): 40","Beyond Elites Killed (3): 90","Bosses Slain (5): 750","Light Speed: 50","Champion (4): 100","Perfect (1): 50","Overkill: 25","C-c-c-combo: 25","Ascension (20): 1419","Heartbreaker: 250"],"is_ascension_mode":true,"potions_obtained_alchemize":[[],[],[],[],[],[],[],[],[],[],[],[],[],[],[],[],[],[],[],[],[],[],[],[],[],[],[],[],[],[],[],[],[],[],[],[],[],[],[],[],[],[],[],[],[],[],[],[],[],[],[],[],[],[],[],[],[]],"campfire_choices":[{"data":"Eruption","floor":6,"key":"SMITH"},{"data":"Consecrate","floor":11,"key":"SMITH"},{"data":"MentalFortress","floor":15,"key":"SMITH"},{"data":"Scrawl","floor":23,"key":"SMITH"},{"floor":29,"key":"RECALL"},{"data":"Vigilance","floor":32,"key":"SMITH"},{"data":"Scrawl","floor":41,"key":"SMITH"},{"data":"Devotion","floor":44,"key":"SMITH"},{"data":"Flash of Steel","floor":46,"key":"SMITH"},{"data":"Prostrate","floor":49,"key":"SMITH"},{"data":"FearNoEvil","floor":53,"key":"SMITH"}],"lesson_learned_per_floor":[[],[],[],[],[],[],[],[],[],[],[],[],[],[],[],[],[],[],[],[],[],[],[],[],[],[],[],[],[],[],[],[],[],[],[],[],[],[],[],[],[],[],[],[],[],[],[],[],[],[],[],[],[],[],[],[],[]],"neow_cost":"NONE","improvable_cards":{},"seed_source_timestamp":12510699403588,"shop_contents":[{"floor":5,"relics":["White Beast Statue","Yang","Cauldron"],"cards":["FlurryOfBlows","EmptyMind","Wish","Forethought","Secret Technique"],"potions":["Ancient Potion","LiquidMemories","BlessingOfTheForge"]},{"floor":28,"relics":["Oddly Smooth Stone","PrismaticShard"],"cards":["EmptyFist","CutThroughFate","Evaluate","Collect","Nirvana","Dramatic Entrance","Metamorphosis"],"potions":["EssenceOfSteel","Swift Potion","Swift Potion"]},{"floor":38,"relics":["Pocketwatch","Juzu Bracelet","ClockworkSouvenir"],"cards":["Wallop","BowlingBash","Pray","Crescendo","Study","Trip","Apotheosis"],"potions":["ColorlessPotion","Regen Potion","FearPotion"]},{"floor":54,"relics":["Bottled Tornado","Letter Opener","HandDrill"],"cards":["FollowUp+1","BowlingBash+1","WreathOfFlame","DevaForm","Madness","Secret Technique"],"potions":["Regen Potion","SpeedPotion","GamblersBrew"]}],"circlet_count":0,"master_deck":["AscendersBane","Strike_P+1","Eruption+1","Vigilance+1","ReachHeaven","FearNoEvil+1","MentalFortress+1","Consecrate+1","Scrawl+1","Halt+1","Scrawl+1","Flash of Steel+1","Prostrate+1","TalkToTheHand+1","Devotion+1","FlurryOfBlows+1","CrushJoints+1","Prostrate+1","Halt"],"potion_use_per_floor":[[],[],[],[],[],[],[],[],[],["SkillPotion"],[],[],[],[],[],[],[],[],[],[],[],[],[],[],[],[],["Fruit Juice"],[],[],[],[],[],["PowerPotion"],[],[],[],[],[],[],[],[],[],[],[],[],[],[],[],[],[],[],[],[],[],["DistilledChaos"],["Weak Potion"],[]],"relics":["PureWater","Question Card","StrikeDummy","Pear","Orichalcum","Shuriken","Coffee Dripper","Blood Vial","Ornamental Fan","Toy Ornithopter","MawBank","Anchor","Runic Pyramid","Molten Egg 2","FossilizedHelix","Pantograph","Turnip","Eternal Feather"],"potions_floor_usage":[10,27,33,55,56],"damage_taken":[{"damage":0,"enemies":"2 Louse","floor":1,"turns":2},{"damage":0,"enemies":"Jaw Worm","floor":3,"turns":3},{"damage":0,"enemies":"Small Slimes","floor":4,"turns":2},{"damage":11,"enemies":"Gremlin Nob","floor":7,"turns":3},{"damage":0,"enemies":"3 Louse","floor":8,"turns":2},{"damage":6,"enemies":"Lagavulin","floor":10,"turns":6},{"damage":2,"enemies":"Gremlin Nob","floor":14,"turns":3},{"damage":12,"enemies":"Hexaghost","floor":16,"turns":6},{"damage":0,"enemies":"3 Byrds","floor":18,"turns":2},{"damage":9,"enemies":"2 Thieves","floor":19,"turns":3},{"damage":8,"enemies":"Book of Stabbing","floor":24,"turns":3},{"damage":0,"enemies":"Slavers","floor":27,"turns":3},{"damage":0,"enemies":"Centurion and Healer","floor":30,"turns":2},{"damage":0,"enemies":"Cultist and Chosen","floor":31,"turns":2},{"damage":29,"enemies":"Champ","floor":33,"turns":10},{"damage":0,"enemies":"3 Darklings","floor":35,"turns":2},{"damage":0,"enemies":"3 Shapes","floor":37,"turns":1},{"damage":0,"enemies":"Sphere and 2 Shapes","floor":39,"turns":1},{"damage":0,"enemies":"Reptomancer","floor":40,"turns":3},{"damage":0,"enemies":"Giant Head","floor":42,"turns":5},{"damage":0,"enemies":"Writhing Mass","floor":45,"turns":3},{"damage":0,"enemies":"Nemesis","floor":47,"turns":3},{"damage":0,"enemies":"2 Orb Walkers","floor":48,"turns":2},{"damage":8,"enemies":"Time Eater","floor":50,"turns":4},{"damage":0,"enemies":"Awakened One","floor":51,"turns":3},{"damage":20,"enemies":"Shield and Spear","floor":55,"turns":3},{"damage":58,"enemies":"The Heart","floor":56,"turns":6}],"green_key_taken_log":10,"seed_played":"-4618018508934473619","neow_bonus_log":{"cardsObtained":[],"cardsUpgraded":[],"cardsRemoved":["Defend_P"],"cardsTransformed":[],"relicsObtained":[],"maxHpGained":0,"goldGained":0,"damageTaken":0,"goldLost":0,"maxHpLost":0},"potions_obtained":[{"floor":1,"key":"FairyPotion"},{"floor":8,"key":"SkillPotion"},{"floor":16,"key":"SpeedPotion"},{"floor":19,"key":"Fruit Juice"},{"floor":27,"key":"PowerPotion"},{"floor":35,"key":"DistilledChaos"},{"floor":55,"key":"Weak Potion"}],"is_trial":false,"path_per_floor":["M","?","M","M","$","R","E","M","T","E","R","?","T","E","R","B",null,"M","M","?","?","T","R","E","?","T","E","$","R","M","M","R","B",null,"M","?","M","$","M","E","R","E","T","R","M","R","E","?","R","B","B",null,"R","$","E","B",null],"character_chosen":"WATCHER","items_purchased":["FearNoEvil","MentalFortress","Anchor","Halt"],"campfire_rested":0,"item_purchase_floors":[5,5,28,54],"current_hp_per_floor":[61,41,41,41,41,41,30,30,30,34,34,27,27,25,25,13,62,62,53,53,53,53,53,47,47,47,59,59,59,61,63,63,41,73,75,65,67,67,69,71,71,73,73,73,75,75,77,79,79,75,83,83,83,83,63,25],"gold":218,"neow_bonus":"REMOVE_CARD","is_prod":false,"is_daily":false,"rewards_skipped":[{"floor":31,"relics":[],"potions":["SkillPotion"]},{"floor":47,"relics":[],"potions":["PowerPotion"]},{"floor":48,"relics":[],"potions":["ColorlessPotion"]}],"chose_seed":false,"campfire_upgraded":10,"win_rate":0,"floor_exit_playtime":[64,68,87,150,174,181,274,297,301,381,389,394,397,420,433,482,544,600,653,658,675,678,684,760,767,771,816,845,856,879,914,921,1029,1111,1202,1280,1334,1376,1446,1492,1498,1605,1609,1615,1697,1705,1796,1846,1852,2013,2119,2131,2139,2206,2319,2519],"timestamp":1669498652,"blue_key_relic_skipped_log":{"floor":43,"relicID":"Singing Bowl"},"path_taken":["M","?","M","M","$","R","E","M","T","E","R","?","?","E","R","BOSS","M","M","?","?","?","R","E","?","T","E","$","R","?","M","R","BOSS","M","?","M","$","M","E","R","E","T","R","M","R","E","?","R","BOSS","BOSS","R","$","E","BOSS"],"build_version":"2022-10-04","purchased_purges":3,"victory":true,"max_hp_per_floor":[68,68,68,68,68,68,68,68,68,78,78,78,78,78,78,78,78,78,78,78,78,78,78,78,78,78,83,83,83,83,83,83,83,83,83,83,83,83,83,83,83,83,83,83,83,83,83,83,83,83,83,83,83,83,83,83],"relic_stats":{"counters":[27,88],"Eternal Feather":0,"Orichalcum":[36],"Question Card":23,"MawBank":12,"Blood Vial":26,"Shuriken":[74],"Ornamental Fan":[260],"Pantograph":32,"Turnip":[2],"PureWater":[23],"obtain_stats":[{"Pear":10,"Eternal Feather":55,"Orichalcum":13,"Question Card":7,"MawBank":27,"Blood Vial":22,"Anchor":28,"Shuriken":14,"Ornamental Fan":24,"Pantograph":47,"Molten Egg 2":40,"Turnip":48,"Coffee Dripper":17,"PureWater":0,"StrikeDummy":9,"Toy Ornithopter":26,"FossilizedHelix":42,"Runic Pyramid":34},{"Pear":6,"Eternal Feather":26,"Orichalcum":6,"Question Card":4,"MawBank":12,"Blood Vial":10,"Anchor":12,"Shuriken":7,"Ornamental Fan":11,"Pantograph":22,"Molten Egg 2":19,"Turnip":23,"Coffee Dripper":8,"PureWater":0,"StrikeDummy":5,"Toy Ornithopter":11,"FossilizedHelix":20,"Runic Pyramid":15},{"Pear":18,"Eternal Feather":82,"Orichalcum":18,"Question Card":10,"MawBank":38,"Blood Vial":32,"Anchor":38,"Shuriken":21,"Ornamental Fan":35,"Pantograph":70,"Molten Egg 2":59,"Turnip":72,"Coffee Dripper":27,"PureWater":0,"StrikeDummy":12,"Toy Ornithopter":35,"FossilizedHelix":64,"Runic Pyramid":52}],"Toy Ornithopter":10,"FossilizedHelix":[24]},"card_choices":[{"not_picked":["EmptyBody","Crescendo","BowlingBash"],"picked":"SKIP","floor":1},{"not_picked":["Prostrate","EmptyBody"],"picked":"ReachHeaven","floor":3},{"not_picked":["Swivel","ThirdEye","PathToVictory"],"picked":"SKIP","floor":4},{"not_picked":["TalkToTheHand","Evaluate"],"picked":"Consecrate","floor":7},{"not_picked":["Perseverance","FollowUp","MentalFortress","FearNoEvil"],"picked":"SKIP","floor":8},{"not_picked":["LikeWater","Crescendo","Study","ForeignInfluence"],"picked":"SKIP","floor":10},{"not_picked":["PathToVictory","EmptyFist","WindmillStrike","Crescendo"],"picked":"SKIP","floor":14},{"not_picked":["SpiritShield","Judgement","Devotion"],"picked":"Scrawl","floor":16},{"not_picked":["Protect","WaveOfTheHand","BowlingBash","JustLucky"],"picked":"SKIP","floor":18},{"not_picked":["Sanctity+1","ThirdEye","JustLucky","EmptyFist"],"picked":"SKIP","floor":19},{"not_picked":["FollowUp","Protect","SpiritShield"],"picked":"Halt+1","floor":24},{"not_picked":["Fasting2","CutThroughFate","Wireheading","Collect"],"picked":"SKIP","floor":27},{"not_picked":["SandsOfTime","Protect","ThirdEye","DeceiveReality"],"picked":"SKIP","floor":30},{"not_picked":["DeceiveReality","ClearTheMind+1","WheelKick","FlyingSleeves"],"picked":"SKIP","floor":31},{"not_picked":["ConjureBlade","DevaForm","MasterReality"],"picked":"Scrawl","floor":33},{"not_picked":["FlyingSleeves+1","Tantrum","ReachHeaven","Prostrate"],"picked":"SKIP","floor":35},{"not_picked":["Enlightenment","Mind Blast","Secret Weapon"],"picked":"Flash of Steel","floor":36},{"not_picked":["Panache","Blind","Metamorphosis","Violence"],"picked":"SKIP","floor":36},{"not_picked":["Mind Blast","Transmutation","Thinking Ahead","Metamorphosis"],"picked":"SKIP","floor":36},{"not_picked":["CarveReality","Consecrate+1","Wallop"],"picked":"Prostrate+1","floor":37},{"not_picked":["SashWhip","InnerPeace","Prostrate"],"picked":"TalkToTheHand+1","floor":39},{"not_picked":["Halt","SandsOfTime+1","Evaluate","BowlingBash+1"],"picked":"SKIP","floor":40},{"not_picked":["LikeWater+1","Devotion","Collect","EmptyBody+1"],"picked":"SKIP","floor":42},{"not_picked":["LikeWater+1","Collect","EmptyBody+1"],"picked":"Devotion","floor":42},{"not_picked":["PathToVictory","Collect+1","LikeWater"],"picked":"FlurryOfBlows+1","floor":45},{"not_picked":["Fasting2","FlyingSleeves+1","LessonLearned+1"],"picked":"CrushJoints+1","floor":47},{"not_picked":["Evaluate","Weave+1","PathToVictory"],"picked":"Prostrate","floor":48},{"not_picked":["ForeignInfluence","LikeWater","Vengeance","CarveReality+1"],"picked":"SKIP","floor":55}],"player_experience":4540948,"relics_obtained":[{"floor":7,"key":"Question Card"},{"floor":9,"key":"StrikeDummy"},{"floor":10,"key":"Pear"},{"floor":13,"key":"Orichalcum"},{"floor":14,"key":"Shuriken"},{"floor":22,"key":"Blood Vial"},{"floor":24,"key":"Ornamental Fan"},{"floor":26,"key":"Toy Ornithopter"},{"floor":27,"key":"MawBank"},{"floor":40,"key":"Molten Egg 2"},{"floor":42,"key":"FossilizedHelix"},{"floor":47,"key":"Pantograph"},{"floor":48,"key":"Turnip"},{"floor":55,"key":"Eternal Feather"}],"event_choices":[{"damage_healed":0,"gold_gain":0,"player_choice":"Entered Light","damage_taken":20,"max_hp_gain":0,"max_hp_loss":0,"event_name":"Shining Light","floor":2,"gold_loss":0,"cards_upgraded":["Strike_P","Defend_P"]},{"cards_removed":["Defend_P"],"damage_healed":0,"gold_gain":0,"player_choice":"Card Removal","damage_taken":7,"max_hp_gain":0,"max_hp_loss":0,"event_name":"Golden Wing","floor":12,"gold_loss":0},{"cards_removed":["Defend_P"],"damage_healed":0,"gold_gain":0,"player_choice":"Elegance","damage_taken":0,"max_hp_gain":0,"max_hp_loss":0,"event_name":"Back to Basics","floor":20,"gold_loss":0},{"damage_healed":0,"gold_gain":0,"player_choice":"Ignored","damage_taken":0,"max_hp_gain":0,"max_hp_loss":0,"event_name":"Vampires","floor":21,"gold_loss":0},{"cards_removed":["Defend_P"],"damage_healed":0,"gold_gain":0,"player_choice":"Gave Gold","damage_taken":0,"max_hp_gain":0,"max_hp_loss":0,"event_name":"Beggar","floor":25,"gold_loss":75},{"damage_healed":0,"gold_gain":0,"player_choice":"Memory 3","damage_taken":10,"max_hp_gain":0,"max_hp_loss":0,"event_name":"SensoryStone","floor":36,"gold_loss":0},{"damage_healed":0,"gold_gain":0,"player_choice":"Fight","damage_taken":0,"max_hp_gain":0,"max_hp_loss":0,"event_name":"Mysterious Sphere","floor":48,"gold_loss":0}],"is_beta":false,"boss_relics":[{"not_picked":["Velvet Choker","HolyWater"],"picked":"Coffee Dripper"},{"not_picked":["Cursed Key","Black Star"],"picked":"Runic Pyramid"}],"items_purged_floors":[28,38,54],"is_endless":false,"potions_floor_spawned":[1,8,16,19,27,31,35,47,48,55],"ascension_level":20,"potion_discard_per_floor":[[],[],[],[],[],[],[],[],[],[],[],[],[],[],[],[],[],[],["SpeedPotion"],[],[],[],[],[],[],[],[],[],[],[],[],[],[],[],[],[],[],[],[],[],[],[],[],[],[],[],[],[],[],[],[],[],[],[],[],[],[]]}