{"neow_bonuses_skipped_log":["UPGRADE_CARD","TEN_PERCENT_HP_BONUS","BOSS_RELIC"],"potions_obtained_entropic_brew":[[],[],[],[],[],[],[],[],[],[],[],[],[],[],[],[],[],[],[],[],[],[],[],[],[],[],[],[],[],[],[],[],[],[],[],[],[],[],[],[],[],[],[],[],[],[],[],[],[],[]],"neow_costs_skipped_log":["NONE","NONE","NONE"],"gold_per_floor":[112,112,112,132,132,132,57,57,83,83,100,25,52,71,71,145,145,155,79,79,79,98,98,126,126,126,156,71,71,29,48,48,124,124,144,44,62,80,98,126,1,1,1,1,1,35,0,0,0,0],"floor_reached":50,"playtime":2639,"items_purged":["Defend_P","Strike_P","Strike_P+1"],"score":1464,"play_id":"86482573-1ae8-4264-bd79-e7d2373a0ec6","local_time":"20221201204848","falling_options_log":["FlurryOfBlows+1","MentalFortress+1"],"score_breakdown":["Floors Climbed (50): 250","Enemies Slain (11): 22","Exordium Elites Killed (1): 10","City Elites Killed (2): 40","Beyond Elites Killed (2): 60","Bosses Slain (2): 150","Champion (3): 75","Perfect (2): 100","Overkill: 25","Ascension (20): 732"],"is_ascension_mode":true,"potions_obtained_alchemize":[[],[],[],[],[],[],[],[],[],[],[],[],[],[],[],[],[],[],[],[],[],[],[],[],[],[],[],[],[],[],[],[],[],[],[],[],[],[],[],[],[],[],[],[],[],[],[],[],[],[]],"campfire_choices":[{"data":"Eruption","floor":6,"key":"SMITH"},{"data":"WheelKick","floor":8,"key":"SMITH"},{"data":"Strike_P","floor":10,"key":"SMITH"},{"data":"FlurryOfBlows","floor":15,"key":"SMITH"},{"floor":23,"key":"REST"},{"floor":25,"key":"REST"},{"data":"Adaptation","floor":29,"key":"SMITH"},{"data":"MentalFortress","floor":32,"key":"SMITH"},{"data":"Scrawl","floor":42,"key":"SMITH"},{"floor":45,"key":"RECALL"},{"data":"MasterReality","floor":49,"key":"SMITH"}],"lesson_learned_per_floor":[[],[],[],[],[],[],[],[],[],[],[],[],[],[],[],[],[],[],[],[],[],[],[],[],[],[],[],[],[],[],[],[],[],[],[],[],[],[],[],[],[],[],[],[],[],[],[],[],[],[]],"neow_cost":"TEN_PERCENT_HP_LOSS","improvable_cards":{},"seed_source_timestamp":0,"shop_contents":[{"floor":5,"relics":["Frozen Egg 2","TungstenRod","TheAbacus"],"cards":["Conclude","Wallop","Indignation","EmptyBody","Nirvana","Discovery","Magnetism"],"potions":["BlessingOfTheForge","GamblersBrew","DistilledChaos"]},{"floor":7,"relics":["CloakClasp","Ice Cream","Orrery"],"cards":["FlurryOfBlows","Consecrate","Halt","EmptyMind","Study","Jack Of All Trades","Metamorphosis"],"potions":["Energy Potion","LiquidBronze","Strength Potion"]},{"floor":19,"relics":["Whetstone","Shovel","Melange"],"cards":["CrushJoints","Conclude","PathToVictory","Protect","Enlightenment","Panache"],"potions":["DuplicationPotion","Strength Potion","Strength Potion"]},{"floor":30,"relics":["Nunchaku","Pen Nib","HandDrill"],"cards":["BowlingBash","Ragnarok","Pray","LikeWater","Enlightenment","Metamorphosis"],"potions":["Explosive Potion","Ancient Potion","Weak Potion"]},{"floor":36,"relics":["Happy Flower","Regal Pillow","Chemical X"],"cards":["SandsOfTime","FollowUp","Halt","Indignation","Wireheading","Blind","Metamorphosis"],"potions":["CultistPotion","PowerPotion","Strength Potion"]},{"floor":41,"relics":["Oddly Smooth Stone","Juzu Bracelet","Medical Kit"],"cards":["Wallop","Weave","Crescendo","Pray","Adaptation","Dark Shackles","Chrysalis"],"potions":["Block Potion","Strength Potion","Dexterity Potion"]}],"circlet_count":0,"master_deck":["AscendersBane","Eruption+1","Vigilance","DevaForm","WheelKick+1","FlurryOfBlows+1","CutThroughFate+1","MentalFortress+1","Necronomicurse","Adaptation+1","EmptyMind","Scrawl+1","Halt","FlurryOfBlows+1","Pray","MasterReality+1","Trip","Purity"],"special_seed":0,"potion_use_per_floor":[[],[],[],[],[],[],[],[],[],[],[],[],[],[],[],[],[],[],[],[],[],[],[],["GamblersBrew"],[],[],["Strength Potion"],[],[],[],[],[],[],[],[],[],[],[],[],[],[],[],[],[],[],[],[],[],[],["GamblersBrew"]],"relics":["PureWater","Eternal Feather","Damaru","TeardropLocket","Empty Cage","Necronomicon","Darkstone Periapt","StrikeDummy","Kunai","Dead Branch","Runic Dome","FossilizedHelix","Potion Belt","Red Mask"],"potions_floor_usage":[24,27,50],"damage_taken":[{"damage":4.0,"enemies":"Jaw Worm","floor":1.0,"turns":4.0},{"damage":7,"enemies":"Small Slimes","floor":4,"turns":3},{"damage":0,"enemies":"Cultist","floor":11,"turns":2},{"damage":0,"enemies":"Lagavulin","floor":13,"turns":4},{"damage":5,"enemies":"Blue Slaver","floor":14,"turns":2},{"damage":0,"enemies":"Slime Boss","floor":16,"turns":4},{"damage":18,"enemies":"3 Byrds","floor":18,"turns":3},{"damage":0,"enemies":"Spheric Guardian","floor":22,"turns":2},{"damage":26,"enemies":"Slavers","floor":24,"turns":2},{"damage":0,"enemies":"Book of Stabbing","floor":27,"turns":2},{"damage":0,"enemies":"Snake Plant","floor":31,"turns":2},{"damage":0,"enemies":"Automaton","floor":33,"turns":5},{"damage":0,"enemies":"Orb Walker","floor":35,"turns":1},{"damage":0,"enemies":"3 Darklings","floor":37,"turns":3},{"damage":0,"enemies":"Jaw Worm Horde","floor":38,"turns":2},{"damage":0,"enemies":"Spire Growth","floor":39,"turns":2},{"damage":9,"enemies":"Reptomancer","floor":40,"turns":2},{"damage":0,"enemies":"Giant Head","floor":46,"turns":2},{"damage":63,"enemies":"Awakened One","floor":50,"turns":3}],"green_key_taken_log":27,"seed_played":"7541761150511012316","neow_bonus_log":{"cardsObtained":["DevaForm","MasterReality"],"cardsUpgraded":[],"cardsRemoved":[],"cardsTransformed":["Defend_P","Defend_P"],"relicsObtained":[],"maxHpGained":0,"goldGained":0,"damageTaken":0,"goldLost":0,"maxHpLost":6},"potions_obtained":[{"floor":11,"key":"GamblersBrew"},{"floor":18,"key":"Strength Potion"},{"floor":31,"key":"CultistPotion"},{"floor":35,"key":"SteroidPotion"},{"floor":40,"key":"GamblersBrew"}],"is_trial":false,"path_per_floor":["M","?","?","M","$","R","$","R","T","R","M","?","E","M","R","B",null,"M","$","?","?","M","R","E","R","T","E","?","R","$","M","R","B",null,"M","$","M","M","M","E","$","R","T","?","R","E","?","?","R","B"],"character_chosen":"WATCHER","items_purchased":["MentalFortress","EmptyMind"],"campfire_rested":2,"item_purchase_floors":[19,30],"current_hp_per_floor":[57,39,39,32,32,38,38,44,44,50,50,50,50,45,51,51,59,41,41,20,20,20,44,18,42,42,42,42,48,48,48,54,54,60,60,60,60,60,60,51,51,60,60,50,59,59,59,59,62,0],"gold":0,"neow_bonus":"TRANSFORM_TWO_CARDS","is_prod":false,"is_daily":false,"rewards_skipped":[{"floor":39,"relics":[],"potions":["StancePotion"]}],"chose_seed":false,"campfire_upgraded":8,"win_rate":0,"floor_exit_playtime":[119,139,186,302,419,425,498,504,508,519,540,547,655,716,721,822,859,946,964,984,987,1007,1016,1325,1329,1338,1397,1441,1448,1459,1497,1506,1673,1747,1786,1805,1909,1976,2064,2195,2210,2217,2219,2258,2279,2366,2373,2396,2412],"timestamp":1669945728,"blue_key_relic_skipped_log":{"floor":43,"relicID":"Toxic Egg 2"},"path_taken":["M","?","?","?","$","R","$","R","T","R","M","?","E","M","R","BOSS","M","$","?","?","M","R","E","R","T","E","?","R","?","M","R","BOSS","M","?","?","M","M","E","$","R","T","?","R","E","?","?","R","BOSS"],"build_version":"2022-12-01","purchased_purges":3,"victory":false,"max_hp_per_floor":[62,62,62,62,62,62,62,62,62,62,62,62,62,62,62,62,62,62,62,62,62,62,62,62,62,62,62,62,62,62,62,62,62,62,62,62,62,62,62,62,62,62,62,62,62,62,62,62,62,62],"relic_stats":{"Darkstone Periapt":0,"counters":[19,50],"Dead Branch":[51],"Eternal Feather":69,"Necronomicon":[21],"Kunai":[26],"PureWater":[15],"obtain_stats":[{"Darkstone Periapt":24,"Potion Belt":46,"Dead Branch":28,"Damaru":9,"Eternal Feather":2,"TeardropLocket":13,"Empty Cage":17,"Runic Dome":34,"Necronomicon":20,"Red Mask":47,"Kunai":27,"PureWater":0,"StrikeDummy":26,"FossilizedHelix":40},{"Darkstone Periapt":9,"Potion Belt":18,"Dead Branch":10,"Damaru":2,"Eternal Feather":1,"TeardropLocket":4,"Empty Cage":6,"Runic Dome":12,"Necronomicon":7,"Red Mask":18,"Kunai":10,"PureWater":0,"StrikeDummy":9,"FossilizedHelix":17},{"Darkstone Periapt":26,"Potion Belt":47,"Dead Branch":28,"Damaru":7,"Eternal Feather":4,"TeardropLocket":13,"Empty Cage":19,"Runic Dome":35,"Necronomicon":22,"Red Mask":47,"Kunai":28,"PureWater":0,"StrikeDummy":26,"FossilizedHelix":45}],"FossilizedHelix":[1]},"card_choices":[{"not_picked":["PathToVictory","FollowUp","Swivel"],"picked":"SKIP","floor":1.0},{"not_picked":["ThirdEye","Study"],"picked":"WheelKick","floor":4},{"not_picked":["ClearTheMind","Prostrate"],"picked":"FlurryOfBlows","floor":11},{"not_picked":["Protect","DeceiveReality","Perseverance"],"picked":"SKIP","floor":13},{"not_picked":["Prostrate","EmptyBody","Conclude"],"picked":"SKIP","floor":14},{"not_picked":["Evaluate","Consecrate"],"picked":"CutThroughFate+1","floor":18},{"not_picked":["FollowUp","Swivel","BowlingBash"],"picked":"SKIP","floor":22},{"not_picked":["Devotion","WindmillStrike+1"],"picked":"Adaptation","floor":24},{"not_picked":["EmptyFist","Weave","Evaluate+1"],"picked":"SKIP","floor":27},{"not_picked":["ThirdEye","Evaluate","BowlingBash"],"picked":"SKIP","floor":31},{"not_picked":["Wish","Devotion"],"picked":"Scrawl","floor":33},{"not_picked":["EmptyFist","BowlingBash+1"],"picked":"Halt","floor":35},{"not_picked":["ClearTheMind","Vengeance"],"picked":"FlurryOfBlows+1","floor":37},{"not_picked":["Consecrate","Blasphemy","BowlingBash+1"],"picked":"SKIP","floor":38},{"not_picked":["Consecrate","Blasphemy","BowlingBash+1"],"picked":"SKIP","floor":38},{"not_picked":["FollowUp","Crescendo"],"picked":"Pray","floor":39},{"not_picked":["TalkToTheHand","CutThroughFate"],"picked":"MasterReality","floor":40},{"not_picked":["Madness","Impatience"],"picked":"Master of Strategy","floor":44},{"not_picked":["Master of Strategy","Thinking Ahead"],"picked":"Trip","floor":44},{"not_picked":["Panacea","Swift Strike"],"picked":"Purity","floor":44},{"not_picked":["FollowUp","Consecrate","CrushJoints+1"],"picked":"SKIP","floor":46}],"player_experience":4595057,"relics_obtained":[{"floor":9,"key":"Damaru"},{"floor":13,"key":"TeardropLocket"},{"floor":20,"key":"Necronomicon"},{"floor":24,"key":"Darkstone Periapt"},{"floor":26,"key":"StrikeDummy"},{"floor":27,"key":"Kunai"},{"floor":40,"key":"FossilizedHelix"},{"floor":46,"key":"Potion Belt"}],"event_choices":[{"damage_healed":0.0,"max_hp_gain":0.0,"max_hp_loss":0.0,"gold_gain":0.0,"event_name":"Scrap Ooze","player_choice":"Success","floor":2.0,"gold_loss":0.0,"damage_taken":18.0,"relics_obtained":["Eternal Feather"]},{"cards_removed":["MasterReality"],"damage_healed":0.0,"max_hp_gain":0.0,"max_hp_loss":0.0,"gold_gain":0.0,"event_name":"Wheel of Change","player_choice":"Card Removal","floor":3.0,"gold_loss":0.0,"damage_taken":0.0},{"cards_removed":["Defend_P"],"damage_healed":0,"gold_gain":0,"player_choice":"Card Removal","damage_taken":0,"max_hp_gain":0,"max_hp_loss":0,"event_name":"The Cleric","floor":12,"gold_loss":75},{"damage_healed":0,"gold_gain":0,"player_choice":"Obtained Book","damage_taken":21,"max_hp_gain":0,"max_hp_loss":0,"event_name":"Cursed Tome","floor":20,"gold_loss":0},{"damage_healed":0,"gold_gain":0,"player_choice":"Ignored","damage_taken":0,"max_hp_gain":0,"max_hp_loss":0,"event_name":"The Mausoleum","floor":21,"gold_loss":0},{"damage_healed":0,"gold_gain":0,"player_choice":"Obtained Relic","damage_taken":0,"relics_obtained":["Dead Branch"],"max_hp_gain":0,"max_hp_loss":0,"event_name":"Addict","floor":28,"gold_loss":85},{"damage_healed":0,"gold_gain":0,"player_choice":"Memory 3","damage_taken":10,"max_hp_gain":0,"max_hp_loss":0,"event_name":"SensoryStone","floor":44,"gold_loss":0},{"damage_healed":0,"gold_gain":0,"player_choice":"Paid","damage_taken":0,"relics_obtained":["Red Mask"],"max_hp_gain":0,"max_hp_loss":0,"event_name":"Tomb of Lord Red Mask","floor":47,"gold_loss":35},{"cards_removed":["Master of Strategy"],"damage_healed":0,"gold_gain":0,"player_choice":"Removed Skill","damage_taken":0,"max_hp_gain":0,"max_hp_loss":0,"event_name":"Falling","floor":48,"gold_loss":0}],"is_beta":false,"boss_relics":[{"not_picked":["SlaversCollar","HolyWater"],"picked":"Empty Cage"},{"not_picked":["SacredBark","Pandora\u0027s Box"],"picked":"Runic Dome"}],"items_purged_floors":[7,36,41],"is_endless":false,"potions_floor_spawned":[11,18,31,35,39,40],"killed_by":"Awakened One","ascension_level":20,"potion_discard_per_floor":[[],[],[],[],[],[],[],[],[],[],[],[],[],[],[],[],[],[],[],[],[],[],[],[],[],[],[],[],[],[],[],[],[],[],[],[],[],[],[],["CultistPotion"],[],[],[],[],[],[],[],[],[],[]]}