{"neow_bonuses_skipped_log":["THREE_CARDS","THREE_SMALL_POTIONS","BOSS_RELIC"],"neow_costs_skipped_log":["NONE","NONE","NONE"],"potions_obtained_entropic_brew":[[],[],[],[],[],[],[],[],[],[],[],[],[],[],[],[],[],[],[],[],[],[],[],[],[],[],[],[],[],[],[],[],[],[],[],[],[],[],[],[],[],[],[],[],[],[],[],[],[],[]],"gold_per_floor":[365,379,304,323,16,16,48,48,73,73,106,125,141,141,141,218,218,229,47,62,81,81,81,98,98,98,131,56,82,82,82,82,153,153,167,178,178,178,28,58,71,100,125,143,158,158,158,171,171,171],"floor_reached":50,"playtime":2356,"items_purged":["Defend_P","Defend_P","Defend_P","Strike_P"],"score":1350,"play_id":"ba3be121-655d-4f4d-8edc-79ee714d4cae","local_time":"20221208194902","score_breakdown":["Floors Climbed (50): 250","Enemies Slain (15): 30","Exordium Elites Killed (2): 20","City Elites Killed (2): 40","Beyond Elites Killed (2): 60","Bosses Slain (2): 150","Champion (3): 75","Perfect (1): 50","Ascension (20): 675"],"is_ascension_mode":true,"potions_obtained_alchemize":[[],[],[],[],[],[],[],[],[],[],[],[],[],[],[],[],[],[],[],[],[],[],[],[],[],[],[],[],[],[],[],[],[],[],[],[],[],[],[],[],[],[],[],[],[],[],[],[],[],[]],"campfire_choices":[{"data":"Eruption","floor":6,"key":"SMITH"},{"data":"Meditate","floor":8,"key":"SMITH"},{"data":"ReachHeaven","floor":10,"key":"SMITH"},{"data":"MentalFortress","floor":15,"key":"SMITH"},{"data":"InnerPeace","floor":23,"key":"SMITH"},{"floor":25,"key":"RECALL"},{"data":"Tantrum","floor":32,"key":"SMITH"},{"data":"Dark Shackles","floor":46,"key":"SMITH"},{"data":"Vigilance","floor":49,"key":"SMITH"}],"lesson_learned_per_floor":[[],[],[],[],[],[],[],[],[],[],[],[],[],[],[],[],[],[],[],[],[],[],[],[],[],[],[],[],[],[],[],[],[],[],[],[],[],[],[],[],[],[],[],[],[],[],[],[],[],[]],"neow_cost":"TEN_PERCENT_HP_LOSS","improvable_cards":{},"seed_source_timestamp":28813995514378,"shop_contents":[{"floor":3,"relics":["Art of War","Shovel","Medical Kit"],"cards":["EmptyFist","FlyingSleeves","Perseverance","Collect","Fasting2","Madness","Secret Weapon"],"potions":["SteroidPotion","Fire Potion","AttackPotion"]},{"floor":5,"relics":["Frozen Egg 2","Toolbox"],"cards":["SashWhip","Conclude","Halt","Wireheading","Bandage Up","Chrysalis"],"potions":["ColorlessPotion","SteroidPotion","LiquidBronze"]},{"floor":19,"relics":["Tiny Chest","Nunchaku","ClockworkSouvenir"],"cards":["Conclude","WindmillStrike","EmptyBody","PathToVictory","Study","PanicButton","Panache"],"potions":["Energy Potion","Fire Potion"]},{"floor":37,"relics":["Blue Candle","Matryoshka","Frozen Eye"],"cards":["Consecrate","ReachHeaven","Pray","Protect","LikeWater","Bandage Up","Metamorphosis"],"potions":["Regen Potion","Block Potion","Dexterity Potion"]},{"floor":39,"relics":["Orichalcum","FossilizedHelix","OrangePellets"],"cards":["Weave","SashWhip","ThirdEye","Halt","Nirvana","Finesse","Secret Technique"],"potions":["Weak Potion","DuplicationPotion","Swift Potion"]}],"circlet_count":0,"master_deck":["AscendersBane","Eruption+1","Vigilance+1","ReachHeaven+1","MentalFortress+1","Meditate+1","FlurryOfBlows+1","InnerPeace+1","Tantrum+1","Halt+1","Dark Shackles+1","Secret Technique","Halt+1"],"potion_use_per_floor":[[],[],[],[],[],[],["Swift Potion"],[],[],[],["Fire Potion"],[],[],[],[],[],[],[],[],["Fire Potion"],[],[],[],["Regen Potion"],[],[],[],[],[],[],[],[],[],[],[],[],[],[],[],[],[],[],[],[],[],[],[],[],[],["Strength Potion","GamblersBrew"]],"relics":["PureWater","Toy Ornithopter","Akabeko","Empty Cage","Happy Flower","Strawberry","Bag of Marbles","Coffee Dripper","Oddly Smooth Stone","GoldenEye","Dream Catcher"],"potions_floor_usage":[7,11,20,24,50,50],"damage_taken":[{"damage":7,"enemies":"Small Slimes","floor":1,"turns":3},{"damage":1,"enemies":"Cultist","floor":2,"turns":3},{"damage":0,"enemies":"2 Louse","floor":4,"turns":2},{"damage":12,"enemies":"Gremlin Nob","floor":7,"turns":3},{"damage":2,"enemies":"3 Sentries","floor":11,"turns":4},{"damage":0,"enemies":"Looter","floor":12,"turns":3},{"damage":13,"enemies":"Large Slime","floor":13,"turns":3},{"damage":0,"enemies":"Slime Boss","floor":16,"turns":3},{"damage":0,"enemies":"Spheric Guardian","floor":18,"turns":2},{"damage":11,"enemies":"2 Thieves","floor":20,"turns":3},{"damage":10,"enemies":"Cultist and Chosen","floor":21,"turns":4},{"damage":0,"enemies":"Centurion and Healer","floor":24,"turns":7},{"damage":0,"enemies":"Gremlin Leader","floor":27,"turns":5},{"damage":17,"enemies":"Book of Stabbing","floor":29,"turns":3},{"damage":14,"enemies":"Champ","floor":33,"turns":5},{"damage":2,"enemies":"Orb Walker","floor":35,"turns":3},{"damage":0,"enemies":"3 Darklings","floor":36,"turns":4},{"damage":0,"enemies":"Giant Head","floor":40,"turns":4},{"damage":0,"enemies":"Jaw Worm Horde","floor":41,"turns":5},{"damage":0,"enemies":"Reptomancer","floor":42,"turns":6},{"damage":0,"enemies":"Sphere and 2 Shapes","floor":44,"turns":3},{"damage":0,"enemies":"3 Darklings","floor":45,"turns":3},{"damage":0,"enemies":"Transient","floor":48,"turns":6},{"damage":61,"enemies":"Time Eater","floor":50,"turns":10}],"green_key_taken_log":11,"seed_played":"-4685913680388599037","neow_bonus_log":{"cardsObtained":[],"cardsUpgraded":[],"cardsRemoved":[],"cardsTransformed":[],"relicsObtained":[],"maxHpGained":0,"goldGained":250,"damageTaken":0,"goldLost":0,"maxHpLost":6},"potions_obtained":[{"floor":1,"key":"Fire Potion"},{"floor":2,"key":"Swift Potion"},{"floor":13,"key":"PowerPotion"},{"floor":20,"key":"SteroidPotion"},{"floor":21,"key":"Regen Potion"},{"floor":24,"key":"GamblersBrew"},{"floor":42,"key":"Strength Potion"}],"is_trial":false,"path_per_floor":["M","M","$","M","$","R","E","R","T","R","E","M","M","?","R","B",null,"M","$","M","M","?","R","M","R","T","E","?","E","?","?","R","B",null,"M","M","$","?","$","E","M","E","T","M","M","R","?","M","R","B"],"character_chosen":"WATCHER","items_purchased":["Meditate","Toy Ornithopter","Fire Potion"],"campfire_rested":0,"item_purchase_floors":[5,5,19],"current_hp_per_floor":[54,53,53,53,53,53,46,46,46,46,49,49,36,36,36,36,56,56,56,50,40,40,40,60,60,60,67,67,50,50,50,50,36,61,59,59,59,49,49,49,49,49,49,49,49,49,49,49,49,0],"gold":171,"neow_bonus":"TWO_FIFTY_GOLD","is_prod":false,"is_daily":false,"rewards_skipped":[{"floor":11,"relics":["Bottled Flame"],"potions":[]},{"floor":27,"relics":[],"potions":["DistilledChaos"]},{"floor":35,"relics":[],"potions":["SpeedPotion"]},{"floor":36,"relics":[],"potions":["ColorlessPotion"]}],"chose_seed":false,"campfire_upgraded":8,"win_rate":0,"floor_exit_playtime":[50,94,113,129,163,168,229,234,252,263,343,388,415,423,429,462,494,515,536,588,660,664,670,758,764,766,850,858,936,942,969,975,1084,1110,1150,1219,1234,1265,1292,1381,1449,1572,1576,1671,1741,1749,1765,1867,1884],"timestamp":1670546942,"blue_key_relic_skipped_log":{"floor":9,"relicID":"CeramicFish"},"path_taken":["M","M","$","M","$","R","E","R","T","R","E","M","M","?","R","BOSS","M","$","M","?","?","R","M","R","T","E","?","E","?","?","R","BOSS","M","M","$","?","$","E","M","E","T","M","M","R","?","?","R","BOSS"],"build_version":"2022-12-01","purchased_purges":4,"victory":false,"max_hp_per_floor":[62,62,62,62,62,62,62,62,62,62,62,62,62,62,62,62,62,62,62,62,62,62,62,62,62,62,69,69,69,69,69,69,69,69,69,69,69,69,69,69,69,69,69,69,69,69,69,69,69,69],"relic_stats":{"Dream Catcher":0,"Happy Flower":[19],"counters":[24,97],"PureWater":[16],"GoldenEye":[0],"obtain_stats":[{"Dream Catcher":43,"Happy Flower":26,"Strawberry":27,"Oddly Smooth Stone":40,"Bag of Marbles":29,"Coffee Dripper":34,"PureWater":0,"Empty Cage":17,"GoldenEye":42,"Toy Ornithopter":5,"Akabeko":7},{"Dream Catcher":20,"Happy Flower":12,"Strawberry":13,"Oddly Smooth Stone":18,"Bag of Marbles":14,"Coffee Dripper":15,"PureWater":0,"Empty Cage":8,"GoldenEye":20,"Toy Ornithopter":3,"Akabeko":4},{"Dream Catcher":75,"Happy Flower":40,"Strawberry":45,"Oddly Smooth Stone":64,"Bag of Marbles":48,"Coffee Dripper":53,"PureWater":0,"Empty Cage":24,"GoldenEye":75,"Toy Ornithopter":8,"Akabeko":11}],"Toy Ornithopter":30},"card_choices":[{"not_picked":["Perseverance","SandsOfTime"],"picked":"ReachHeaven","floor":1},{"not_picked":["Pray","FollowUp","ReachHeaven"],"picked":"SKIP","floor":2},{"not_picked":["Pray","FollowUp","ReachHeaven"],"picked":"SKIP","floor":2},{"not_picked":["Evaluate","BowlingBash"],"picked":"MentalFortress","floor":4},{"not_picked":["CrushJoints","Pray","EmptyBody"],"picked":"SKIP","floor":7},{"not_picked":["Worship","Perseverance","DeceiveReality"],"picked":"SKIP","floor":11},{"not_picked":["PathToVictory","Wish"],"picked":"FlurryOfBlows","floor":12},{"not_picked":["SashWhip","CrushJoints"],"picked":"InnerPeace","floor":13},{"not_picked":["EmptyFist","ThirdEye","MentalFortress"],"picked":"SKIP","floor":18},{"not_picked":["ClearTheMind","BowlingBash","Weave"],"picked":"SKIP","floor":20},{"not_picked":["EmptyBody","Omniscience","Consecrate"],"picked":"SKIP","floor":21},{"not_picked":["PathToVictory","FlyingSleeves","CrushJoints"],"picked":"SKIP","floor":24},{"not_picked":["PathToVictory","FlyingSleeves","CrushJoints"],"picked":"SKIP","floor":24},{"not_picked":["PathToVictory","Crescendo","Halt"],"picked":"SKIP","floor":27},{"not_picked":["EmptyMind","JustLucky","Alpha"],"picked":"SKIP","floor":29},{"not_picked":["Evaluate","BattleHymn","FlurryOfBlows","Wallop","Weave","SandsOfTime","CarveReality","Indignation","SashWhip","LikeWater","Vengeance","EmptyBody","CrushJoints","JustLucky","Worship","FlyingSleeves","Study","PathToVictory","Consecrate"],"picked":"Tantrum","floor":31},{"not_picked":["WreathOfFlame+1","Conclude"],"picked":"Halt+1","floor":35},{"not_picked":["CutThroughFate","Meditate","PathToVictory"],"picked":"SKIP","floor":36},{"not_picked":["Discovery","Trip"],"picked":"Dark Shackles","floor":38},{"not_picked":["Magnetism","Purity"],"picked":"Secret Technique","floor":38},{"not_picked":["Panacea","Violence","Mind Blast"],"picked":"SKIP","floor":38},{"not_picked":["Wireheading","PathToVictory","FlyingSleeves"],"picked":"SKIP","floor":40},{"not_picked":["FlyingSleeves","CrushJoints","Perseverance"],"picked":"SKIP","floor":41},{"not_picked":["Omniscience","EmptyBody"],"picked":"Halt+1","floor":42},{"not_picked":["FlurryOfBlows+1","CutThroughFate+1","Wallop"],"picked":"SKIP","floor":44},{"not_picked":["FlurryOfBlows+1","CutThroughFate+1","Wallop"],"picked":"SKIP","floor":44},{"not_picked":["Halt","ClearTheMind","LikeWater"],"picked":"SKIP","floor":45},{"not_picked":["ClearTheMind","CutThroughFate+1","FollowUp"],"picked":"SKIP","floor":48}],"player_experience":4668775,"relics_obtained":[{"floor":7,"key":"Akabeko"},{"floor":26,"key":"Happy Flower"},{"floor":27,"key":"Strawberry"},{"floor":29,"key":"Bag of Marbles"},{"floor":40,"key":"Oddly Smooth Stone"},{"floor":42,"key":"GoldenEye"},{"floor":43,"key":"Dream Catcher"}],"event_choices":[{"damage_healed":0,"gold_gain":0,"player_choice":"Upgraded","damage_taken":0,"max_hp_gain":0,"max_hp_loss":0,"event_name":"Upgrade Shrine","floor":14,"gold_loss":0,"cards_upgraded":["FlurryOfBlows"]},{"damage_healed":0,"gold_gain":0,"player_choice":"Ignored","damage_taken":0,"max_hp_gain":0,"max_hp_loss":0,"event_name":"The Mausoleum","floor":22,"gold_loss":0},{"cards_removed":["Strike_P"],"damage_healed":0,"gold_gain":0,"player_choice":"Gave Gold","damage_taken":0,"max_hp_gain":0,"max_hp_loss":0,"event_name":"Beggar","floor":28,"gold_loss":75},{"cards_removed":["Strike_P"],"damage_healed":0,"gold_gain":0,"player_choice":"Elegance","damage_taken":0,"max_hp_gain":0,"max_hp_loss":0,"event_name":"Back to Basics","floor":30,"gold_loss":0},{"damage_healed":0,"gold_gain":0,"player_choice":"Read","damage_taken":0,"max_hp_gain":0,"max_hp_loss":0,"event_name":"The Library","floor":31,"gold_loss":0,"cards_obtained":["Tantrum"]},{"damage_healed":0,"gold_gain":0,"player_choice":"Memory 3","damage_taken":10,"max_hp_gain":0,"max_hp_loss":0,"event_name":"SensoryStone","floor":38,"gold_loss":0},{"damage_healed":0,"gold_gain":0,"player_choice":"0 cards matched","damage_taken":0,"max_hp_gain":0,"max_hp_loss":0,"event_name":"Match and Keep!","floor":47,"gold_loss":0,"cards_obtained":[]}],"is_beta":false,"boss_relics":[{"not_picked":["Calling Bell","HolyWater"],"picked":"Empty Cage"},{"not_picked":["Velvet Choker","Tiny House"],"picked":"Coffee Dripper"}],"items_purged_floors":[3,5,19,39],"is_endless":false,"potions_floor_spawned":[1,2,13,20,21,24,27,35,36,42],"killed_by":"Time Eater","ascension_level":20,"potion_discard_per_floor":[[],[],[],[],[],[],[],[],[],[],[],[],[],[],[],[],[],[],[],[],["PowerPotion"],[],[],[],[],[],[],[],[],[],[],[],[],[],[],[],[],[],[],[],[],["SteroidPotion"],[],[],[],[],[],[],[],[]]}