{"neow_bonuses_skipped_log":["ONE_RANDOM_RARE_CARD","RANDOM_COMMON_RELIC","BOSS_RELIC"],"neow_costs_skipped_log":["NONE","NONE","NONE"],"potions_obtained_entropic_brew":[[],[],[],[],[],[],[],[]],"gold_per_floor":[359,359,375,392,402,437,437,437],"floor_reached":8,"playtime":479,"items_purged":[],"score":116,"play_id":"941382bf-b373-4681-99be-5633ff1035b3","local_time":"20221213180054","score_breakdown":["Floors Climbed (8): 40","Enemies Slain (4): 8","Exordium Elites Killed (1): 10","Bosses Slain (0): 0","Ascension (20): 58"],"is_ascension_mode":true,"potions_obtained_alchemize":[[],[],[],[],[],[],[],[]],"campfire_choices":[{"data":"Eruption","floor":7,"key":"SMITH"}],"lesson_learned_per_floor":[[],[],[],[],[],[],[],[]],"neow_cost":"TEN_PERCENT_HP_LOSS","improvable_cards":{},"seed_source_timestamp":21546587668234,"shop_contents":[],"circlet_count":0,"master_deck":["AscendersBane","Strike_P","Strike_P","Strike_P","Strike_P","Defend_P","Defend_P","Defend_P","Defend_P","Eruption+1","Vigilance","Adaptation","EmptyFist","ForeignInfluence"],"potion_use_per_floor":[[],[],[],[],[],["LiquidMemories"],[],["ColorlessPotion"]],"relics":["PureWater","CeramicFish"],"potions_floor_usage":[6,8],"damage_taken":[{"damage":0,"enemies":"Small Slimes","floor":1,"turns":4},{"damage":0,"enemies":"2 Louse","floor":3,"turns":3},{"damage":0,"enemies":"Jaw Worm","floor":4,"turns":2},{"damage":7,"enemies":"3 Louse","floor":5,"turns":3},{"damage":28,"enemies":"Gremlin Nob","floor":6,"turns":4},{"damage":37,"enemies":"3 Sentries","floor":8,"turns":7}],"seed_played":"1149508962852437554","neow_bonus_log":{"cardsObtained":[],"cardsUpgraded":[],"cardsRemoved":[],"cardsTransformed":[],"relicsObtained":[],"maxHpGained":0,"goldGained":250,"damageTaken":0,"goldLost":0,"maxHpLost":6},"potions_obtained":[{"floor":5,"key":"LiquidMemories"},{"floor":6,"key":"ColorlessPotion"}],"is_trial":false,"path_per_floor":["M","?","M","M","M","E","R","E"],"character_chosen":"WATCHER","items_purchased":[],"campfire_rested":0,"item_purchase_floors":[],"current_hp_per_floor":[61,66,66,66,59,31,31,0],"gold":437,"neow_bonus":"TWO_FIFTY_GOLD","is_prod":false,"is_daily":false,"rewards_skipped":[],"chose_seed":false,"campfire_upgraded":1,"win_rate":0,"floor_exit_playtime":[48,52,73,104,150,368,374],"timestamp":1670972454,"path_taken":["M","?","M","M","M","E","R","E"],"build_version":"2022-12-01","purchased_purges":0,"victory":false,"max_hp_per_floor":[62,67,67,67,67,67,67,67],"relic_stats":{"counters":[6,23],"CeramicFish":9,"PureWater":[5],"obtain_stats":[{"CeramicFish":6,"PureWater":0},{"CeramicFish":5,"PureWater":0},{"CeramicFish":16,"PureWater":0}]},"card_choices":[{"not_picked":["EmptyBody","Prostrate","PathToVictory"],"picked":"SKIP","floor":1},{"not_picked":["EmptyBody","Protect"],"picked":"Adaptation","floor":3},{"not_picked":["Adaptation","Evaluate"],"picked":"EmptyFist","floor":4},{"not_picked":["JustLucky","EmptyBody","ThirdEye"],"picked":"SKIP","floor":5},{"not_picked":["Establishment","Consecrate"],"picked":"ForeignInfluence","floor":6}],"player_experience":4712866,"relics_obtained":[{"floor":6,"key":"CeramicFish"}],"event_choices":[{"damage_healed":0,"gold_gain":0,"player_choice":"Donut","damage_taken":0,"max_hp_gain":5,"max_hp_loss":0,"event_name":"Big Fish","floor":2,"gold_loss":0}],"is_beta":false,"boss_relics":[],"items_purged_floors":[],"is_endless":false,"potions_floor_spawned":[5,6],"killed_by":"3 Sentries","ascension_level":20,"potion_discard_per_floor":[[],[],[],[],[],[],[],[]]}