{"neow_bonuses_skipped_log":["UPGRADE_CARD","HUNDRED_GOLD","BOSS_RELIC"],"neow_costs_skipped_log":["NONE","NONE","NONE"],"potions_obtained_entropic_brew":[[],[],[],[],[],[],[],[],[],[],[],[],[],[],[],[],[],[],[],[],[],[],[],[],[],[],[],[],[],[],[],[],[],[],[],[],[],[],[],[],[],[],[],[],[],[],[],[],[],[],[],[],[],[],[],[],[]],"gold_per_floor":[10,22,22,39,39,67,85,10,10,30,63,75,75,101,113,199,211,243,255,287,315,21,21,56,72,72,97,97,108,136,149,149,226,226,242,257,268,283,293,293,311,311,334,344,344,359,234,263,263,263,263,263,263,27,52,52],"floor_reached":57,"playtime":3032,"items_purged":["Defend_P","Strike_P+1","Strike_P+1","CrushJoints+1"],"score":3615,"play_id":"6330a6ae-4e7a-47ed-8f6f-d58e9f8346a4","local_time":"20221203194019","score_breakdown":["Floors Climbed (57): 285","Enemies Slain (20): 40","Exordium Elites Killed (3): 30","City Elites Killed (3): 60","Beyond Elites Killed (1): 30","Bosses Slain (5): 750","Speedster: 25","Highlander: 100","Pauper: 50","Champion (7): 175","Beyond Perfect: 200","C-c-c-combo: 25","Ascension (20): 1595","Heartbreaker: 250"],"is_ascension_mode":true,"potions_obtained_alchemize":[[],[],[],[],[],[],[],[],[],[],[],[],[],[],[],[],[],[],[],[],[],[],[],[],[],[],[],[],[],[],[],[],[],[],[],[],[],[],[],[],[],[],[],[],[],[],[],[],[],[],[],[],[],[],[],[],[]],"campfire_choices":[{"data":"CutThroughFate","floor":13,"key":"SMITH"},{"data":"EmptyFist","floor":15,"key":"SMITH"},{"data":"MentalFortress","floor":23,"key":"SMITH"},{"floor":28,"key":"RECALL"},{"data":"FearNoEvil","floor":32,"key":"SMITH"},{"data":"Vigilance","floor":40,"key":"SMITH"},{"floor":42,"key":"REST"},{"floor":49,"key":"REST"},{"floor":53,"key":"REST"}],"lesson_learned_per_floor":[[],[],[],[],[],[],[],[],[],[],[],[],[],[],[],[],[],[],[],[],[],[],[],[],[],[],[],[],[],[],[],[],[],[],[],[],[],[],[],[],[],[],[],[],[],[],[],[],[],[],[],[],[],[],[],[],[]],"neow_cost":"NO_GOLD","improvable_cards":{},"seed_source_timestamp":22102622088933,"shop_contents":[{"floor":8,"relics":["Singing Bowl","CaptainsWheel","Frozen Eye"],"cards":["BowlingBash","CutThroughFate","Swivel","Judgement","BattleHymn","Purity","Chrysalis"],"potions":["EssenceOfSteel","Block Potion","FearPotion"]},{"floor":22,"relics":["Mummified Hand","ClockworkSouvenir"],"cards":["SashWhip","CrushJoints","Collect","PathToVictory","Flash of Steel","The Bomb"],"potions":["LiquidBronze","LiquidMemories","FearPotion"]},{"floor":47,"relics":["Bottled Tornado","Gremlin Horn","Toolbox"],"cards":["FlyingSleeves","Weave","Perseverance","Halt","Fasting2","Mind Blast","The Bomb"],"potions":["Regen Potion","SmokeBomb","EssenceOfSteel"]},{"floor":54,"relics":["Pen Nib","Pocketwatch","Sling"],"cards":["FlyingSleeves","FollowUp","ClearTheMind","EmptyBody","Wireheading","Discovery","Panache"],"potions":["FearPotion","FairyPotion"]}],"circlet_count":0,"master_deck":["AscendersBane","Eruption+1","Vigilance+1","FearNoEvil+1","CutThroughFate+1","EmptyFist+1","Adaptation+1","Halt+1","InnerPeace+1","MentalFortress+1"],"potion_use_per_floor":[[],[],[],[],[],["AttackPotion"],[],[],[],[],[],[],[],["Explosive Potion"],[],[],[],[],[],[],["Regen Potion"],[],[],[],[],[],["SteroidPotion"],[],[],[],[],[],[],[],[],[],[],[],[],[],[],[],[],[],[],[],[],[],[],[],[],[],[],[],[],["Ancient Potion"],[]],"relics":["PureWater","FossilizedHelix","White Beast Statue","HornCleat","MawBank","Astrolabe","Darkstone Periapt","Bag of Preparation","Bird Faced Urn","Calipers","Vajra","Busted Crown","Boot","Bronze Scales","Kunai"],"potions_floor_usage":[6,14,21,27,56],"damage_taken":[{"damage":4,"enemies":"Jaw Worm","floor":1,"turns":3},{"damage":7,"enemies":"Small Slimes","floor":2,"turns":2},{"damage":0,"enemies":"Cultist","floor":4,"turns":2},{"damage":17,"enemies":"3 Sentries","floor":6,"turns":3},{"damage":0,"enemies":"Large Slime","floor":7,"turns":2},{"damage":0,"enemies":"Looter","floor":10,"turns":2},{"damage":0,"enemies":"Gremlin Nob","floor":11,"turns":2},{"damage":0,"enemies":"2 Fungi Beasts","floor":12,"turns":1},{"damage":0,"enemies":"3 Sentries","floor":14,"turns":4},{"damage":0,"enemies":"Slime Boss","floor":16,"turns":6},{"damage":0,"enemies":"3 Byrds","floor":18,"turns":4},{"damage":0,"enemies":"Chosen","floor":20,"turns":3},{"damage":16,"enemies":"Snake Plant","floor":21,"turns":3},{"damage":0,"enemies":"Gremlin Leader","floor":24,"turns":2},{"damage":0,"enemies":"Snecko","floor":25,"turns":3},{"damage":0,"enemies":"Slavers","floor":27,"turns":2},{"damage":0,"enemies":"Shelled Parasite and Fungi","floor":29,"turns":2},{"damage":0,"enemies":"Gremlin Leader","floor":30,"turns":3},{"damage":0,"enemies":"3 Cultists","floor":31,"turns":2},{"damage":0,"enemies":"Automaton","floor":33,"turns":2},{"damage":0,"enemies":"Orb Walker","floor":35,"turns":2},{"damage":0,"enemies":"3 Darklings","floor":36,"turns":2},{"damage":0,"enemies":"Maw","floor":37,"turns":2},{"damage":0,"enemies":"Writhing Mass","floor":38,"turns":2},{"damage":0,"enemies":"Transient","floor":39,"turns":6},{"damage":0,"enemies":"Jaw Worm Horde","floor":41,"turns":2},{"damage":0,"enemies":"Sphere and 2 Shapes","floor":44,"turns":2},{"damage":0,"enemies":"3 Darklings","floor":46,"turns":2},{"damage":0,"enemies":"Giant Head","floor":48,"turns":3},{"damage":0,"enemies":"Donu and Deca","floor":50,"turns":5},{"damage":0,"enemies":"Time Eater","floor":51,"turns":8},{"damage":0,"enemies":"Shield and Spear","floor":55,"turns":1},{"damage":25,"enemies":"The Heart","floor":56,"turns":8}],"green_key_taken_log":24,"seed_played":"-7675995315751438659","neow_bonus_log":{"cardsObtained":[],"cardsUpgraded":[],"cardsRemoved":["Defend_P","Defend_P"],"cardsTransformed":[],"relicsObtained":[],"maxHpGained":0,"goldGained":0,"damageTaken":0,"goldLost":99,"maxHpLost":0},"potions_obtained":[{"floor":4,"key":"AttackPotion"},{"floor":6,"key":"EssenceOfSteel"},{"floor":7,"key":"Explosive Potion"},{"floor":10,"key":"BlessingOfTheForge"},{"floor":11,"key":"SteroidPotion"},{"floor":14,"key":"StancePotion"},{"floor":16,"key":"GamblersBrew"},{"floor":18,"key":"SteroidPotion"},{"floor":20,"key":"Regen Potion"},{"floor":21,"key":"DistilledChaos"},{"floor":27,"key":"Strength Potion"},{"floor":29,"key":"GamblersBrew"},{"floor":31,"key":"SteroidPotion"},{"floor":46,"key":"GamblersBrew"}],"is_trial":false,"path_per_floor":["M","M","?","M","?","E","M","$","T","M","E","M","R","E","R","B",null,"M","?","M","M","$","R","E","M","T","E","R","M","E","M","R","B",null,"M","M","M","M","M","R","M","R","T","M","?","M","$","E","R","B","B",null,"R","$","E","B",null],"character_chosen":"WATCHER","items_purchased":["Bag of Preparation","MentalFortress","Ancient Potion"],"campfire_rested":3,"item_purchase_floors":[22,22,54],"current_hp_per_floor":[57,50,50,50,30,13,13,13,13,13,13,13,13,13,13,13,54,54,54,54,47,47,47,47,47,47,49,49,53,57,61,61,65,67,68,68,68,68,68,68,68,68,68,68,68,68,68,68,68,68,68,68,68,68,68,43],"gold":52,"neow_bonus":"REMOVE_TWO","is_prod":false,"is_daily":false,"rewards_skipped":[{"floor":12,"relics":[],"potions":["EssenceOfSteel"]},{"floor":24,"relics":[],"potions":["Dexterity Potion"]},{"floor":25,"relics":[],"potions":["ColorlessPotion"]},{"floor":30,"relics":[],"potions":["PowerPotion"]},{"floor":33,"relics":[],"potions":["DistilledChaos"]},{"floor":35,"relics":[],"potions":["PowerPotion"]},{"floor":36,"relics":[],"potions":["DuplicationPotion"]},{"floor":37,"relics":[],"potions":["Fruit Juice"]},{"floor":38,"relics":[],"potions":["DistilledChaos"]},{"floor":39,"relics":[],"potions":["LiquidMemories"]},{"floor":41,"relics":[],"potions":["BottledMiracle"]},{"floor":44,"relics":[],"potions":["Regen Potion"]},{"floor":48,"relics":[],"potions":["AttackPotion"]},{"floor":55,"relics":[],"potions":["Explosive Potion"]}],"chose_seed":false,"campfire_upgraded":5,"win_rate":0,"floor_exit_playtime":[102,169,207,218,225,505,554,574,579,615,630,645,663,741,746,841,933,1047,1061,1085,1143,1179,1185,1262,1307,1328,1374,1381,1426,1518,1580,1585,1666,1775,1801,1847,1941,2026,2126,2163,2204,2208,2213,2264,2268,2325,2342,2407,2410,2525,2729,2740,2744,2769,2814,3032],"timestamp":1670114419,"blue_key_relic_skipped_log":{"floor":26,"relicID":"Oddly Smooth Stone"},"path_taken":["M","M","?","M","?","E","M","$","T","M","E","M","R","E","R","BOSS","M","?","M","M","$","R","E","M","T","E","R","M","E","M","R","BOSS","M","M","M","M","M","R","M","R","T","M","?","M","$","E","R","BOSS","BOSS","R","$","E","BOSS"],"build_version":"2022-12-01","purchased_purges":4,"victory":true,"max_hp_per_floor":[68,68,68,68,68,68,68,68,68,68,68,68,68,68,68,68,68,68,68,68,68,68,68,68,68,68,68,68,68,68,68,68,68,68,68,68,68,68,68,68,68,68,68,68,68,68,68,68,68,68,68,68,68,68,68,68],"relic_stats":{"Darkstone Periapt":0,"Calipers":[649],"counters":[33,98],"Astrolabe":["CrushJoints","Adaptation","Halt"],"Bag of Preparation":[40],"MawBank":96,"Boot":[6],"White Beast Statue":[0.0,0.0,0.0,0.4,0.0,0.6000000000000001,0.0,0.0,0.0,0.0,0.0,10.848475955200005],"Busted Crown":20,"Bird Faced Urn":[19],"Bronze Scales":[138],"Kunai":[15],"PureWater":[19],"obtain_stats":[{"Darkstone Periapt":19,"Calipers":27,"Astrolabe":17,"Vajra":30,"Bag of Preparation":22,"MawBank":14,"Boot":43,"White Beast Statue":9,"HornCleat":11,"Busted Crown":34,"Bird Faced Urn":24,"Bronze Scales":48,"Kunai":55,"PureWater":0,"FossilizedHelix":6},{"Darkstone Periapt":11,"Calipers":16,"Astrolabe":10,"Vajra":18,"Bag of Preparation":13,"MawBank":9,"Boot":26,"White Beast Statue":5,"HornCleat":7,"Busted Crown":20,"Bird Faced Urn":14,"Bronze Scales":29,"Kunai":32,"PureWater":0,"FossilizedHelix":4},{"Darkstone Periapt":31,"Calipers":44,"Astrolabe":27,"Vajra":49,"Bag of Preparation":37,"MawBank":21,"Boot":69,"White Beast Statue":12,"HornCleat":16,"Busted Crown":53,"Bird Faced Urn":39,"Bronze Scales":76,"Kunai":90,"PureWater":0,"FossilizedHelix":10}],"FossilizedHelix":[191]},"card_choices":[{"not_picked":["FlyingSleeves","Conclude"],"picked":"FearNoEvil","floor":1},{"not_picked":["BowlingBash","LikeWater","ThirdEye"],"picked":"SKIP","floor":2},{"not_picked":["JustLucky","WaveOfTheHand","ClearTheMind"],"picked":"SKIP","floor":4},{"not_picked":["Evaluate","LikeWater","Halt"],"picked":"SKIP","floor":6},{"not_picked":["WheelKick","SandsOfTime","DeceiveReality"],"picked":"SKIP","floor":7},{"not_picked":["Prostrate","WindmillStrike"],"picked":"CutThroughFate","floor":10},{"not_picked":["PathToVictory","WaveOfTheHand","CrushJoints"],"picked":"SKIP","floor":11},{"not_picked":["Protect","Evaluate","Swivel"],"picked":"SKIP","floor":12},{"not_picked":["EmptyBody","Collect"],"picked":"EmptyFist","floor":14},{"not_picked":["CrushJoints","Consecrate"],"picked":"InnerPeace+1","floor":18},{"not_picked":["WheelKick","SashWhip+1","EmptyBody"],"picked":"SKIP","floor":20},{"not_picked":["Vengeance","Sanctity","ClearTheMind"],"picked":"SKIP","floor":21},{"not_picked":["Vengeance","Sanctity","ClearTheMind"],"picked":"SKIP","floor":21},{"not_picked":["Consecrate","ThirdEye","PathToVictory"],"picked":"SKIP","floor":24},{"not_picked":["Consecrate","Protect","Swivel"],"picked":"SKIP","floor":25},{"not_picked":["Pray","Halt","FollowUp+1"],"picked":"SKIP","floor":27},{"not_picked":["Worship+1","EmptyFist","PathToVictory"],"picked":"SKIP","floor":29},{"not_picked":["Conclude","WindmillStrike","MasterReality"],"picked":"SKIP","floor":30},{"not_picked":["JustLucky+1","Collect","Protect"],"picked":"SKIP","floor":31},{"not_picked":["Consecrate"],"picked":"SKIP","floor":35},{"not_picked":["EmptyFist+1"],"picked":"SKIP","floor":36},{"not_picked":["Crescendo+1"],"picked":"SKIP","floor":38},{"not_picked":["Crescendo+1"],"picked":"SKIP","floor":38},{"not_picked":["Nirvana"],"picked":"SKIP","floor":39},{"not_picked":["Fasting2"],"picked":"SKIP","floor":41},{"not_picked":["SignatureMove+1"],"picked":"SKIP","floor":44},{"not_picked":["Protect"],"picked":"SKIP","floor":46},{"not_picked":["Protect"],"picked":"SKIP","floor":46},{"not_picked":["Wireheading"],"picked":"SKIP","floor":48},{"not_picked":["Conclude+1"],"picked":"SKIP","floor":55}],"player_experience":4616958,"relics_obtained":[{"floor":6,"key":"FossilizedHelix"},{"floor":9,"key":"White Beast Statue"},{"floor":11,"key":"HornCleat"},{"floor":14,"key":"MawBank"},{"floor":24,"key":"Bird Faced Urn"},{"floor":27,"key":"Calipers"},{"floor":30,"key":"Vajra"},{"floor":43,"key":"Boot"},{"floor":48,"key":"Bronze Scales"},{"floor":55,"key":"Kunai"}],"event_choices":[{"damage_healed":0,"gold_gain":0,"player_choice":"Grow","damage_taken":0,"max_hp_gain":0,"max_hp_loss":0,"event_name":"Living Wall","floor":3,"gold_loss":0,"cards_upgraded":["Eruption"]},{"damage_healed":0,"gold_gain":0,"player_choice":"Entered Light","damage_taken":20,"max_hp_gain":0,"max_hp_loss":0,"event_name":"Shining Light","floor":5,"gold_loss":0,"cards_upgraded":["Strike_P","Strike_P"]},{"damage_healed":0,"gold_gain":0,"player_choice":"Gave Potion","damage_taken":0,"relics_obtained":["Darkstone Periapt"],"max_hp_gain":0,"max_hp_loss":0,"event_name":"WeMeetAgain","floor":19,"gold_loss":0},{"damage_healed":0,"gold_gain":0,"player_choice":"Ignored","damage_taken":0,"max_hp_gain":0,"max_hp_loss":0,"event_name":"Mysterious Sphere","floor":45,"gold_loss":0}],"is_beta":false,"boss_relics":[{"not_picked":["Pandora\u0027s Box","Empty Cage"],"picked":"Astrolabe"},{"not_picked":["Calling Bell","SlaversCollar"],"picked":"Busted Crown"}],"items_purged_floors":[8,22,47,54],"is_endless":false,"potions_floor_spawned":[4,6,7,10,11,12,14,16,18,20,21,24,25,27,29,30,31,33,35,36,37,38,39,41,44,46,48,55],"ascension_level":20,"potion_discard_per_floor":[[],[],[],[],[],[],[],[],[],["EssenceOfSteel"],["BlessingOfTheForge"],[],[],[],[],["StancePotion"],[],["GamblersBrew"],[],[],[],[],[],[],[],[],[],[],["DistilledChaos"],[],["Strength Potion"],[],[],[],[],[],[],[],[],[],[],[],[],[],[],["GamblersBrew"],[],[],[],[],[],[],[],["SteroidPotion"],[],["GamblersBrew"],[]]}