{"neow_bonuses_skipped_log":["TRANSFORM_CARD","ONE_RARE_RELIC","BOSS_RELIC"],"neow_costs_skipped_log":["NONE","PERCENT_DAMAGE","NONE"],"potions_obtained_entropic_brew":[[],[],[],[],[],[],[],[],[],[],[],[],[],[],[],[],[],[],[],[],[],[],[],[],[],[],[],[],[],[],[],[],[],[],[],[],[],[],[],[],[],[],[],[],[],[],[],[],[],[],[],[],[],[],[],[],[]],"gold_per_floor":[112,82,7,19,29,54,54,86,86,116,131,131,131,144,144,221,221,238,238,238,257,286,311,311,337,337,166,186,61,61,61,61,138,138,153,153,169,188,198,198,225,225,252,252,269,288,288,301,301,301,301,301,301,151,185,185],"floor_reached":57,"playtime":2553,"items_purged":["Defend_P","Defend_P","Defend_P","Eruption+1"],"score":3080,"play_id":"054e848b-df58-4107-815f-8d6e18286b9c","local_time":"20221220215824","score_breakdown":["Floors Climbed (57): 285","Enemies Slain (15): 30","Exordium Elites Killed (3): 30","City Elites Killed (2): 40","Beyond Elites Killed (1): 30","Bosses Slain (5): 750","Light Speed: 50","Champion (4): 100","Perfect (2): 100","C-c-c-combo: 25","Ascension (20): 1390","Heartbreaker: 250"],"is_ascension_mode":true,"potions_obtained_alchemize":[[],[],[],[],[],[],[],[],[],[],[],[],[],[],[],[],[],[],[],[],[],[],[],[],[],[],[],[],[],[],[],[],[],[],[],[],[],[],[],[],[],[],[],[],[],[],[],[],[],[],[],[],[],[],[],[],[]],"campfire_choices":[{"data":"Eruption","floor":7,"key":"SMITH"},{"data":"TalkToTheHand","floor":15,"key":"SMITH"},{"data":"Blasphemy","floor":24,"key":"SMITH"},{"data":"Strike_P","floor":30,"key":"PURGE"},{"data":"Strike_P","floor":32,"key":"PURGE"},{"data":"Strike_P+1","floor":40,"key":"PURGE"},{"data":"Strike_P+1","floor":42,"key":"PURGE"},{"floor":47,"key":"RECALL"},{"data":"EmptyFist+1","floor":49,"key":"PURGE"},{"data":"TalkToTheHand+1","floor":53,"key":"PURGE"}],"lesson_learned_per_floor":[[],[],[],[],[],[],[],[],[],[],[],[],[],[],[],[],[],[],[],[],[],[],[],[],[],[],[],[],[],[],[],[],[],[],[],[],[],[],[],[],[],[],[],[],[],[],[],[],[],[],[],[],[],[],[],[],[]],"neow_cost":"NONE","improvable_cards":{},"seed_source_timestamp":40727912123821,"shop_contents":[{"floor":3,"relics":["Unceasing Top","Letter Opener","ClockworkSouvenir"],"cards":["FlurryOfBlows","SashWhip","Swivel","EmptyMind","MentalFortress","Bandage Up","Sadistic Nature"],"potions":["Fire Potion","CultistPotion","SneckoOil"]},{"floor":27,"relics":["Dream Catcher","War Paint","Frozen Eye"],"cards":["TalkToTheHand","Weave","EmptyBody","Protect","Deep Breath","Metamorphosis"],"potions":["Fire Potion","SkillPotion","DistilledChaos"]},{"floor":29,"relics":["Happy Flower","HornCleat","OrangePellets"],"cards":["FlyingSleeves","Ragnarok","Halt","Collect","LikeWater","Panacea","Apotheosis"],"potions":["Block Potion","Block Potion","Block Potion"]},{"floor":54,"relics":["Toy Ornithopter","Boot","Lee\u0027s Waffle"],"cards":["FollowUp","Weave","DeusExMachina","PathToVictory","Adaptation","PanicButton","Thinking Ahead"],"potions":["EssenceOfSteel","StancePotion","BlessingOfTheForge"]}],"circlet_count":0,"master_deck":["AscendersBane","Vigilance+1","Tantrum+1","InnerPeace+1","FlurryOfBlows+1","Blasphemy+1","Ghostly+1","Ghostly+1","Ghostly+1","MentalFortress+1","Adaptation+1"],"potion_use_per_floor":[[],[],[],[],[],["FearPotion"],[],[],[],[],[],[],[],[],[],[],[],["GamblersBrew"],[],[],[],[],["DuplicationPotion"],[],["FearPotion"],[],[],[],[],[],[],[],[],[],[],[],[],[],["GamblersBrew"],[],["Swift Potion"],[],[],[],[],[],[],[],[],[],[],[],[],[],["Swift Potion"],["Weak Potion","SteroidPotion"],[]],"relics":["PureWater","Regal Pillow","Torii","White Beast Statue","Du-Vu Doll","Blue Candle","Pear","Peace Pipe","VioletLotus","Red Mask","CeramicFish","Eternal Feather","TeardropLocket","SacredBark","Mark of the Bloom","Mercury Hourglass","Kunai"],"potions_floor_usage":[6,18,23,25,39,41,55,56,56],"damage_taken":[{"damage":0,"enemies":"2 Louse","floor":1,"turns":2},{"damage":0,"enemies":"Cultist","floor":4,"turns":2},{"damage":2,"enemies":"Small Slimes","floor":5,"turns":2},{"damage":16,"enemies":"Gremlin Nob","floor":6,"turns":3},{"damage":22,"enemies":"Lagavulin","floor":8,"turns":5},{"damage":1,"enemies":"Gremlin Nob","floor":10,"turns":3},{"damage":0,"enemies":"Blue Slaver","floor":11,"turns":1},{"damage":6,"enemies":"Looter","floor":14,"turns":2},{"damage":0,"enemies":"Slime Boss","floor":16,"turns":4},{"damage":9,"enemies":"Shell Parasite","floor":18,"turns":5},{"damage":1,"enemies":"2 Thieves","floor":21,"turns":3},{"damage":1,"enemies":"Masked Bandits","floor":22,"turns":4},{"damage":0,"enemies":"Gremlin Leader","floor":23,"turns":6},{"damage":0,"enemies":"Book of Stabbing","floor":25,"turns":4},{"damage":0,"enemies":"Shelled Parasite and Fungi","floor":28,"turns":4},{"damage":0,"enemies":"Collector","floor":33,"turns":5},{"damage":0,"enemies":"3 Shapes","floor":35,"turns":3},{"damage":0,"enemies":"Orb Walker","floor":37,"turns":2},{"damage":0,"enemies":"Transient","floor":38,"turns":6},{"damage":1,"enemies":"Jaw Worm Horde","floor":39,"turns":3},{"damage":0,"enemies":"Reptomancer","floor":41,"turns":2},{"damage":0,"enemies":"Spire Growth","floor":45,"turns":2},{"damage":0,"enemies":"Writhing Mass","floor":46,"turns":4},{"damage":0,"enemies":"4 Shapes","floor":48,"turns":2},{"damage":3,"enemies":"Time Eater","floor":50,"turns":9},{"damage":2,"enemies":"Donu and Deca","floor":51,"turns":4},{"damage":0,"enemies":"Shield and Spear","floor":55,"turns":2},{"damage":21,"enemies":"The Heart","floor":56,"turns":7}],"green_key_taken_log":6,"seed_played":"-5468036913814968113","neow_bonus_log":{"cardsObtained":[],"cardsUpgraded":[],"cardsRemoved":[],"cardsTransformed":[],"relicsObtained":["Regal Pillow"],"maxHpGained":0,"goldGained":0,"damageTaken":0,"goldLost":0,"maxHpLost":0},"potions_obtained":[{"floor":2,"key":"DuplicationPotion"},{"floor":2,"key":"FearPotion"},{"floor":10,"key":"BottledMiracle"},{"floor":11,"key":"DistilledChaos"},{"floor":16,"key":"GamblersBrew"},{"floor":18,"key":"Ancient Potion"},{"floor":21,"key":"Block Potion"},{"floor":22,"key":"SteroidPotion"},{"floor":23,"key":"FearPotion"},{"floor":25,"key":"SteroidPotion"},{"floor":37,"key":"GamblersBrew"},{"floor":39,"key":"Swift Potion"},{"floor":41,"key":"AttackPotion"},{"floor":44,"key":"DuplicationPotion"},{"floor":48,"key":"Swift Potion"},{"floor":55,"key":"Weak Potion"}],"is_trial":false,"path_per_floor":["M","?","$","M","M","E","R","E","T","E","M","T","?","M","R","B",null,"M","?","?","M","?","E","R","E","T","$","M","$","R","?","R","B",null,"M","?","M","M","M","R","E","R","T","?","M","M","R","M","R","B","B",null,"R","$","E","B",null],"character_chosen":"WATCHER","items_purchased":["Adaptation"],"campfire_rested":0,"item_purchase_floors":[27],"current_hp_per_floor":[61,61,61,61,59,43,43,21,21,20,20,30,30,24,24,24,65,56,56,39,38,37,37,37,37,37,37,37,37,39,39,39,39,39,39,39,39,39,38,38,38,38,38,38,38,38,38,38,38,35,33,33,33,33,33,12],"gold":185,"neow_bonus":"RANDOM_COMMON_RELIC","is_prod":false,"is_daily":false,"rewards_skipped":[{"floor":4,"relics":[],"potions":["EssenceOfSteel"]},{"floor":5,"relics":[],"potions":["Ancient Potion"]},{"floor":14,"relics":[],"potions":["Energy Potion"]},{"floor":28,"relics":[],"potions":["SkillPotion"]},{"floor":33,"relics":[],"potions":["Explosive Potion"]},{"floor":35,"relics":[],"potions":["Explosive Potion"]},{"floor":38,"relics":[],"potions":["Dexterity Potion"]},{"floor":44,"relics":[],"potions":["StancePotion"]},{"floor":45,"relics":[],"potions":["ColorlessPotion"]},{"floor":46,"relics":[],"potions":["SpeedPotion"]}],"chose_seed":false,"campfire_upgraded":3,"win_rate":0,"floor_exit_playtime":[129,163,175,188,206,333,344,419,425,472,498,501,507,525,540,623,659,732,737,746,789,909,993,1005,1074,1078,1093,1149,1156,1163,1166,1171,1272,1312,1345,1367,1422,1518,1579,1586,1743,1748,1752,1759,1799,1878,1884,1940,1976,2167,2264,2275,2290,2309,2384,2553],"timestamp":1671591504,"blue_key_relic_skipped_log":{"floor":43,"relicID":"PreservedInsect"},"path_taken":["M","?","$","M","?","E","R","E","T","E","M","?","?","M","R","BOSS","M","?","?","M","?","E","R","E","T","$","M","$","R","?","R","BOSS","M","?","M","M","M","R","E","R","T","?","?","M","R","M","R","BOSS","BOSS","R","$","E","BOSS"],"build_version":"2022-12-18","purchased_purges":4,"victory":true,"max_hp_per_floor":[68,68,68,68,68,68,68,68,68,68,68,78,78,78,78,78,78,78,78,39,39,39,39,39,39,39,39,39,39,39,39,39,39,39,39,39,39,39,39,39,39,39,39,39,39,39,39,39,39,39,39,39,39,39,39,39],"relic_stats":{"Regal Pillow":0,"Mark of the Bloom":41,"Torii":2,"counters":[28,101],"Blue Candle":[0],"CeramicFish":9,"Eternal Feather":2,"White Beast Statue":[0.0,0.0,0.0,0.4,0.0,0.6000000000000001,0.0,0.0,0.0,0.0,0.0,9.088743680000002],"Mercury Hourglass":[102],"Peace Pipe":8,"VioletLotus":[120],"Kunai":[13],"PureWater":[20],"obtain_stats":[{"Regal Pillow":0,"Mark of the Bloom":36,"Pear":12,"Torii":6,"Blue Candle":10,"CeramicFish":23,"SacredBark":34,"Eternal Feather":25,"TeardropLocket":26,"White Beast Statue":8,"Mercury Hourglass":41,"Du-Vu Doll":9,"Peace Pipe":13,"VioletLotus":17,"Red Mask":22,"Kunai":55,"PureWater":0},{"Regal Pillow":0,"Mark of the Bloom":17,"Pear":7,"Torii":4,"Blue Candle":6,"CeramicFish":13,"SacredBark":16,"Eternal Feather":14,"TeardropLocket":14,"White Beast Statue":5,"Mercury Hourglass":21,"Du-Vu Doll":5,"Peace Pipe":7,"VioletLotus":9,"Red Mask":12,"Kunai":27,"PureWater":0},{"Regal Pillow":0,"Mark of the Bloom":58,"Pear":18,"Torii":9,"Blue Candle":17,"CeramicFish":42,"SacredBark":55,"Eternal Feather":46,"TeardropLocket":46,"White Beast Statue":14,"Mercury Hourglass":71,"Du-Vu Doll":14,"Peace Pipe":18,"VioletLotus":24,"Red Mask":36,"Kunai":94,"PureWater":0}]},"card_choices":[{"not_picked":["CrushJoints","TalkToTheHand"],"picked":"EmptyFist","floor":1},{"not_picked":["EmptyBody","SignatureMove"],"picked":"Tantrum","floor":4},{"not_picked":["EmptyBody","Prostrate"],"picked":"InnerPeace","floor":5},{"not_picked":["Study","BattleHymn"],"picked":"FlurryOfBlows","floor":6},{"not_picked":["Wallop","WaveOfTheHand","PathToVictory"],"picked":"SKIP","floor":8},{"not_picked":["Wallop","WaveOfTheHand","PathToVictory"],"picked":"SKIP","floor":8},{"not_picked":["DevaForm","Halt","Sanctity"],"picked":"SKIP","floor":10},{"not_picked":["Fasting2","Protect","ClearTheMind"],"picked":"SKIP","floor":11},{"not_picked":["Protect","Consecrate"],"picked":"TalkToTheHand","floor":14},{"not_picked":["ConjureBlade","Devotion"],"picked":"Blasphemy","floor":16},{"not_picked":["PathToVictory","Evaluate","Consecrate"],"picked":"SKIP","floor":18},{"not_picked":["DeceiveReality","EmptyMind"],"picked":"MentalFortress+1","floor":21},{"not_picked":["EmptyFist","Vengeance+1","Alpha"],"picked":"SKIP","floor":22},{"not_picked":["Pray","FlyingSleeves","SandsOfTime"],"picked":"SKIP","floor":23},{"not_picked":["Meditate","LikeWater","Protect"],"picked":"SKIP","floor":25},{"not_picked":["CrushJoints","Consecrate","Sanctity"],"picked":"SKIP","floor":28},{"not_picked":["ClearTheMind+1","JustLucky","ThirdEye"],"picked":"SKIP","floor":35},{"not_picked":["ReachHeaven","BowlingBash","SashWhip"],"picked":"SKIP","floor":37},{"not_picked":["Swivel+1","Consecrate","PathToVictory+1"],"picked":"SKIP","floor":38},{"not_picked":["Nirvana","ThirdEye+1","SignatureMove"],"picked":"SKIP","floor":39},{"not_picked":["WreathOfFlame","ThirdEye+1","Protect"],"picked":"SKIP","floor":41},{"not_picked":["DeceiveReality","Halt","TalkToTheHand"],"picked":"SKIP","floor":45},{"not_picked":["ForeignInfluence","Worship","Tantrum"],"picked":"SKIP","floor":46},{"not_picked":["PathToVictory","SignatureMove","Consecrate"],"picked":"SKIP","floor":48},{"not_picked":["Evaluate","MentalFortress","BattleHymn"],"picked":"SKIP","floor":55}],"player_experience":4808809,"relics_obtained":[{"floor":6,"key":"Torii"},{"floor":8,"key":"White Beast Statue"},{"floor":9,"key":"Du-Vu Doll"},{"floor":10,"key":"Blue Candle"},{"floor":12,"key":"Pear"},{"floor":22,"key":"Red Mask"},{"floor":23,"key":"CeramicFish"},{"floor":25,"key":"Eternal Feather"},{"floor":26,"key":"TeardropLocket"},{"floor":41,"key":"Mercury Hourglass"},{"floor":55,"key":"Kunai"}],"event_choices":[{"damage_healed":0,"gold_gain":0,"player_choice":"Bought 2 Potions","damage_taken":0,"max_hp_gain":0,"max_hp_loss":0,"event_name":"The Woman in Blue","floor":2,"gold_loss":0},{"damage_healed":0,"gold_gain":0,"player_choice":"Searched \u00271\u0027 times","damage_taken":0,"relics_obtained":["Peace Pipe"],"max_hp_gain":0,"max_hp_loss":0,"event_name":"Dead Adventurer","floor":13,"gold_loss":0},{"cards_removed":["Defend_P"],"damage_healed":0,"gold_gain":0,"player_choice":"Elegance","damage_taken":0,"max_hp_gain":0,"max_hp_loss":0,"event_name":"Back to Basics","floor":19,"gold_loss":0},{"damage_healed":0,"gold_gain":0,"player_choice":"Became a Ghost","damage_taken":0,"max_hp_gain":0,"max_hp_loss":39,"event_name":"Ghosts","floor":20,"gold_loss":0,"cards_obtained":["Ghostly","Ghostly","Ghostly"]},{"damage_healed":0,"gold_gain":0,"player_choice":"Fought Bandits","damage_taken":0,"max_hp_gain":0,"max_hp_loss":0,"event_name":"Masked Bandits","floor":22,"gold_loss":0},{"damage_healed":0,"gold_gain":0,"player_choice":"Ignored","damage_taken":0,"max_hp_gain":0,"max_hp_loss":0,"event_name":"Vampires","floor":31,"gold_loss":0},{"damage_healed":0,"gold_gain":0,"player_choice":"Upgrade","damage_taken":0,"relics_obtained":["Mark of the Bloom"],"max_hp_gain":0,"max_hp_loss":0,"event_name":"MindBloom","floor":36,"gold_loss":0,"cards_upgraded":["Strike_P","Strike_P","Vigilance","EmptyFist","Tantrum","InnerPeace","FlurryOfBlows","Ghostly","Ghostly","Ghostly","Adaptation"]},{"damage_healed":0,"gold_gain":0,"player_choice":"Got Potions","damage_taken":0,"max_hp_gain":0,"max_hp_loss":0,"event_name":"Lab","floor":44,"gold_loss":0}],"is_beta":false,"boss_relics":[{"not_picked":["Fusion Hammer","Ectoplasm"],"picked":"VioletLotus"},{"not_picked":["Sozu","Astrolabe"],"picked":"SacredBark"}],"items_purged_floors":[3,27,29,54],"is_endless":false,"potions_floor_spawned":[4,5,10,11,14,16,18,21,22,23,25,28,33,35,37,38,39,41,45,46,48,55],"ascension_level":20,"potion_discard_per_floor":[[],[],[],[],[],[],[],[],[],[],["BottledMiracle"],[],[],[],[],["DistilledChaos"],[],[],[],[],["Ancient Potion"],["Block Potion"],[],[],[],[],[],[],[],[],[],[],[],[],[],[],["SteroidPotion"],[],[],[],[],[],[],["AttackPotion"],[],[],[],["DuplicationPotion"],[],[],[],[],[],[],[],[],[]]}