{"neow_bonuses_skipped_log":["REMOVE_CARD","THREE_SMALL_POTIONS","BOSS_RELIC"],"neow_costs_skipped_log":["NONE","NONE","NONE"],"potions_obtained_entropic_brew":[[],[],[],[],[],[]],"gold_per_floor":[367,386,403,3,18,18],"floor_reached":6,"playtime":278,"items_purged":["Defend_P"],"score":76,"play_id":"ef43eb07-7eca-4a03-bf29-63cc0fb323e8","local_time":"20221223230025","score_breakdown":["Floors Climbed (6): 30","Enemies Slain (4): 8","Exordium Elites Killed (0): 0","Bosses Slain (0): 0","Ascension (20): 38"],"is_ascension_mode":true,"potions_obtained_alchemize":[[],[],[],[],[],[]],"campfire_choices":[],"lesson_learned_per_floor":[[],[],["Strike_P"],[],[],[]],"neow_cost":"PERCENT_DAMAGE","improvable_cards":{},"seed_source_timestamp":30196675959152,"shop_contents":[{"floor":4,"relics":["Blue Candle","Toolbox"],"cards":["SashWhip","WheelKick","ClearTheMind","Vengeance","Impatience","Thinking Ahead"],"potions":["Dexterity Potion","Strength Potion","Regen Potion"]}],"circlet_count":0,"master_deck":["AscendersBane","Strike_P","Strike_P","Strike_P","Strike_P+1","Defend_P","Defend_P","Defend_P","Eruption","Vigilance","LessonLearned","Adaptation"],"potion_use_per_floor":[[],[],[],[],[],[]],"relics":["PureWater","White Beast Statue"],"potions_floor_usage":[],"damage_taken":[{"damage":8,"enemies":"Small Slimes","floor":1,"turns":3},{"damage":0,"enemies":"2 Louse","floor":2,"turns":2},{"damage":0,"enemies":"Jaw Worm","floor":3,"turns":3},{"damage":15,"enemies":"Looter","floor":5,"turns":5},{"damage":56,"enemies":"Gremlin Nob","floor":6,"turns":3}],"seed_played":"-5231624055372250335","neow_bonus_log":{"cardsObtained":[],"cardsUpgraded":[],"cardsRemoved":[],"cardsTransformed":[],"relicsObtained":[],"maxHpGained":0,"goldGained":250,"damageTaken":18,"goldLost":0,"maxHpLost":0},"potions_obtained":[{"floor":5,"key":"SpeedPotion"}],"is_trial":false,"path_per_floor":["M","M","M","$","M","E"],"character_chosen":"WATCHER","items_purchased":["Adaptation","White Beast Statue"],"campfire_rested":0,"item_purchase_floors":[4,4],"current_hp_per_floor":[35,35,35,35,20,0],"gold":18,"neow_bonus":"TWO_FIFTY_GOLD","is_prod":false,"is_daily":false,"rewards_skipped":[],"chose_seed":false,"campfire_upgraded":0,"win_rate":0,"floor_exit_playtime":[96,125,160,171,239],"timestamp":1671854425,"path_taken":["M","M","M","$","M","E"],"build_version":"2022-12-18","purchased_purges":1,"victory":false,"max_hp_per_floor":[68,68,68,68,68,68],"relic_stats":{"counters":[5,16],"PureWater":[3],"obtain_stats":[{"PureWater":0,"White Beast Statue":4},{"PureWater":0,"White Beast Statue":3},{"PureWater":0,"White Beast Statue":8}],"White Beast Statue":[0.0,0.0,0.0,0.0,0.0,0.0,0.7000000000000001,0.0,0.30000000000000004,0.0,0.0,0.7000000000000001]},"card_choices":[{"not_picked":["Evaluate","FlyingSleeves","ClearTheMind"],"picked":"SKIP","floor":1},{"not_picked":["SashWhip","JustLucky"],"picked":"LessonLearned","floor":2},{"not_picked":["SandsOfTime","ClearTheMind","Vengeance"],"picked":"SKIP","floor":3},{"not_picked":["SandsOfTime","ClearTheMind","Vengeance"],"picked":"SKIP","floor":3},{"not_picked":["Nirvana","Adaptation","Prostrate"],"picked":"SKIP","floor":5}],"player_experience":4829298,"relics_obtained":[],"event_choices":[],"is_beta":false,"boss_relics":[],"items_purged_floors":[4],"is_endless":false,"potions_floor_spawned":[5],"killed_by":"Gremlin Nob","ascension_level":20,"potion_discard_per_floor":[[],[],[],[],[],[]]}