{"neow_bonuses_skipped_log":["ONE_RANDOM_RARE_CARD","RANDOM_COMMON_RELIC","BOSS_RELIC"],"neow_costs_skipped_log":["NONE","NONE","NONE"],"potions_obtained_entropic_brew":[[],[],[],[],[],[],[],[],[],[],[],[],[],[],[],[],[],[],[],[],[],[],[],[],[],[],[],[],[],[],[],[],[],[],[],[],[],[],[],[],[],[],[],[],[],[],[],[],[],[],[],[],[],[],[],[],[]],"gold_per_floor":[363,376,387,5,5,5,30,45,45,45,62,96,96,113,113,186,186,198,98,13,13,30,64,64,99,99,149,24,59,59,77,77,151,151,166,183,33,49,61,61,89,112,148,173,185,210,222,234,246,258,270,282,294,306,347,359],"floor_reached":57,"playtime":2960,"items_purged":["Defend_P","Defend_P","Strike_P","Strike_P"],"score":3254,"play_id":"47363980-77e3-4475-b77a-50a83548ce5b","local_time":"20221216203413","score_breakdown":["Floors Climbed (57): 285","Enemies Slain (16): 32","Exordium Elites Killed (2): 20","City Elites Killed (3): 60","Beyond Elites Killed (1): 30","Bosses Slain (5): 750","Speedster: 25","Money Money (1134): 25","Champion (3): 75","Beyond Perfect: 200","C-c-c-combo: 25","Ascension (20): 1477","Heartbreaker: 250"],"is_ascension_mode":true,"potions_obtained_alchemize":[[],[],[],[],[],[],[],[],[],[],[],[],[],[],[],[],[],[],[],[],[],[],[],[],[],[],[],[],[],[],[],[],[],[],[],[],[],[],[],[],[],[],[],[],[],[],[],[],[],[],[],[],[],[],[],[],[]],"campfire_choices":[{"data":"Eruption","floor":6,"key":"SMITH"},{"data":"CutThroughFate","floor":10,"key":"SMITH"},{"data":"EmptyMind","floor":13,"key":"SMITH"},{"data":"TalkToTheHand","floor":15,"key":"SMITH"},{"data":"Scrawl","floor":24,"key":"SMITH"},{"data":"MentalFortress","floor":32,"key":"SMITH"},{"floor":40,"key":"RECALL"},{"data":"FearNoEvil","floor":47,"key":"SMITH"},{"data":"Ghostly","floor":49,"key":"SMITH"},{"data":"Ghostly","floor":53,"key":"SMITH"}],"lesson_learned_per_floor":[[],[],[],[],[],[],[],[],[],[],[],[],[],[],[],[],[],[],[],[],[],[],[],[],[],[],[],[],[],[],[],[],[],[],[],[],[],[],[],[],[],[],[],[],[],[],[],[],[],[],[],[],[],[],[],[],[]],"neow_cost":"PERCENT_DAMAGE","improvable_cards":{},"seed_source_timestamp":20624260485021,"shop_contents":[{"floor":4,"relics":["Du-Vu Doll","ClockworkSouvenir"],"cards":["Weave","FlyingSleeves","Indignation","Halt","Jack Of All Trades","Metamorphosis"],"potions":["Strength Potion","Explosive Potion"]},{"floor":19,"relics":["Anchor","Tiny Chest","Chemical X"],"cards":["CrushJoints","FollowUp","Halt","Evaluate","Study","Blind","Apotheosis"],"potions":["LiquidBronze","SteroidPotion","BlessingOfTheForge"]},{"floor":28,"relics":["War Paint","Mercury Hourglass","Medical Kit"],"cards":["EmptyFist+1","FearNoEvil+1","Pray","Crescendo","Nirvana","Trip","Panache"],"potions":["BottledMiracle","BottledMiracle","DistilledChaos"]},{"floor":37,"relics":["Bag of Marbles","Regal Pillow","Cauldron"],"cards":["Wallop+1","FearNoEvil+1","EmptyBody","ThirdEye","LikeWater","Dark Shackles","Transmutation"],"potions":["LiquidBronze","SkillPotion","LiquidBronze"]},{"floor":54,"relics":["Pen Nib","Bronze Scales","Toolbox"],"cards":["ReachHeaven+1","Ragnarok+1","Scrawl","EmptyMind","LikeWater","Swift Strike+1","Thinking Ahead"],"potions":["Regen Potion","LiquidBronze","SmokeBomb"]}],"circlet_count":0,"master_deck":["AscendersBane","Eruption+1","Vigilance","CutThroughFate+1","CutThroughFate","MentalFortress+1","TalkToTheHand+1","EmptyMind+1","FearNoEvil+1","Scrawl+1","CutThroughFate","SashWhip","Ghostly+1","Ghostly","Ghostly+1","EmptyMind+1"],"potion_use_per_floor":[[],[],[],[],[],[],["Explosive Potion"],[],[],[],[],[],[],[],[],[],[],[],[],[],[],[],["FearPotion"],[],[],[],[],[],[],[],[],[],[],[],[],[],[],[],[],[],["DuplicationPotion","SteroidPotion"],[],[],[],[],[],[],[],[],[],[],[],[],[],[],["AttackPotion"],[]],"relics":["PureWater","Lantern","Centennial Puzzle","Strawberry","Sundial","Empty Cage","StrikeDummy","Calipers","Molten Egg 2","Happy Flower","VioletLotus","MawBank","Akabeko","Shuriken"],"potions_floor_usage":[7,23,41,41,56],"damage_taken":[{"damage":0,"enemies":"Cultist","floor":1,"turns":2},{"damage":4,"enemies":"Jaw Worm","floor":2,"turns":3},{"damage":0,"enemies":"2 Louse","floor":3,"turns":3},{"damage":6,"enemies":"3 Sentries","floor":7,"turns":4},{"damage":0,"enemies":"Large Slime","floor":8,"turns":4},{"damage":3,"enemies":"Looter","floor":11,"turns":2},{"damage":4,"enemies":"Lagavulin","floor":12,"turns":3},{"damage":0,"enemies":"Blue Slaver","floor":14,"turns":1},{"damage":8,"enemies":"Hexaghost","floor":16,"turns":9},{"damage":0,"enemies":"Chosen","floor":18,"turns":3},{"damage":0,"enemies":"Spheric Guardian","floor":22,"turns":2},{"damage":28,"enemies":"Slavers","floor":23,"turns":2},{"damage":2,"enemies":"Book of Stabbing","floor":25,"turns":3},{"damage":0,"enemies":"Gremlin Leader","floor":29,"turns":3},{"damage":0,"enemies":"Snecko","floor":31,"turns":4},{"damage":0,"enemies":"Champ","floor":33,"turns":3},{"damage":0,"enemies":"Orb Walker","floor":35,"turns":1},{"damage":1,"enemies":"3 Shapes","floor":36,"turns":3},{"damage":0,"enemies":"Jaw Worm Horde","floor":38,"turns":3},{"damage":1,"enemies":"4 Shapes","floor":39,"turns":3},{"damage":0,"enemies":"Nemesis","floor":41,"turns":5},{"damage":0,"enemies":"Sphere and 2 Shapes","floor":42,"turns":1},{"damage":0,"enemies":"Transient","floor":44,"turns":6},{"damage":0,"enemies":"4 Shapes","floor":46,"turns":3},{"damage":0,"enemies":"Donu and Deca","floor":50,"turns":3},{"damage":0,"enemies":"Awakened One","floor":51,"turns":2},{"damage":0,"enemies":"Shield and Spear","floor":55,"turns":1},{"damage":2,"enemies":"The Heart","floor":56,"turns":6}],"green_key_taken_log":23,"seed_played":"-4550719369754033458","neow_bonus_log":{"cardsObtained":[],"cardsUpgraded":[],"cardsRemoved":[],"cardsTransformed":[],"relicsObtained":[],"maxHpGained":0,"goldGained":250,"damageTaken":18,"goldLost":0,"maxHpLost":0},"potions_obtained":[{"floor":3,"key":"Energy Potion"},{"floor":7,"key":"AttackPotion"},{"floor":12,"key":"FearPotion"},{"floor":29,"key":"Explosive Potion"},{"floor":31,"key":"DuplicationPotion"},{"floor":39,"key":"SteroidPotion"},{"floor":46,"key":"AttackPotion"}],"is_trial":false,"path_per_floor":["M","M","M","$","?","R","E","M","T","R","M","E","R","M","R","B",null,"M","$","?","?","M","E","R","E","T","?","$","E","?","M","R","B",null,"M","M","$","M","M","R","E","M","T","M","?","M","R","?","R","B","B",null,"R","$","E","B",null],"character_chosen":"WATCHER","items_purchased":["Lantern","MentalFortress","Explosive Potion"],"campfire_rested":0,"item_purchase_floors":[4,4,4],"current_hp_per_floor":[43,39,39,39,39,39,33,33,40,40,37,33,33,33,33,25,63,63,63,63,63,63,35,35,33,33,33,33,33,33,33,33,33,36,36,35,35,35,34,34,34,34,34,34,34,34,34,34,34,34,34,36,36,36,36,34],"gold":371,"neow_bonus":"TWO_FIFTY_GOLD","is_prod":false,"is_daily":false,"rewards_skipped":[{"floor":8,"relics":[],"potions":["Explosive Potion"]},{"floor":14,"relics":[],"potions":["Explosive Potion"]},{"floor":16,"relics":[],"potions":["ColorlessPotion"]},{"floor":18,"relics":[],"potions":["Dexterity Potion"]},{"floor":33,"relics":[],"potions":["SpeedPotion"]},{"floor":38,"relics":[],"potions":["Weak Potion"]}],"chose_seed":false,"campfire_upgraded":9,"win_rate":0,"floor_exit_playtime":[25,57,151,201,221,227,353,420,424,452,482,578,593,620,627,757,830,872,890,898,915,954,1009,1015,1095,1098,1104,1123,1193,1197,1269,1276,1422,1482,1543,1590,1607,1690,1785,1789,1957,2035,2043,2187,2190,2287,2293,2296,2305,2409,2552,2564,2569,2642,2720,2960],"timestamp":1671240853,"blue_key_relic_skipped_log":{"floor":26,"relicID":"Juzu Bracelet"},"path_taken":["M","?","M","$","?","R","E","?","T","R","M","E","R","M","R","BOSS","M","$","?","?","M","E","R","E","T","?","$","E","?","M","R","BOSS","M","M","$","M","M","R","E","M","T","M","?","M","R","?","R","BOSS","BOSS","R","$","E","BOSS"],"build_version":"2022-12-01","purchased_purges":4,"victory":true,"max_hp_per_floor":[68,68,68,68,68,68,68,68,75,75,75,75,75,75,75,75,75,75,75,75,75,75,75,75,75,75,75,75,75,37,37,37,37,37,37,37,37,37,37,37,37,37,37,37,37,37,37,37,37,37,37,37,37,37,37,37],"relic_stats":{"Centennial Puzzle":[24],"Calipers":[3853],"Happy Flower":[14],"counters":[28,88],"Sundial":[198],"Shuriken":[13],"VioletLotus":[111],"PureWater":[26],"MawBank":192,"obtain_stats":[{"Lantern":4,"Calipers":23,"Happy Flower":29,"Empty Cage":17,"MawBank":41,"Akabeko":43,"Centennial Puzzle":7,"Sundial":12,"Shuriken":55,"Strawberry":9,"Molten Egg 2":25,"VioletLotus":34,"PureWater":0,"StrikeDummy":20},{"Lantern":3,"Calipers":12,"Happy Flower":14,"Empty Cage":9,"MawBank":21,"Akabeko":22,"Centennial Puzzle":4,"Sundial":7,"Shuriken":27,"Strawberry":5,"Molten Egg 2":13,"VioletLotus":16,"PureWater":0,"StrikeDummy":10},{"Lantern":8,"Calipers":38,"Happy Flower":44,"Empty Cage":31,"MawBank":66,"Akabeko":67,"Centennial Puzzle":12,"Sundial":21,"Shuriken":82,"Strawberry":16,"Molten Egg 2":41,"VioletLotus":51,"PureWater":0,"StrikeDummy":34}]},"card_choices":[{"not_picked":["FollowUp","ThirdEye","Weave"],"picked":"SKIP","floor":1},{"not_picked":["LikeWater","Conclude"],"picked":"CutThroughFate","floor":2},{"not_picked":["Wireheading","BowlingBash"],"picked":"CutThroughFate","floor":3},{"not_picked":["SandsOfTime","Consecrate"],"picked":"TalkToTheHand","floor":7},{"not_picked":["Consecrate","Fasting2"],"picked":"EmptyMind","floor":8},{"not_picked":["EmptyBody","CrushJoints","JustLucky"],"picked":"SKIP","floor":11},{"not_picked":["SignatureMove","Prostrate"],"picked":"FearNoEvil","floor":12},{"not_picked":["SashWhip","ThirdEye","PathToVictory"],"picked":"SKIP","floor":14},{"not_picked":["Judgement","Brilliance"],"picked":"Scrawl","floor":16},{"not_picked":["Tantrum","ThirdEye","Halt+1"],"picked":"SKIP","floor":18},{"not_picked":["Halt","EmptyBody","Evaluate"],"picked":"SKIP","floor":22},{"not_picked":["ClearTheMind","Consecrate","Wireheading"],"picked":"SKIP","floor":23},{"not_picked":["BattleHymn","SashWhip+1","Conclude+1"],"picked":"SKIP","floor":25},{"not_picked":["WaveOfTheHand","JustLucky+1","BowlingBash+1"],"picked":"SKIP","floor":29},{"not_picked":["SashWhip+1","Wish","EmptyMind"],"picked":"SKIP","floor":31},{"not_picked":["EmptyMind+1","JustLucky+1","BattleHymn"],"picked":"SKIP","floor":35},{"not_picked":["ClearTheMind","Study","BattleHymn+1"],"picked":"SKIP","floor":36},{"not_picked":["Crescendo","Halt+1","CutThroughFate+1"],"picked":"SKIP","floor":38},{"not_picked":["SashWhip+1","Crescendo","FlyingSleeves+1"],"picked":"SKIP","floor":39},{"not_picked":["SashWhip+1","Crescendo","FlyingSleeves+1"],"picked":"SKIP","floor":39},{"not_picked":["BattleHymn","FollowUp+1","DeceiveReality+1"],"picked":"SKIP","floor":41},{"not_picked":["EmptyBody","DeceiveReality+1","JustLucky+1"],"picked":"SKIP","floor":42},{"not_picked":["BowlingBash+1","Worship","FlyingSleeves+1"],"picked":"SKIP","floor":44},{"not_picked":["Indignation","FlurryOfBlows+1"],"picked":"EmptyMind+1","floor":46},{"not_picked":["CutThroughFate+1","BowlingBash+1","Fasting2+1"],"picked":"SKIP","floor":55}],"player_experience":4755145,"relics_obtained":[{"floor":7,"key":"Centennial Puzzle"},{"floor":9,"key":"Strawberry"},{"floor":12,"key":"Sundial"},{"floor":23,"key":"Calipers"},{"floor":25,"key":"Molten Egg 2"},{"floor":29,"key":"Happy Flower"},{"floor":41,"key":"MawBank"},{"floor":43,"key":"Akabeko"},{"floor":55,"key":"Shuriken"}],"event_choices":[{"damage_healed":0,"gold_gain":0,"player_choice":"0 cards matched","damage_taken":0,"max_hp_gain":0,"max_hp_loss":0,"event_name":"Match and Keep!","floor":5,"gold_loss":0,"cards_obtained":[]},{"damage_healed":0,"gold_gain":0,"player_choice":"Obtained Relic","damage_taken":0,"relics_obtained":["StrikeDummy"],"max_hp_gain":0,"max_hp_loss":0,"event_name":"Addict","floor":20,"gold_loss":85},{"damage_healed":0,"gold_gain":0,"cards_transformed":["Strike_P","Strike_P"],"player_choice":"Became Test Subject","damage_taken":0,"max_hp_gain":0,"max_hp_loss":0,"event_name":"Drug Dealer","floor":21,"gold_loss":0,"cards_obtained":["CutThroughFate","SashWhip"]},{"damage_healed":0,"gold_gain":50,"player_choice":"Stole From Cult","damage_taken":0,"max_hp_gain":0,"max_hp_loss":0,"event_name":"Nest","floor":27,"gold_loss":0},{"damage_healed":0,"gold_gain":0,"player_choice":"Became a Ghost","damage_taken":0,"max_hp_gain":0,"max_hp_loss":38,"event_name":"Ghosts","floor":30,"gold_loss":0,"cards_obtained":["Ghostly","Ghostly","Ghostly"]},{"damage_healed":0,"gold_gain":0,"player_choice":"Ignored","damage_taken":0,"max_hp_gain":0,"max_hp_loss":0,"event_name":"Mysterious Sphere","floor":45,"gold_loss":0},{"damage_healed":0,"gold_gain":0,"player_choice":"Ignored","damage_taken":0,"max_hp_gain":0,"max_hp_loss":0,"event_name":"Tomb of Lord Red Mask","floor":48,"gold_loss":0}],"is_beta":false,"boss_relics":[{"not_picked":["Busted Crown","Fusion Hammer"],"picked":"Empty Cage"},{"not_picked":["Philosopher\u0027s Stone","SacredBark"],"picked":"VioletLotus"}],"items_purged_floors":[4,19,28,37],"is_endless":false,"potions_floor_spawned":[3,7,8,12,14,16,18,29,31,33,38,39,46],"ascension_level":20,"potion_discard_per_floor":[[],[],[],[],[],[],[],[],[],[],[],["Energy Potion"],[],[],[],[],[],[],[],[],[],[],[],[],[],[],[],[],[],[],["Explosive Potion"],[],[],[],[],[],[],[],["AttackPotion"],[],[],[],[],[],[],[],[],[],[],[],[],[],[],[],[],[],[]]}