{"neow_bonuses_skipped_log":["THREE_ENEMY_KILL","THREE_RARE_CARDS","BOSS_RELIC"],"neow_costs_skipped_log":["NONE","TEN_PERCENT_HP_LOSS","NONE"],"potions_obtained_entropic_brew":[[],[],[],[],[],[],[],[],[],[],[],[],[],[],[],[],[],[],[],[],[],[],[],[]],"gold_per_floor":[115,165,183,194,214,214,225,150,177,102,121,146,159,159,159,257,257,275,275,289,324,86,86,86],"floor_reached":24,"playtime":1287,"items_purged":["Defend_P","Defend_P"],"score":446,"play_id":"030aadc5-6fbb-401a-8d00-a17f30a12cae","local_time":"20221218180509","score_breakdown":["Floors Climbed (24): 120","Enemies Slain (9): 18","Exordium Elites Killed (1): 10","City Elites Killed (0): 0","Bosses Slain (1): 50","Champion (1): 25","Ascension (20): 223"],"is_ascension_mode":true,"potions_obtained_alchemize":[[],[],[],[],[],[],[],[],[],[],[],[],[],[],[],[],[],[],[],[],[],[],[],[]],"campfire_choices":[{"data":"Eruption","floor":6,"key":"SMITH"},{"data":"Study","floor":15,"key":"SMITH"},{"floor":23,"key":"REST"}],"lesson_learned_per_floor":[[],[],[],[],[],[],[],[],[],[],[],[],[],[],[],[],[],[],[],[],[],[],[],[]],"neow_cost":"NONE","improvable_cards":{},"seed_source_timestamp":14259861451438,"shop_contents":[{"floor":8,"relics":["PreservedInsect","MealTicket","PrismaticShard"],"cards":["FollowUp","BowlingBash","EmptyBody","Halt","LikeWater","PanicButton","Secret Technique"],"potions":["Ancient Potion","Strength Potion","Strength Potion"]},{"floor":22,"relics":["War Paint","Gambling Chip","Cauldron"],"cards":["TalkToTheHand","EmptyFist","Scrawl","Meditate","Bandage Up","The Bomb"],"potions":["PowerPotion","GamblersBrew"]}],"circlet_count":0,"master_deck":["AscendersBane","Strike_P","Strike_P","Strike_P","Strike_P","Eruption+1","Vigilance","CutThroughFate","TalkToTheHand","TalkToTheHand","Study+1","CarveReality","CurseOfTheBell","Adaptation"],"potion_use_per_floor":[[],[],[],[],[],[],[],[],[],[],[],[],[],[],[],[],[],[],[],[],["Fire Potion","FearPotion"],[],[],["Swift Potion"]],"relics":["PureWater","Boot","Pen Nib","Bloody Idol","Calling Bell","Calipers","Yang","Nunchaku","Red Mask"],"potions_floor_usage":[21,21,24],"damage_taken":[{"damage":7,"enemies":"Jaw Worm","floor":1,"turns":3},{"damage":0,"enemies":"Cultist","floor":3,"turns":2},{"damage":1,"enemies":"2 Louse","floor":4,"turns":2},{"damage":8,"enemies":"Blue Slaver","floor":5,"turns":3},{"damage":2,"enemies":"Large Slime","floor":7,"turns":3},{"damage":7,"enemies":"Looter","floor":11,"turns":3},{"damage":0,"enemies":"Lagavulin","floor":12,"turns":6},{"damage":8,"enemies":"2 Fungi Beasts","floor":13,"turns":3},{"damage":8,"enemies":"The Guardian","floor":16,"turns":11},{"damage":26,"enemies":"Shell Parasite","floor":18,"turns":5},{"damage":21,"enemies":"2 Thieves","floor":20,"turns":5},{"damage":1,"enemies":"Masked Bandits","floor":21,"turns":2},{"damage":40,"enemies":"Book of Stabbing","floor":24,"turns":4}],"seed_played":"2897990986132329096","neow_bonus_log":{"cardsObtained":[],"cardsUpgraded":[],"cardsRemoved":["Defend_P"],"cardsTransformed":[],"relicsObtained":[],"maxHpGained":0,"goldGained":0,"damageTaken":0,"goldLost":0,"maxHpLost":0},"potions_obtained":[{"floor":1,"key":"Fire Potion"},{"floor":5,"key":"SkillPotion"},{"floor":12,"key":"FearPotion"}],"is_trial":false,"path_per_floor":["M","?","M","M","M","R","M","$","T","?","M","E","M","?","R","B",null,"M","?","M","?","$","R","E"],"character_chosen":"WATCHER","items_purchased":["Adaptation","Swift Potion"],"campfire_rested":1,"item_purchase_floors":[22,22],"current_hp_per_floor":[54,48,48,47,39,39,37,37,37,37,30,30,22,22,22,14,50,24,24,13,17,17,35,0],"gold":86,"neow_bonus":"REMOVE_CARD","is_prod":false,"is_daily":false,"rewards_skipped":[{"floor":7,"relics":[],"potions":["SkillPotion"]},{"floor":18,"relics":[],"potions":["EssenceOfSteel"]}],"chose_seed":false,"campfire_upgraded":2,"win_rate":0,"floor_exit_playtime":[68,72,89,172,234,239,266,313,328,332,373,461,495,499,505,673,735,796,799,882,1044,1114,1117],"timestamp":1671404709,"path_taken":["M","?","?","M","M","R","M","$","T","?","M","E","M","?","R","BOSS","M","?","M","?","$","R","E"],"build_version":"2022-12-01","purchased_purges":2,"victory":false,"max_hp_per_floor":[68,68,68,68,68,68,68,68,68,68,68,68,68,62,62,62,62,62,62,62,62,62,62,62],"relic_stats":{"Nunchaku":[4],"Calipers":[0],"counters":[13,52],"Bloody Idol":15,"Yang":[46],"Pen Nib":[7],"PureWater":[12],"Boot":[12],"obtain_stats":[{"Calling Bell":17,"Nunchaku":17,"Calipers":17,"Golden Idol":14,"Bloody Idol":19,"Yang":17,"Pen Nib":12,"Red Mask":21,"PureWater":0,"Boot":9},{"Calling Bell":9,"Nunchaku":9,"Calipers":9,"Golden Idol":8,"Bloody Idol":10,"Yang":9,"Pen Nib":7,"Red Mask":12,"PureWater":0,"Boot":5},{"Calling Bell":36,"Nunchaku":36,"Calipers":36,"Golden Idol":25,"Bloody Idol":41,"Yang":36,"Pen Nib":22,"Red Mask":48,"PureWater":0,"Boot":13}]},"card_choices":[{"not_picked":["ForeignInfluence","ClearTheMind"],"picked":"CutThroughFate","floor":1},{"not_picked":["Worship","ForeignInfluence"],"picked":"TalkToTheHand","floor":3},{"not_picked":["Wireheading","CutThroughFate","FlyingSleeves"],"picked":"SKIP","floor":4},{"not_picked":["FlyingSleeves","JustLucky"],"picked":"TalkToTheHand","floor":5},{"not_picked":["Halt","WindmillStrike","ConjureBlade"],"picked":"SKIP","floor":7},{"not_picked":["Vengeance","Evaluate","WindmillStrike"],"picked":"SKIP","floor":11},{"not_picked":["Protect","ClearTheMind"],"picked":"Study","floor":12},{"not_picked":["Nirvana","WindmillStrike"],"picked":"CarveReality","floor":13},{"not_picked":["Collect+1","Prostrate","Conclude"],"picked":"SKIP","floor":18},{"not_picked":["WindmillStrike","SashWhip","Consecrate"],"picked":"SKIP","floor":20},{"not_picked":["Swivel","ThirdEye","JustLucky"],"picked":"SKIP","floor":21}],"player_experience":4784022,"relics_obtained":[{"floor":9,"key":"Boot"},{"floor":12,"key":"Pen Nib"},{"floor":17,"key":"Calipers"},{"floor":17,"key":"Yang"},{"floor":17,"key":"Nunchaku"},{"floor":21,"key":"Red Mask"}],"event_choices":[{"damage_healed":0,"gold_gain":50,"player_choice":"Touch","damage_taken":6,"max_hp_gain":0,"max_hp_loss":0,"event_name":"FaceTrader","floor":2,"gold_loss":0},{"cards_removed":["Defend_P"],"damage_healed":0,"gold_gain":0,"player_choice":"Card Removal","damage_taken":0,"max_hp_gain":0,"max_hp_loss":0,"event_name":"The Cleric","floor":10,"gold_loss":75},{"damage_healed":0,"gold_gain":0,"player_choice":"Lose Max HP","damage_taken":0,"relics_obtained":["Golden Idol"],"max_hp_gain":0,"max_hp_loss":6,"event_name":"Golden Idol","floor":14,"gold_loss":0},{"damage_healed":0,"gold_gain":0,"player_choice":"Gave Idol","damage_taken":0,"relics_obtained":["Bloody Idol"],"max_hp_gain":0,"max_hp_loss":0,"event_name":"Forgotten Altar","floor":19,"relics_lost":["Golden Idol"],"gold_loss":0},{"damage_healed":0,"gold_gain":0,"player_choice":"Fought Bandits","damage_taken":0,"max_hp_gain":0,"max_hp_loss":0,"event_name":"Masked Bandits","floor":21,"gold_loss":0}],"is_beta":false,"boss_relics":[{"not_picked":["Snecko Eye","Busted Crown"],"picked":"Calling Bell"}],"items_purged_floors":[8,22],"is_endless":false,"potions_floor_spawned":[1,5,7,12,18],"killed_by":"Book of Stabbing","ascension_level":20,"potion_discard_per_floor":[[],[],[],[],[],[],[],[],[],[],[],["SkillPotion"],[],[],[],[],[],[],[],[],[],[],[],[]]}