{"neow_bonuses_skipped_log":["TEN_PERCENT_HP_BONUS"],"neow_costs_skipped_log":["NONE"],"potions_obtained_entropic_brew":[[],[],[],[],[],[],[],[],[],[],[],[],[],[],[],[],[],[],[],[],[],[],[],[],[],[],[],[],[],[],[],[],[],[],[],[],[],[],[],[],[],[],[],[],[],[],[],[],[],[],[],[],[],[],[],[],[]],"gold_per_floor":[109,109,34,34,34,65,75,75,75,86,117,117,143,167,167,242,242,258,258,278,288,304,337,350,380,380,305,315,215,265,97,97,173,173,184,12,25,37,37,72,72,104,127,142,161,161,173,198,198,198,198,198,198,29,57,57],"floor_reached":57,"playtime":3262,"items_purged":["Defend_P","Defend_P","Strike_P"],"score":3250,"play_id":"26adb5cb-1aaf-4d5f-8551-909bda0c5cc5","local_time":"20221225021130","score_breakdown":["Floors Climbed (57): 285","Enemies Slain (15): 30","Exordium Elites Killed (3): 30","City Elites Killed (2): 40","Beyond Elites Killed (3): 90","Bosses Slain (5): 750","Speedster: 25","Collector (1): 25","Champion (6): 150","Perfect (2): 100","Ascension (20): 1475","Heartbreaker: 250"],"is_ascension_mode":true,"potions_obtained_alchemize":[[],[],[],[],[],[],[],[],[],[],[],[],[],[],[],[],[],[],[],[],[],[],[],[],[],[],[],[],[],[],[],[],[],[],[],[],[],[],[],[],[],[],[],[],[],[],[],[],[],[],[],[],[],[],[],[],[]],"campfire_choices":[{"data":"Eruption","floor":8,"key":"SMITH"},{"data":"CrushJoints","floor":12,"key":"SMITH"},{"data":"TalkToTheHand","floor":15,"key":"SMITH"},{"data":"Adaptation","floor":32,"key":"SMITH"},{"floor":41,"key":"RECALL"},{"data":"Wallop","floor":46,"key":"SMITH"},{"data":"Devotion","floor":49,"key":"SMITH"},{"data":"CutThroughFate","floor":53,"key":"SMITH"}],"lesson_learned_per_floor":[[],[],[],[],[],[],[],[],[],[],[],[],[],[],[],[],[],[],[],[],[],[],[],[],[],[],[],[],[],[],[],[],[],[],[],[],[],[],[],[],[],[],[],[],[],[],[],[],[],[],[],[],[],[],[],[],[]],"neow_cost":"NONE","improvable_cards":{},"seed_source_timestamp":43747872162752,"shop_contents":[{"floor":3,"relics":["War Paint","Vajra","Cauldron"],"cards":["SandsOfTime","JustLucky","Evaluate","SpiritShield","BattleHymn","Flash of Steel","Sadistic Nature"],"potions":["FearPotion","AttackPotion","SkillPotion"]},{"floor":29,"relics":["Du-Vu Doll","Tiny Chest","DollysMirror"],"cards":["Ragnarok","FlyingSleeves","Prostrate+1","Worship+1","Adaptation","Dramatic Entrance","Metamorphosis+1"],"potions":["SteroidPotion","Explosive Potion","Swift Potion"]},{"floor":31,"relics":["Pear","Medical Kit"],"cards":["SignatureMove","FlyingSleeves","PathToVictory+1","Blasphemy+1","LikeWater","Trip+1","Chrysalis+1"],"potions":["BottledMiracle","LiquidBronze","SteroidPotion"]},{"floor":36,"relics":["Omamori","Pen Nib"],"cards":["Conclude","JustLucky","Prostrate+1","PathToVictory+1","BattleHymn","Bandage Up+1","The Bomb+1"],"potions":["EntropicBrew","StancePotion","FearPotion"]},{"floor":54,"relics":["Ice Cream","Akabeko","Strange Spoon"],"cards":["CrushJoints","Crescendo+1","EmptyBody+1","MentalFortress","Impatience+1","Master of Strategy+1"],"potions":["Ancient Potion","SteroidPotion","SkillPotion"]}],"circlet_count":0,"master_deck":["AscendersBane","Strike_P","Strike_P","Strike_P","Eruption+1","Vigilance","CutThroughFate+1","CrushJoints+1","Crescendo+1","TalkToTheHand+1","Vault+1","Adaptation+1","Vault+1","Scrawl+1","Wallop+1","Vault+1","Vault+1","Halt+1","Devotion+1","Prostrate+1","Tantrum"],"potion_use_per_floor":[[],[],[],[],[],[],[],[],[],[],[],[],[],[],[],[],[],[],[],[],[],["Swift Potion"],[],[],[],[],[],[],[],[],[],[],[],[],[],[],[],[],[],[],[],[],[],[],[],[],[],[],[],[],[],[],[],[],[],["GamblersBrew"],[]],"relics":["PureWater","NeowsBlessing","MealTicket","Nunchaku","Toxic Egg 2","Anchor","PreservedInsect","SlaversCollar","Nloth\u0027s Gift","Centennial Puzzle","Blood Vial","Lantern","Bag of Preparation","Runic Pyramid","TheAbacus","Yang","CaptainsWheel","Shuriken","StrikeDummy"],"potions_floor_usage":[22,56],"damage_taken":[{"damage":0,"enemies":"2 Louse","floor":1,"turns":1},{"damage":0,"enemies":"3 Sentries","floor":6,"turns":1},{"damage":0,"enemies":"Cultist","floor":7,"turns":1},{"damage":0,"enemies":"Jaw Worm","floor":10,"turns":1},{"damage":0,"enemies":"Lagavulin","floor":11,"turns":4},{"damage":0,"enemies":"Gremlin Nob","floor":13,"turns":2},{"damage":42,"enemies":"Hexaghost","floor":16,"turns":6},{"damage":5,"enemies":"Shell Parasite","floor":18,"turns":4},{"damage":9,"enemies":"2 Thieves","floor":20,"turns":4},{"damage":0,"enemies":"Centurion and Healer","floor":21,"turns":4},{"damage":7,"enemies":"3 Cultists","floor":22,"turns":4},{"damage":3,"enemies":"Gremlin Leader","floor":23,"turns":4},{"damage":11,"enemies":"Snake Plant","floor":24,"turns":4},{"damage":12,"enemies":"Slavers","floor":25,"turns":5},{"damage":0,"enemies":"Chosen and Byrds","floor":28,"turns":4},{"damage":0,"enemies":"Collector","floor":33,"turns":5},{"damage":0,"enemies":"3 Shapes","floor":35,"turns":5},{"damage":4,"enemies":"3 Darklings","floor":37,"turns":9},{"damage":0,"enemies":"Sphere and 2 Shapes","floor":38,"turns":4},{"damage":0,"enemies":"Reptomancer","floor":40,"turns":2},{"damage":0,"enemies":"Nemesis","floor":42,"turns":2},{"damage":4,"enemies":"4 Shapes","floor":44,"turns":5},{"damage":0,"enemies":"Writhing Mass","floor":45,"turns":7},{"damage":0,"enemies":"Transient","floor":47,"turns":8},{"damage":0,"enemies":"Reptomancer","floor":48,"turns":3},{"damage":0,"enemies":"Time Eater","floor":50,"turns":6},{"damage":4,"enemies":"Awakened One","floor":51,"turns":7},{"damage":4,"enemies":"Shield and Spear","floor":55,"turns":3},{"damage":8,"enemies":"The Heart","floor":56,"turns":8}],"green_key_taken_log":6,"seed_played":"-1649434909639651377","neow_bonus_log":{"cardsObtained":[],"cardsUpgraded":[],"cardsRemoved":[],"cardsTransformed":[],"relicsObtained":["NeowsBlessing"],"maxHpGained":0,"goldGained":0,"damageTaken":0,"goldLost":0,"maxHpLost":0},"potions_obtained":[{"floor":6,"key":"GamblersBrew"},{"floor":10,"key":"StancePotion"},{"floor":16,"key":"Swift Potion"},{"floor":23,"key":"Swift Potion"}],"is_trial":false,"path_per_floor":["M","?","$","?","?","E","M","R","T","M","E","R","E","T","R","B",null,"M","?","M","M","M","E","M","E","T","?","M","$","?","$","R","B",null,"M","$","M","M","?","E","R","E","T","M","M","R","M","E","R","B","B",null,"R","$","E","B",null],"character_chosen":"WATCHER","items_purchased":["Bag of Preparation","TheAbacus","Tantrum"],"campfire_rested":0,"item_purchase_floors":[31,36,54],"current_hp_per_floor":[61,61,61,61,61,61,61,61,61,61,61,61,61,61,61,19,56,51,51,42,42,35,32,21,9,9,9,11,26,20,35,35,37,60,62,68,64,66,66,68,68,68,68,64,66,66,68,68,68,68,64,67,67,68,64,58],"gold":57,"neow_bonus":"THREE_ENEMY_KILL","is_prod":false,"is_daily":false,"rewards_skipped":[{"floor":11,"relics":[],"potions":["Dexterity Potion"]},{"floor":18,"relics":[],"potions":["DistilledChaos"]},{"floor":21,"relics":[],"potions":["BlessingOfTheForge"]},{"floor":33,"relics":[],"potions":["ColorlessPotion"]},{"floor":35,"relics":[],"potions":["ColorlessPotion"]},{"floor":44,"relics":[],"potions":["EssenceOfSteel"]},{"floor":45,"relics":[],"potions":["Regen Potion"]},{"floor":47,"relics":[],"potions":["Fire Potion"]}],"chose_seed":false,"campfire_upgraded":7,"win_rate":0,"floor_exit_playtime":[32,36,42,48,53,65,94,100,105,163,214,220,245,249,258,343,424,475,480,529,605,703,790,908,989,995,1002,1054,1090,1094,1113,1119,1355,1412,1649,1703,1938,1994,1998,2047,2050,2090,2094,2202,2324,2330,2474,2527,2532,2669,2875,2886,2899,2957,3056,3262],"timestamp":1671952290,"blue_key_relic_skipped_log":{"floor":43,"relicID":"MawBank"},"path_taken":["M","?","$","?","?","E","M","R","T","?","E","R","E","?","R","BOSS","M","?","?","M","M","E","M","E","T","?","M","$","?","$","R","BOSS","M","?","M","M","?","E","R","E","T","?","M","R","M","E","R","BOSS","BOSS","R","$","E","BOSS"],"build_version":"2022-12-18","purchased_purges":3,"victory":true,"max_hp_per_floor":[68,68,68,68,68,68,68,68,68,68,68,68,68,68,68,68,68,68,68,68,68,68,68,68,68,68,68,68,68,68,68,68,68,68,68,68,68,68,68,68,68,68,68,68,68,68,68,68,68,68,68,68,68,68,68,68],"relic_stats":{"counters":[29,123],"Yang":[145],"PreservedInsect":337,"Bag of Preparation":[28],"Blood Vial":16,"Nunchaku":[33],"Centennial Puzzle":[19],"TheAbacus":[216],"Shuriken":[17],"MealTicket":37,"Nloth\u0027s Gift":8,"PureWater":[25],"obtain_stats":[{"Lantern":26,"NeowsBlessing":0,"Yang":40,"PreservedInsect":14,"Bag of Preparation":31,"Boot":13,"Blood Vial":25,"SlaversCollar":17,"Nunchaku":6,"Anchor":11,"Centennial Puzzle":23,"CaptainsWheel":42,"TheAbacus":36,"Shuriken":48,"MealTicket":5,"Nloth\u0027s Gift":19,"PureWater":0,"Toxic Egg 2":9,"StrikeDummy":55,"Runic Pyramid":34},{"Lantern":14,"NeowsBlessing":0,"Yang":20,"PreservedInsect":6,"Bag of Preparation":15,"Boot":6,"Blood Vial":14,"SlaversCollar":7,"Nunchaku":2,"Anchor":5,"Centennial Puzzle":12,"CaptainsWheel":21,"TheAbacus":17,"Shuriken":25,"MealTicket":1,"Nloth\u0027s Gift":8,"PureWater":0,"Toxic Egg 2":3,"StrikeDummy":28,"Runic Pyramid":16},{"Lantern":45,"NeowsBlessing":0,"Yang":74,"PreservedInsect":10,"Bag of Preparation":49,"Boot":10,"Blood Vial":45,"SlaversCollar":16,"Nunchaku":2,"Anchor":8,"Centennial Puzzle":36,"CaptainsWheel":76,"TheAbacus":59,"Shuriken":99,"MealTicket":1,"Nloth\u0027s Gift":20,"PureWater":0,"Toxic Egg 2":3,"StrikeDummy":115,"Runic Pyramid":54}]},"card_choices":[{"not_picked":["FollowUp","Crescendo"],"picked":"Consecrate","floor":1},{"not_picked":["CrushJoints","Wireheading"],"picked":"CutThroughFate","floor":6},{"not_picked":["FlyingSleeves","ClearTheMind"],"picked":"CrushJoints","floor":7},{"not_picked":["Omniscience+1","FlyingSleeves"],"picked":"Crescendo+1","floor":10},{"not_picked":["Consecrate","Wireheading"],"picked":"TalkToTheHand","floor":11},{"not_picked":["SandsOfTime","Weave","JustLucky"],"picked":"SKIP","floor":13},{"not_picked":["Wish+1","Brilliance"],"picked":"Vault+1","floor":16},{"not_picked":["SashWhip","EmptyBody+1","Perseverance+1"],"picked":"SKIP","floor":18},{"not_picked":["FlyingSleeves","WaveOfTheHand+1"],"picked":"Adaptation","floor":20},{"not_picked":["Halt+1","SignatureMove","Worship+1"],"picked":"SKIP","floor":21},{"not_picked":["Protect+1","Evaluate+1","FollowUp"],"picked":"SKIP","floor":22},{"not_picked":["CrushJoints+1","Alpha+1"],"picked":"Vault+1","floor":23},{"not_picked":["Prostrate+1","CarveReality","ClearTheMind+1"],"picked":"SKIP","floor":24},{"not_picked":["Evaluate+1","Establishment"],"picked":"Scrawl+1","floor":25},{"not_picked":["CutThroughFate","Nirvana","Evaluate+1"],"picked":"SKIP","floor":28},{"not_picked":["WaveOfTheHand+1","MasterReality"],"picked":"Wallop","floor":35},{"not_picked":["FlyingSleeves","PathToVictory+1","BowlingBash"],"picked":"SKIP","floor":37},{"not_picked":["FlyingSleeves+1","DeusExMachina+1","BowlingBash+1"],"picked":"SKIP","floor":38},{"not_picked":["FlyingSleeves+1","DeusExMachina+1","BowlingBash+1"],"picked":"SKIP","floor":38},{"not_picked":["TalkToTheHand","SashWhip"],"picked":"Vault+1","floor":40},{"not_picked":["Wish+1","SashWhip"],"picked":"Vault+1","floor":42},{"not_picked":["Protect+1","WaveOfTheHand+1"],"picked":"Halt+1","floor":44},{"not_picked":["Perseverance+1","EmptyBody+1","SashWhip+1"],"picked":"SKIP","floor":45},{"not_picked":["Fasting2+1","EmptyBody+1"],"picked":"Devotion","floor":47},{"not_picked":["LessonLearned","Conclude"],"picked":"Prostrate+1","floor":48},{"not_picked":["SandsOfTime","Wish+1","ReachHeaven"],"picked":"SKIP","floor":55}],"player_experience":4846540,"relics_obtained":[{"floor":6,"key":"Nunchaku"},{"floor":9,"key":"Toxic Egg 2"},{"floor":11,"key":"Anchor"},{"floor":13,"key":"Boot"},{"floor":14,"key":"PreservedInsect"},{"floor":23,"key":"Centennial Puzzle"},{"floor":25,"key":"Blood Vial"},{"floor":26,"key":"Lantern"},{"floor":40,"key":"Yang"},{"floor":42,"key":"CaptainsWheel"},{"floor":48,"key":"Shuriken"},{"floor":55,"key":"StrikeDummy"}],"event_choices":[{"damage_healed":0,"gold_gain":0,"player_choice":"Ignored","damage_taken":0,"max_hp_gain":0,"max_hp_loss":0,"event_name":"Liars Game","floor":2,"gold_loss":0},{"cards_removed":["Defend_P"],"damage_healed":0,"gold_gain":0,"player_choice":"Forget","damage_taken":0,"max_hp_gain":0,"max_hp_loss":0,"event_name":"Living Wall","floor":4,"gold_loss":0},{"cards_removed":["Consecrate"],"damage_healed":0,"gold_gain":0,"player_choice":"Gave Card","damage_taken":0,"relics_obtained":["MealTicket"],"max_hp_gain":0,"max_hp_loss":0,"event_name":"WeMeetAgain","floor":5,"gold_loss":0},{"damage_healed":0,"gold_gain":0,"player_choice":"Traded Relic","damage_taken":0,"relics_obtained":["Nloth\u0027s Gift"],"max_hp_gain":0,"max_hp_loss":0,"event_name":"N\u0027loth","floor":19,"relics_lost":["Boot"],"gold_loss":0},{"cards_removed":["Defend_P"],"damage_healed":0,"gold_gain":0,"player_choice":"Gave Gold","damage_taken":0,"max_hp_gain":0,"max_hp_loss":0,"event_name":"Beggar","floor":27,"gold_loss":75},{"damage_healed":0,"gold_gain":50,"player_choice":"Touch","damage_taken":6,"max_hp_gain":0,"max_hp_loss":0,"event_name":"FaceTrader","floor":30,"gold_loss":0},{"damage_healed":0,"gold_gain":0,"player_choice":"Ignored","damage_taken":0,"max_hp_gain":0,"max_hp_loss":0,"event_name":"SecretPortal","floor":39,"gold_loss":0}],"is_beta":false,"boss_relics":[{"not_picked":["Sozu","Ectoplasm"],"picked":"SlaversCollar"},{"not_picked":["Pandora\u0027s Box","Snecko Eye"],"picked":"Runic Pyramid"}],"items_purged_floors":[3,29,54],"is_endless":false,"potions_floor_spawned":[6,10,11,16,18,21,23,33,35,44,45,47],"ascension_level":20,"potion_discard_per_floor":[[],[],[],[],[],[],[],[],[],[],[],[],[],[],[],["StancePotion"],[],[],[],[],[],[],[],[],[],[],[],[],[],[],[],[],[],[],[],[],[],[],[],[],[],[],[],[],[],[],[],[],[],[],[],[],[],[],[],[],[]]}