{"neow_bonuses_skipped_log":["REMOVE_CARD","THREE_RARE_CARDS","BOSS_RELIC"],"neow_costs_skipped_log":["NONE","CURSE","NONE"],"potions_obtained_entropic_brew":[[],[],[],[],[],[],[],[],[],[],[],[],[],[],[],[],[],[],[],[],[],[],[],[],[],[],[],[],[],[],[],[],[],[],[],[],[],[],[],[],[],[],[],[],[],[],[],[],[],[],[],[],[],[],[],[],[]],"gold_per_floor":[210,50,50,62,62,62,80,110,110,136,36,70,87,87,87,163,163,176,51,79,79,99,128,128,147,147,182,194,194,44,64,64,135,135,147,172,188,66,78,111,122,147,147,177,196,221,221,233,233,233,233,233,233,55,81,81],"floor_reached":57,"playtime":3700,"items_purged":["Defend_P","Defend_P","Strike_P","Defend_P+1"],"score":3010,"play_id":"ac240792-0f4f-456f-9f18-5bae865267be","local_time":"20221215222630","score_breakdown":["Floors Climbed (57): 285","Enemies Slain (15): 30","Exordium Elites Killed (3): 30","City Elites Killed (2): 40","Beyond Elites Killed (4): 120","Bosses Slain (5): 750","Champion (4): 100","Overkill: 25","Ascension (20): 1380","Heartbreaker: 250"],"is_ascension_mode":true,"potions_obtained_alchemize":[[],[],[],[],[],[],[],[],[],[],[],[],[],[],[],[],[],[],[],[],[],[],[],[],[],[],[],[],[],[],[],[],[],[],[],[],[],[],[],[],[],[],[],[],[],[],[],[],[],[],[],[],[],[],[],[],[]],"campfire_choices":[{"data":"Eruption","floor":6,"key":"SMITH"},{"data":"EmptyMind","floor":15,"key":"SMITH"},{"data":"Prostrate","floor":24,"key":"SMITH"},{"floor":32,"key":"RECALL"},{"floor":49,"key":"REST"},{"floor":53,"key":"REST"}],"lesson_learned_per_floor":[[],[],[],["LessonLearned"],[],[],["Strike_P"],["ForeignInfluence"],[],["Defend_P"],[],[],["Defend_P"],[],[],[],[],["FearNoEvil"],[],["Devotion"],[],["TalkToTheHand"],["Omniscience"],[],["Vigilance"],[],["CutThroughFate"],["Strike_P"],[],[],[],[],[],[],[],[],["Vault"],[],[],[],["Study"],[],[],["CutThroughFate"],[],["EmptyMind"],[],[],[],[],[],[],[],[],[],[],[]],"neow_cost":"NONE","improvable_cards":{},"seed_source_timestamp":39387842828508,"shop_contents":[{"floor":2,"relics":["Omamori","Darkstone Periapt","Strange Spoon"],"cards":["Ragnarok","Evaluate","PathToVictory","Fasting2","Dramatic Entrance","Metamorphosis"],"potions":["Energy Potion","StancePotion","Fire Potion"]},{"floor":11,"relics":["Shovel","MealTicket","Toolbox"],"cards":["Consecrate","BowlingBash","DeusExMachina","Swivel","Wireheading","Madness","Apotheosis"],"potions":["FairyPotion","BottledMiracle","SteroidPotion"]},{"floor":19,"relics":["Singing Bowl","Art of War","ClockworkSouvenir"],"cards":["FlyingSleeves","EmptyFist","ForeignInfluence","Judgement","Nirvana","Impatience","Magnetism"],"potions":["EssenceOfSteel","Weak Potion","Weak Potion"]},{"floor":30,"relics":["Oddly Smooth Stone","Peace Pipe","OrangePellets"],"cards":["ReachHeaven","SashWhip","Sanctity","EmptyBody","LikeWater","Dramatic Entrance","Master of Strategy"],"potions":["Swift Potion","SkillPotion","Fire Potion"]},{"floor":54,"relics":["Strawberry","White Beast Statue","Membership Card"],"cards":["LessonLearned","ForeignInfluence","Sanctity","Wireheading","Flash of Steel","Thinking Ahead"],"potions":["BottledMiracle","Swift Potion","BottledMiracle"]}],"circlet_count":0,"master_deck":["AscendersBane","Strike_P+1","Strike_P+1","Eruption+1","Vigilance+1","LessonLearned+1","ForeignInfluence+1","TalkToTheHand+1","EmptyMind+1","FearNoEvil+1","Devotion+1","Meditate+1","Omniscience+1","Prostrate+1","CutThroughFate+1","Tantrum+1","Vault+1","Study+1","TalkToTheHand+1","CutThroughFate+1","EmptyMind+1","Ragnarok"],"potion_use_per_floor":[[],[],[],[],[],[],[],[],[],["AttackPotion"],[],[],[],[],[],[],[],[],[],[],[],[],[],[],[],[],[],[],[],[],[],[],[],[],[],[],[],[],[],[],[],[],[],[],[],[],[],[],[],["CultistPotion"],[],[],[],[],[],[],[]],"relics":["PureWater","Eternal Feather","Gambling Chip","TungstenRod","Bird Faced Urn","Prayer Wheel","SlaversCollar","Red Mask","Lantern","Pantograph","Blood Vial","Sozu","Torii","Mummified Hand","Damaru","Akabeko","Ornamental Fan","Shuriken","Juzu Bracelet","Bottled Lightning"],"potions_floor_usage":[10,50],"damage_taken":[{"damage":0,"enemies":"2 Louse","floor":1,"turns":2},{"damage":0,"enemies":"Jaw Worm","floor":4,"turns":4},{"damage":7,"enemies":"Cultist","floor":7,"turns":4},{"damage":17,"enemies":"Lagavulin","floor":8,"turns":7},{"damage":0,"enemies":"3 Sentries","floor":10,"turns":2},{"damage":9,"enemies":"Gremlin Nob","floor":12,"turns":3},{"damage":0,"enemies":"2 Fungi Beasts","floor":13,"turns":2},{"damage":22,"enemies":"Hexaghost","floor":16,"turns":8},{"damage":2,"enemies":"2 Thieves","floor":18,"turns":3},{"damage":0,"enemies":"Masked Bandits","floor":20,"turns":2},{"damage":0,"enemies":"Spheric Guardian","floor":22,"turns":1},{"damage":10,"enemies":"Gremlin Leader","floor":23,"turns":7},{"damage":0,"enemies":"Centurion and Healer","floor":25,"turns":4},{"damage":12,"enemies":"Slavers","floor":27,"turns":3},{"damage":9,"enemies":"Snake Plant","floor":28,"turns":3},{"damage":9,"enemies":"Snecko","floor":31,"turns":4},{"damage":10,"enemies":"Champ","floor":33,"turns":5},{"damage":0,"enemies":"Orb Walker","floor":35,"turns":2},{"damage":0,"enemies":"Mind Bloom Boss Battle","floor":36,"turns":4},{"damage":13,"enemies":"3 Shapes","floor":37,"turns":5},{"damage":0,"enemies":"Writhing Mass","floor":39,"turns":6},{"damage":19,"enemies":"Nemesis","floor":40,"turns":6},{"damage":0,"enemies":"Spire Growth","floor":41,"turns":3},{"damage":0,"enemies":"Giant Head","floor":42,"turns":4},{"damage":0,"enemies":"Reptomancer","floor":44,"turns":4},{"damage":13,"enemies":"Sphere and 2 Shapes","floor":45,"turns":4},{"damage":0,"enemies":"Nemesis","floor":46,"turns":4},{"damage":0,"enemies":"3 Darklings","floor":48,"turns":2},{"damage":14,"enemies":"Time Eater","floor":50,"turns":5},{"damage":27,"enemies":"Donu and Deca","floor":51,"turns":5},{"damage":46,"enemies":"Shield and Spear","floor":55,"turns":4},{"damage":6,"enemies":"The Heart","floor":56,"turns":7}],"green_key_taken_log":23,"seed_played":"-656577753296650930","neow_bonus_log":{"cardsObtained":[],"cardsUpgraded":[],"cardsRemoved":[],"cardsTransformed":[],"relicsObtained":[],"maxHpGained":0,"goldGained":100,"damageTaken":0,"goldLost":0,"maxHpLost":0},"potions_obtained":[{"floor":4,"key":"AttackPotion"},{"floor":10,"key":"SpeedPotion"},{"floor":12,"key":"ColorlessPotion"},{"floor":25,"key":"LiquidMemories"},{"floor":31,"key":"CultistPotion"}],"is_trial":false,"path_per_floor":["M","$","?","M","T","R","M","E","T","E","$","E","M","?","R","B",null,"M","$","?","T","M","E","R","M","T","E","M","?","$","M","R","B",null,"M","?","M","?","M","E","M","E","T","E","M","E","?","M","R","B","B",null,"R","$","E","B",null],"character_chosen":"WATCHER","items_purchased":["LessonLearned","Ragnarok"],"campfire_rested":2,"item_purchase_floors":[2,54],"current_hp_per_floor":[61,61,50,50,50,56,49,32,32,32,32,23,23,23,29,9,53,51,51,51,51,51,43,52,54,54,44,39,39,39,34,43,58,66,68,68,55,55,59,48,56,64,64,68,55,61,61,67,68,54,41,61,68,68,22,49],"gold":81,"neow_bonus":"HUNDRED_GOLD","is_prod":false,"is_daily":false,"rewards_skipped":[{"floor":28,"relics":[],"potions":["Weak Potion"]},{"floor":33,"relics":[],"potions":["Weak Potion"]},{"floor":35,"relics":[],"potions":["PowerPotion"]},{"floor":37,"relics":[],"potions":["SkillPotion"]},{"floor":40,"relics":[],"potions":["DuplicationPotion"]},{"floor":41,"relics":[],"potions":["PowerPotion"]},{"floor":42,"relics":[],"potions":["Energy Potion"]},{"floor":46,"relics":[],"potions":["BlessingOfTheForge"]},{"floor":48,"relics":[],"potions":["Dexterity Potion"]}],"chose_seed":false,"campfire_upgraded":3,"win_rate":0,"floor_exit_playtime":[72,86,115,174,177,183,249,393,395,453,464,537,569,578,585,746,778,866,879,1210,1216,1263,1392,1398,1503,1505,1561,1633,1644,1656,1762,1767,1869,1934,1980,2088,2209,2214,2397,2565,2630,2709,2710,2819,2921,3022,3031,3099,3104,3253,3392,3403,3407,3425,3502,3700],"timestamp":1671161190,"blue_key_relic_skipped_log":{"floor":21,"relicID":"CeramicFish"},"path_taken":["M","$","?","M","?","R","M","E","T","E","?","E","?","?","R","BOSS","M","$","?","?","M","E","R","M","T","E","M","?","$","M","R","BOSS","M","?","M","?","?","E","M","E","T","E","M","E","?","M","R","BOSS","BOSS","R","$","E","BOSS"],"build_version":"2022-12-01","purchased_purges":4,"victory":true,"max_hp_per_floor":[68,68,68,68,68,68,68,68,68,68,68,68,68,68,68,68,68,68,68,68,68,68,68,68,68,68,68,68,68,68,68,68,68,68,68,68,68,68,68,68,68,68,68,68,68,68,68,68,68,68,68,68,68,68,68,68],"relic_stats":{"Torii":30,"counters":[32,129],"Eternal Feather":38,"Juzu Bracelet":1,"Blood Vial":26,"Sozu":7,"Mummified Hand":[38],"Ornamental Fan":[120],"Shuriken":[25],"Gambling Chip":[76],"Bird Faced Urn":[48],"Pantograph":60,"Prayer Wheel":12,"Bottled Lightning":"Omniscience","PureWater":[14],"obtain_stats":[{"Lantern":23,"Torii":36,"Damaru":40,"Eternal Feather":5,"Juzu Bracelet":46,"Akabeko":42,"Blood Vial":27,"Sozu":34,"SlaversCollar":17,"Mummified Hand":38,"Ornamental Fan":43,"Shuriken":44,"Gambling Chip":8,"Bird Faced Urn":10,"Pantograph":26,"Prayer Wheel":12,"Red Mask":20,"Bottled Lightning":55,"PureWater":0,"TungstenRod":9},{"Lantern":12,"Torii":19,"Damaru":22,"Eternal Feather":2,"Juzu Bracelet":27,"Akabeko":24,"Blood Vial":14,"Sozu":17,"SlaversCollar":8,"Mummified Hand":20,"Ornamental Fan":24,"Shuriken":25,"Gambling Chip":4,"Bird Faced Urn":5,"Pantograph":13,"Prayer Wheel":6,"Red Mask":10,"Bottled Lightning":31,"PureWater":0,"TungstenRod":4},{"Lantern":45,"Torii":70,"Damaru":87,"Eternal Feather":6,"Juzu Bracelet":106,"Akabeko":94,"Blood Vial":52,"Sozu":64,"SlaversCollar":32,"Mummified Hand":75,"Ornamental Fan":94,"Shuriken":98,"Gambling Chip":17,"Bird Faced Urn":19,"Pantograph":49,"Prayer Wheel":22,"Red Mask":37,"Bottled Lightning":122,"PureWater":0,"TungstenRod":17}],"TungstenRod":57},"card_choices":[{"not_picked":["ClearTheMind","Vengeance","Protect"],"picked":"SKIP","floor":1},{"not_picked":["SashWhip","CrushJoints"],"picked":"ForeignInfluence","floor":4},{"not_picked":["Conclude","Fasting2","JustLucky"],"picked":"SKIP","floor":7},{"not_picked":["EmptyMind","ClearTheMind"],"picked":"TalkToTheHand","floor":8},{"not_picked":["ForeignInfluence","PathToVictory"],"picked":"EmptyMind","floor":10},{"not_picked":["PathToVictory","FlyingSleeves","Establishment"],"picked":"SKIP","floor":12},{"not_picked":["Worship","EmptyMind"],"picked":"FearNoEvil","floor":13},{"not_picked":["Study","WindmillStrike","SandsOfTime"],"picked":"SKIP","floor":13},{"not_picked":["Wireheading+1","Pray","Halt"],"picked":"SKIP","floor":18},{"not_picked":["ReachHeaven","FlurryOfBlows","ThirdEye"],"picked":"SKIP","floor":18},{"not_picked":["SandsOfTime","ThirdEye"],"picked":"Meditate+1","floor":20},{"not_picked":["JustLucky","SashWhip"],"picked":"Omniscience","floor":22},{"not_picked":["EmptyFist","EmptyBody","Devotion"],"picked":"SKIP","floor":22},{"not_picked":["SignatureMove","Indignation+1"],"picked":"Prostrate","floor":23},{"not_picked":["Evaluate","Prostrate"],"picked":"CutThroughFate","floor":25},{"not_picked":["Swivel","Sanctity","FollowUp"],"picked":"SKIP","floor":25},{"not_picked":["FlyingSleeves","Consecrate","EmptyFist"],"picked":"SKIP","floor":27},{"not_picked":["PathToVictory","JustLucky","Prostrate"],"picked":"SKIP","floor":28},{"not_picked":["WindmillStrike","ClearTheMind","Alpha"],"picked":"SKIP","floor":28},{"not_picked":["WaveOfTheHand","WindmillStrike"],"picked":"Tantrum+1","floor":31},{"not_picked":["ClearTheMind","WaveOfTheHand","Conclude"],"picked":"SKIP","floor":31},{"not_picked":["Consecrate+1","EmptyFist","FlurryOfBlows+1"],"picked":"SKIP","floor":35},{"not_picked":["Conclude","FlurryOfBlows","Prostrate"],"picked":"SKIP","floor":35},{"not_picked":["CutThroughFate+1","SashWhip"],"picked":"Vault","floor":36},{"not_picked":["WindmillStrike","DeceiveReality","FlurryOfBlows"],"picked":"SKIP","floor":37},{"not_picked":["EmptyBody","FlyingSleeves+1","SashWhip"],"picked":"SKIP","floor":37},{"not_picked":["EmptyMind","CrushJoints+1"],"picked":"Study","floor":39},{"not_picked":["Fasting2","FollowUp","EmptyBody"],"picked":"SKIP","floor":39},{"not_picked":["Tantrum+1","Nirvana"],"picked":"TalkToTheHand+1","floor":40},{"not_picked":["SignatureMove","Worship","Prostrate"],"picked":"SKIP","floor":41},{"not_picked":["FearNoEvil","Protect+1","Halt"],"picked":"SKIP","floor":41},{"not_picked":["ConjureBlade","ClearTheMind"],"picked":"CutThroughFate","floor":42},{"not_picked":["Swivel","Evaluate","Halt"],"picked":"SKIP","floor":44},{"not_picked":["EmptyBody+1","FollowUp+1"],"picked":"EmptyMind","floor":45},{"not_picked":["LikeWater","FollowUp+1","JustLucky"],"picked":"SKIP","floor":45},{"not_picked":["LikeWater","FlyingSleeves+1","Crescendo"],"picked":"SKIP","floor":46},{"not_picked":["Protect","PathToVictory","FlurryOfBlows"],"picked":"SKIP","floor":48},{"not_picked":["SashWhip+1","Evaluate","Weave"],"picked":"SKIP","floor":48},{"not_picked":["Prostrate","CrushJoints","ThirdEye"],"picked":"SKIP","floor":55}],"player_experience":4741591,"relics_obtained":[{"floor":5,"key":"Eternal Feather"},{"floor":8,"key":"Gambling Chip"},{"floor":9,"key":"TungstenRod"},{"floor":10,"key":"Bird Faced Urn"},{"floor":12,"key":"Prayer Wheel"},{"floor":20,"key":"Red Mask"},{"floor":23,"key":"Lantern"},{"floor":26,"key":"Pantograph"},{"floor":27,"key":"Blood Vial"},{"floor":36,"key":"Torii"},{"floor":40,"key":"Damaru"},{"floor":42,"key":"Akabeko"},{"floor":43,"key":"Ornamental Fan"},{"floor":44,"key":"Shuriken"},{"floor":46,"key":"Juzu Bracelet"},{"floor":55,"key":"Bottled Lightning"}],"event_choices":[{"damage_healed":0,"gold_gain":0,"player_choice":"Fled","damage_taken":11,"max_hp_gain":0,"max_hp_loss":0,"event_name":"Scrap Ooze","floor":3,"gold_loss":0},{"damage_healed":0,"gold_gain":0,"cards_transformed":["Strike_P"],"player_choice":"Transformed","damage_taken":0,"max_hp_gain":0,"max_hp_loss":0,"event_name":"Transmorgrifier","floor":14,"gold_loss":0,"cards_obtained":["Devotion"]},{"damage_healed":0,"gold_gain":0,"player_choice":"Fought Bandits","damage_taken":0,"max_hp_gain":0,"max_hp_loss":0,"event_name":"Masked Bandits","floor":20,"gold_loss":0},{"damage_healed":0,"gold_gain":0,"player_choice":"Fight","damage_taken":0,"max_hp_gain":0,"max_hp_loss":0,"event_name":"MindBloom","floor":36,"gold_loss":0},{"damage_healed":0,"gold_gain":0,"player_choice":"Paid Gold","damage_taken":0,"relics_obtained":["Mummified Hand"],"max_hp_gain":0,"max_hp_loss":0,"event_name":"WeMeetAgain","floor":38,"gold_loss":122},{"cards_removed":["Defend_P"],"damage_healed":0,"gold_gain":0,"player_choice":"Purged","damage_taken":0,"max_hp_gain":0,"max_hp_loss":0,"event_name":"Purifier","floor":47,"gold_loss":0}],"is_beta":false,"boss_relics":[{"not_picked":["Busted Crown","Calling Bell"],"picked":"SlaversCollar"},{"not_picked":["Runic Dome","Tiny House"],"picked":"Sozu"}],"items_purged_floors":[2,11,19,30],"is_endless":false,"potions_floor_spawned":[4,10,12,25,28,31,33,35,37,40,41,42,46,48],"ascension_level":20,"potion_discard_per_floor":[[],[],[],[],[],[],[],[],[],[],[],[],[],[],[],[],[],[],[],[],[],[],[],[],["SpeedPotion"],[],[],[],[],[],["ColorlessPotion"],[],[],[],[],[],[],[],[],[],[],[],[],[],[],[],[],[],[],[],[],[],[],[],[],[],[]]}