{"neow_bonuses_skipped_log":["TRANSFORM_CARD","THREE_ENEMY_KILL","BOSS_RELIC"],"potions_obtained_entropic_brew":[[],[],[],[],[],[],[],[],[],[],[],[],[],[],[],["LiquidMemories","Dexterity Potion"],[],[],[],[],[],[],[],[],[],[],[],[],[],[],[],[],[],[],[],[],[],[],[],[],[],[],[],[],[],[],[],[],[],[],[],[],[],[],[],[],[]],"neow_costs_skipped_log":["NONE","NONE","NONE"],"gold_per_floor":[117,127,202,219,144,144,144,144,144,158,174,202,220,253,253,330,330,346,396,396,130,130,130,149,177,229,255,275,288,314,110,110,181,181,191,41,55,70,70,101,101,101,127,127,138,138,154,154,154,154,154,154,154,101,132,132],"floor_reached":57,"playtime":2594,"items_purged":["Strike_P","Strike_P","Strike_P","Judgement"],"score":3150,"play_id":"54d07f82-7d34-446d-a9a8-6ccbb6586e90","local_time":"20221225170209","score_breakdown":["Floors Climbed (57): 285","Enemies Slain (15): 30","Exordium Elites Killed (2): 20","City Elites Killed (3): 60","Beyond Elites Killed (1): 30","Bosses Slain (5): 750","Light Speed: 50","Highlander: 100","Pauper: 50","Champion (1): 25","Perfect (2): 100","Overkill: 25","C-c-c-combo: 25","Ascension (20): 1350","Heartbreaker: 250"],"is_ascension_mode":true,"potions_obtained_alchemize":[[],[],[],[],[],[],[],[],[],[],[],[],[],[],[],[],[],[],[],[],[],[],[],[],[],[],[],[],[],[],[],[],[],[],[],[],[],[],[],[],[],[],[],[],[],[],[],[],[],[],[],[],[],[],[],[],[]],"campfire_choices":[{"data":"Eruption","floor":6,"key":"SMITH"},{"data":"ForeignInfluence","floor":8,"key":"SMITH"},{"data":"Adaptation","floor":15,"key":"SMITH"},{"data":"CutThroughFate","floor":23,"key":"SMITH"},{"data":"EmptyMind","floor":32,"key":"SMITH"},{"floor":42,"key":"RECALL"},{"data":"MentalFortress","floor":44,"key":"SMITH"},{"data":"FearNoEvil","floor":46,"key":"SMITH"},{"data":"Tantrum","floor":49,"key":"SMITH"},{"data":"Vigilance","floor":53,"key":"SMITH"}],"lesson_learned_per_floor":[[],[],[],[],[],[],[],[],[],[],[],[],[],[],[],[],[],[],[],[],[],[],[],[],[],[],[],[],[],[],[],[],[],[],[],[],[],[],[],[],[],[],[],[],[],[],[],[],[],[],[],[],[],[],[],[],[]],"neow_cost":"PERCENT_DAMAGE","improvable_cards":{},"seed_source_timestamp":15072532864983,"shop_contents":[{"floor":5,"relics":["Blood Vial","Bag of Marbles","Lee\u0027s Waffle"],"cards":["LessonLearned","Consecrate","Swivel","Pray","MasterReality","Blind","Magnetism"],"potions":["Swift Potion","Fruit Juice","SkillPotion"]},{"floor":21,"relics":["HornCleat","PrismaticShard"],"cards":["SashWhip","BowlingBash","Crescendo","Halt","BattleHymn","Deep Breath","Metamorphosis"],"potions":["Explosive Potion","LiquidBronze","Regen Potion"]},{"floor":31,"relics":["Pen Nib","Regal Pillow","Chemical X"],"cards":["Weave","SashWhip","Protect","MentalFortress","Impatience","Master of Strategy"],"potions":["DuplicationPotion","Regen Potion","Block Potion"]},{"floor":36,"relics":["Juzu Bracelet","Calipers","Toolbox"],"cards":["Tantrum","SashWhip","Halt","Crescendo","BattleHymn","Impatience","Panache"],"potions":["StancePotion","SkillPotion","Explosive Potion"]},{"floor":54,"relics":["Bottled Lightning","Bag of Preparation","DollysMirror"],"cards":["FlurryOfBlows","WindmillStrike","Sanctity","ThirdEye","BattleHymn","Mind Blast","Thinking Ahead"],"potions":["SkillPotion","SkillPotion"]}],"circlet_count":0,"master_deck":["AscendersBane","Strike_P","Eruption+1","Vigilance+1","Adaptation+1","ForeignInfluence+1","FearNoEvil+1","DeceiveReality","CutThroughFate+1","MentalFortress+1","Tantrum+1","EmptyMind+1"],"potion_use_per_floor":[[],[],[],[],[],[],[],[],[],["Fruit Juice"],[],[],[],[],[],["Strength Potion","EntropicBrew"],[],[],[],[],[],[],[],[],["Block Potion"],[],[],[],[],[],[],[],[],[],[],[],[],[],[],[],[],[],[],[],[],[],[],[],[],["Block Potion"],[],[],[],[],[],["BlessingOfTheForge","Swift Potion"],[]],"relics":["PureWater","Strawberry","Happy Flower","Ornamental Fan","Empty Cage","Centennial Puzzle","Potion Belt","Orichalcum","PreservedInsect","Runic Pyramid","MealTicket","Omamori","Letter Opener"],"potions_floor_usage":[10,16,16,25,50,56,56],"damage_taken":[{"damage":0,"enemies":"2 Louse","floor":1,"turns":2},{"damage":0,"enemies":"Cultist","floor":2,"turns":4},{"damage":0,"enemies":"Jaw Worm","floor":4,"turns":1},{"damage":0,"enemies":"Looter","floor":10,"turns":1},{"damage":3,"enemies":"3 Louse","floor":11,"turns":2},{"damage":0,"enemies":"Gremlin Nob","floor":12,"turns":2},{"damage":0,"enemies":"Blue Slaver","floor":13,"turns":2},{"damage":7,"enemies":"3 Sentries","floor":14,"turns":5},{"damage":4,"enemies":"The Guardian","floor":16,"turns":13},{"damage":2,"enemies":"3 Byrds","floor":18,"turns":6},{"damage":0,"enemies":"2 Thieves","floor":24,"turns":2},{"damage":16,"enemies":"Slavers","floor":25,"turns":4},{"damage":5,"enemies":"Gremlin Leader","floor":27,"turns":6},{"damage":0,"enemies":"Centurion and Healer","floor":28,"turns":3},{"damage":0,"enemies":"Sentry and Sphere","floor":29,"turns":2},{"damage":10,"enemies":"Book of Stabbing","floor":30,"turns":2},{"damage":0,"enemies":"Automaton","floor":33,"turns":6},{"damage":10,"enemies":"3 Darklings","floor":35,"turns":2},{"damage":0,"enemies":"3 Shapes","floor":37,"turns":2},{"damage":0,"enemies":"Spire Growth","floor":38,"turns":2},{"damage":6,"enemies":"Reptomancer","floor":40,"turns":2},{"damage":0,"enemies":"Sphere and 2 Shapes","floor":45,"turns":2},{"damage":10,"enemies":"Writhing Mass","floor":47,"turns":3},{"damage":16,"enemies":"Time Eater","floor":50,"turns":7},{"damage":0,"enemies":"Awakened One","floor":51,"turns":3},{"damage":2,"enemies":"Shield and Spear","floor":55,"turns":6},{"damage":23,"enemies":"The Heart","floor":56,"turns":8}],"green_key_taken_log":27,"seed_played":"2179496854312086171","neow_bonus_log":{"cardsObtained":["Adaptation","Judgement"],"cardsUpgraded":[],"cardsRemoved":[],"cardsTransformed":["Defend_P","Defend_P"],"relicsObtained":[],"maxHpGained":0,"goldGained":0,"damageTaken":18,"goldLost":0,"maxHpLost":0},"potions_obtained":[{"floor":2,"key":"Fruit Juice"},{"floor":4,"key":"Strength Potion"},{"floor":10,"key":"EntropicBrew"},{"floor":18,"key":"Block Potion"},{"floor":27,"key":"Swift Potion"},{"floor":28,"key":"Fire Potion"},{"floor":38,"key":"Block Potion"},{"floor":45,"key":"StancePotion"}],"is_trial":false,"path_per_floor":["M","M","?","M","$","R","?","R","T","M","M","E","M","E","R","B",null,"M","?","?","$","?","R","M","E","T","E","M","M","E","$","R","B",null,"M","$","M","M","?","E","?","R","T","R","M","R","M","?","R","B","B",null,"R","$","E","B",null],"character_chosen":"WATCHER","items_purchased":["Centennial Puzzle","EmptyMind","BlessingOfTheForge"],"campfire_rested":0,"item_purchase_floors":[21,31,54],"current_hp_per_floor":[43,43,32,32,32,32,32,32,39,44,41,41,41,34,34,30,68,66,66,66,66,66,66,66,50,50,45,45,45,35,35,35,35,69,59,59,59,59,59,53,80,80,80,80,80,80,70,70,70,54,54,74,74,80,78,55],"gold":132,"neow_bonus":"TRANSFORM_TWO_CARDS","is_prod":false,"is_daily":false,"rewards_skipped":[{"floor":12,"relics":[],"potions":["SkillPotion"]},{"floor":13,"relics":[],"potions":["BottledMiracle"]},{"floor":16,"relics":[],"potions":["SmokeBomb"]},{"floor":24,"relics":[],"potions":["Energy Potion"]}],"chose_seed":false,"campfire_upgraded":9,"win_rate":0,"floor_exit_playtime":[39,75,78,96,129,135,151,158,184,214,250,314,351,432,454,588,616,703,712,733,748,799,811,853,952,956,1124,1177,1195,1257,1273,1278,1514,1531,1577,1602,1642,1683,1687,1727,1749,1754,1756,1764,1826,1831,1923,1928,1933,2107,2206,2217,2231,2247,2403,2594],"timestamp":1672005729,"blue_key_relic_skipped_log":{"floor":26,"relicID":"Tiny Chest"},"path_taken":["M","M","?","M","$","R","?","R","T","?","M","E","M","E","R","BOSS","M","?","?","$","?","R","M","E","T","E","M","M","E","?","R","BOSS","M","$","M","M","?","E","?","R","T","R","?","R","M","?","R","BOSS","BOSS","R","$","E","BOSS"],"build_version":"2022-12-18","purchased_purges":4,"victory":true,"max_hp_per_floor":[68,68,68,68,68,68,68,68,75,80,80,80,80,80,80,80,80,80,80,80,80,80,80,80,80,80,80,80,80,80,80,80,80,80,80,80,80,80,80,80,80,80,80,80,80,80,80,80,80,80,80,80,80,80,80,80],"relic_stats":{"Centennial Puzzle":[27],"Happy Flower":[29],"counters":[27,100],"Ornamental Fan":[388],"MealTicket":6,"PreservedInsect":138,"Omamori":1,"Letter Opener":[5],"PureWater":[17],"Orichalcum":[24],"obtain_stats":[{"Potion Belt":25,"Happy Flower":12,"PreservedInsect":30,"Omamori":43,"Letter Opener":55,"Orichalcum":27,"Empty Cage":17,"Centennial Puzzle":21,"Ornamental Fan":14,"Strawberry":9,"MealTicket":40,"PureWater":0,"Runic Pyramid":34},{"Potion Belt":12,"Happy Flower":6,"PreservedInsect":16,"Omamori":21,"Letter Opener":26,"Orichalcum":13,"Empty Cage":9,"Centennial Puzzle":10,"Ornamental Fan":8,"Strawberry":3,"MealTicket":21,"PureWater":0,"Runic Pyramid":17},{"Potion Belt":44,"Happy Flower":12,"PreservedInsect":57,"Omamori":71,"Letter Opener":92,"Orichalcum":50,"Empty Cage":32,"Centennial Puzzle":38,"Ornamental Fan":19,"Strawberry":7,"MealTicket":71,"PureWater":0,"Runic Pyramid":63}]},"card_choices":[{"not_picked":["SashWhip","Halt","CrushJoints"],"picked":"SKIP","floor":1},{"not_picked":["CrushJoints","FlyingSleeves"],"picked":"ForeignInfluence","floor":2},{"not_picked":["Evaluate","Tantrum"],"picked":"FearNoEvil","floor":4},{"not_picked":["Nirvana","JustLucky","ReachHeaven"],"picked":"SKIP","floor":10},{"not_picked":["Pray","SignatureMove","Study"],"picked":"SKIP","floor":11},{"not_picked":["CrushJoints","JustLucky","Swivel"],"picked":"SKIP","floor":12},{"not_picked":["SignatureMove","WheelKick","Consecrate"],"picked":"SKIP","floor":13},{"not_picked":["SignatureMove","WheelKick","Consecrate"],"picked":"SKIP","floor":13},{"not_picked":["Consecrate","CutThroughFate"],"picked":"DeceiveReality","floor":14},{"not_picked":["WreathOfFlame","Pray"],"picked":"CutThroughFate","floor":18},{"not_picked":["LikeWater","Prostrate","Evaluate","Study","Protect","Halt","InnerPeace","Swivel","Adaptation","TalkToTheHand","ClearTheMind","ReachHeaven","FlurryOfBlows","EmptyBody","ThirdEye","Weave","CutThroughFate","EmptyFist","FollowUp"],"picked":"MentalFortress","floor":22},{"not_picked":["ClearTheMind+1","Crescendo","Prostrate"],"picked":"SKIP","floor":24},{"not_picked":["Study","ReachHeaven+1","ClearTheMind"],"picked":"SKIP","floor":25},{"not_picked":["SpiritShield","WreathOfFlame+1"],"picked":"Tantrum","floor":27},{"not_picked":["ClearTheMind","Evaluate","Conclude"],"picked":"SKIP","floor":28},{"not_picked":["SandsOfTime","Pray","EmptyFist"],"picked":"SKIP","floor":29},{"not_picked":["EmptyFist","Halt","BowlingBash"],"picked":"SKIP","floor":30},{"not_picked":["FollowUp+1","WreathOfFlame","Prostrate+1"],"picked":"SKIP","floor":35},{"not_picked":["Crescendo","Protect","WaveOfTheHand"],"picked":"SKIP","floor":37},{"not_picked":["DeceiveReality","ReachHeaven+1","Crescendo+1"],"picked":"SKIP","floor":38},{"not_picked":["BattleHymn","Worship","Establishment"],"picked":"SKIP","floor":40},{"not_picked":["BattleHymn","Worship","Establishment"],"picked":"SKIP","floor":40},{"not_picked":["JustLucky","Sanctity","FlurryOfBlows"],"picked":"SKIP","floor":45},{"not_picked":["EmptyBody","MentalFortress","InnerPeace"],"picked":"SKIP","floor":47},{"not_picked":["Wireheading","Halt","Prostrate+1"],"picked":"SKIP","floor":55}],"player_experience":4862241,"relics_obtained":[{"floor":9,"key":"Strawberry"},{"floor":12,"key":"Happy Flower"},{"floor":14,"key":"Ornamental Fan"},{"floor":25,"key":"Potion Belt"},{"floor":27,"key":"Orichalcum"},{"floor":30,"key":"PreservedInsect"},{"floor":40,"key":"MealTicket"},{"floor":43,"key":"Omamori"},{"floor":55,"key":"Letter Opener"}],"event_choices":[{"damage_healed":0,"gold_gain":75,"player_choice":"Gather Gold","damage_taken":11,"max_hp_gain":0,"max_hp_loss":0,"event_name":"World of Goop","floor":3,"gold_loss":0},{"damage_healed":0,"gold_gain":0,"player_choice":"0 cards matched","damage_taken":0,"max_hp_gain":0,"max_hp_loss":0,"event_name":"Match and Keep!","floor":7,"gold_loss":0,"cards_obtained":[]},{"damage_healed":0,"gold_gain":50,"player_choice":"Stole From Cult","damage_taken":0,"max_hp_gain":0,"max_hp_loss":0,"event_name":"Nest","floor":19,"gold_loss":0},{"damage_healed":0,"gold_gain":0,"player_choice":"Ignored","damage_taken":0,"max_hp_gain":0,"max_hp_loss":0,"event_name":"Ghosts","floor":20,"gold_loss":0},{"damage_healed":0,"gold_gain":0,"player_choice":"Read","damage_taken":0,"max_hp_gain":0,"max_hp_loss":0,"event_name":"The Library","floor":22,"gold_loss":0,"cards_obtained":["MentalFortress"]},{"damage_healed":0,"gold_gain":0,"player_choice":"Ignored","damage_taken":0,"max_hp_gain":0,"max_hp_loss":0,"event_name":"Mysterious Sphere","floor":39,"gold_loss":0},{"damage_healed":27,"gold_gain":0,"player_choice":"Full Heal","damage_taken":0,"max_hp_gain":0,"max_hp_loss":0,"event_name":"Wheel of Change","floor":41,"gold_loss":0},{"damage_healed":0,"gold_gain":0,"player_choice":"Ignored","damage_taken":0,"max_hp_gain":0,"max_hp_loss":0,"event_name":"Tomb of Lord Red Mask","floor":48,"gold_loss":0}],"is_beta":false,"boss_relics":[{"not_picked":["Philosopher\u0027s Stone","Astrolabe"],"picked":"Empty Cage"},{"not_picked":["Pandora\u0027s Box","Busted Crown"],"picked":"Runic Pyramid"}],"items_purged_floors":[5,21,31,36],"is_endless":false,"potions_floor_spawned":[2,4,10,12,13,16,18,24,27,28,38,45],"ascension_level":20,"potion_discard_per_floor":[[],[],[],[],[],[],[],[],[],[],[],[],[],[],[],[],[],["Dexterity Potion"],[],[],[],[],[],[],[],[],[],[],[],[],[],[],[],[],[],[],[],[],[],[],[],[],[],[],["Fire Potion"],[],[],[],[],[],[],[],[],[],[],[],[]]}