{"neow_bonuses_skipped_log":["THREE_ENEMY_KILL","THREE_RARE_CARDS","BOSS_RELIC"],"potions_obtained_entropic_brew":[[],[],[],[],[],[],[],[],[],[],[],[],[],[],[],[],[],[],[],[],[],[],[],[],[],[],[],[],[],[],[],[],[],[],[],[],[],[],[],[],[],[],[],[],[],[],[],[],[],[],[],[],[],[],[],[],[]],"neow_costs_skipped_log":["NONE","CURSE","NONE"],"gold_per_floor":[119,219,219,230,245,277,277,302,378,388,423,67,82,115,115,191,191,208,208,221,221,231,231,270,289,315,59,68,99,121,121,121,209,209,232,246,246,246,246,280,280,90,90,90,127,143,143,164,164,164,164,164,173,11,46,46],"floor_reached":57,"playtime":8568,"items_purged":["Strike_R","Strike_R"],"score":3256,"play_id":"b2eddf7e-69da-4dad-a3e2-6f81adf3bb2e","local_time":"20220920050031","falling_options_log":["Pommel Strike+1","Barricade"],"score_breakdown":["Floors Climbed (57): 285","Enemies Slain (14): 28","Exordium Elites Killed (4): 40","City Elites Killed (2): 40","Beyond Elites Killed (2): 60","Bosses Slain (5): 750","Champion (3): 75","Beyond Perfect: 200","Overkill: 25","Ascension (20): 1503","Heartbreaker: 250"],"is_ascension_mode":true,"potions_obtained_alchemize":[[],[],[],[],[],[],[],[],[],[],[],[],[],[],[],[],[],[],[],[],[],[],[],[],[],[],[],[],[],[],[],[],[],[],[],[],[],[],[],[],[],[],[],[],[],[],[],[],[],[],[],[],[],[],[],[],[]],"campfire_choices":[{"data":"Inflame","floor":7,"key":"SMITH"},{"data":"Battle Trance","floor":15,"key":"SMITH"},{"data":"Pommel Strike","floor":23,"key":"SMITH"},{"data":"Impervious","floor":32,"key":"SMITH"},{"floor":44,"key":"REST"},{"floor":49,"key":"RECALL"},{"floor":53,"key":"REST"}],"lesson_learned_per_floor":[[],[],[],[],[],[],[],[],[],[],[],[],[],[],[],[],[],[],[],[],[],[],[],[],[],[],[],[],[],[],[],[],[],[],[],[],[],[],[],[],[],[],[],[],[],[],[],[],[],[],[],[],[],[],[],[],[]],"neow_cost":"NONE","improvable_cards":{},"seed_source_timestamp":221661007526500,"shop_contents":[{"floor":12,"relics":["Orichalcum","Sling"],"cards":["Dropkick","Cleave","Second Wind","Burning Pact","Fire Breathing","Purity","Magnetism"],"potions":["Weak Potion","SteroidPotion","Strength Potion"]},{"floor":27,"relics":["Toxic Egg 2","Pocketwatch","Chemical X"],"cards":["Iron Wave","Uppercut","Mind Blast","Violence"],"potions":["SteroidPotion","EssenceOfSteel","Regen Potion"]},{"floor":39,"relics":["Girya","MealTicket","Medical Kit"],"cards":["Reckless Charge","Perfected Strike","Intimidate","Flame Barrier","Metallicize","Blind","Mayhem"],"potions":["Block Potion","HeartOfIron","GamblersBrew"]},{"floor":42,"relics":["Oddly Smooth Stone","Bag of Preparation"],"cards":["Whirlwind","Pummel","Dual Wield","Warcry","Finesse","Transmutation"],"potions":["DuplicationPotion","AttackPotion","AttackPotion"]},{"floor":54,"relics":["TungstenRod","Blood Vial","HandDrill"],"cards":["Pummel","Reaper","Armaments","Havoc","Purity","Chrysalis"],"potions":["Dexterity Potion","HeartOfIron"]}],"circlet_count":0,"master_deck":["AscendersBane","Strike_R+1","Strike_R+1","Defend_R+1","Defend_R+1","Defend_R+1","Bash+1","Clothesline+1","Inflame+1","Headbutt+1","Battle Trance+1","Anger+1","Pommel Strike+1","Seeing Red+1","Shrug It Off+1","Impervious+1","Spot Weakness+1","Evolve+1","Power Through+1","Shrug It Off+1","Exhume+1","Barricade+1","Impervious+1","Second Wind+1","Second Wind+1","Feel No Pain+1","Body Slam+1","Shrug It Off","Disarm","Dark Embrace","Corruption"],"potion_use_per_floor":[[],[],[],[],[],[],[],[],[],["BloodPotion"],[],[],[],[],[],[],[],[],[],[],[],[],[],["DistilledChaos"],[],[],[],[],["PowerPotion"],[],[],[],[],[],[],[],[],[],[],["AttackPotion"],[],[],[],[],[],[],[],[],[],[],[],[],[],[],[],["Ancient Potion","DistilledChaos"],[]],"relics":["Burning Blood","Ornamental Fan","Red Skull","HornCleat","Bottled Lightning","Question Card","Bird Faced Urn","Mark of Pain","CeramicFish","Kunai","Matryoshka","Fusion Hammer","Juzu Bracelet","Regal Pillow","War Paint","StrikeDummy","Orrery","Dream Catcher","Shuriken","Incense Burner","Mark of the Bloom","InkBottle"],"potions_floor_usage":[10,24,29,40,56,56],"damage_taken":[{"damage":6,"enemies":"Cultist","floor":1,"turns":3},{"damage":0,"enemies":"2 Louse","floor":4,"turns":4},{"damage":4,"enemies":"Jaw Worm","floor":5,"turns":4},{"damage":26,"enemies":"Gremlin Nob","floor":6,"turns":4},{"damage":25,"enemies":"Lagavulin","floor":8,"turns":7},{"damage":6,"enemies":"Exordium Thugs","floor":10,"turns":4},{"damage":0,"enemies":"Gremlin Nob","floor":11,"turns":3},{"damage":7,"enemies":"Exordium Wildlife","floor":13,"turns":3},{"damage":11,"enemies":"3 Sentries","floor":14,"turns":6},{"damage":36,"enemies":"Slime Boss","floor":16,"turns":9},{"damage":6,"enemies":"Shell Parasite","floor":18,"turns":4},{"damage":8,"enemies":"Spheric Guardian","floor":20,"turns":5},{"damage":0,"enemies":"Centurion and Healer","floor":22,"turns":4},{"damage":0,"enemies":"Gremlin Leader","floor":24,"turns":5},{"damage":9,"enemies":"Snake Plant","floor":25,"turns":4},{"damage":52,"enemies":"Slavers","floor":29,"turns":7},{"damage":9,"enemies":"Shelled Parasite and Fungi","floor":30,"turns":5},{"damage":13,"enemies":"Champ","floor":33,"turns":12},{"damage":0,"enemies":"3 Shapes","floor":35,"turns":5},{"damage":14,"enemies":"3 Darklings","floor":36,"turns":6},{"damage":61,"enemies":"Reptomancer","floor":40,"turns":7},{"damage":0,"enemies":"Giant Head","floor":45,"turns":9},{"damage":0,"enemies":"Writhing Mass","floor":46,"turns":8},{"damage":16,"enemies":"Spire Growth","floor":48,"turns":6},{"damage":0,"enemies":"Time Eater","floor":50,"turns":8},{"damage":0,"enemies":"Donu and Deca","floor":51,"turns":12},{"damage":8,"enemies":"Shield and Spear","floor":55,"turns":12},{"damage":0,"enemies":"The Heart","floor":56,"turns":7}],"green_key_taken_log":29,"seed_played":"-7533707486839146391","neow_bonus_log":{"cardsObtained":[],"cardsUpgraded":[],"cardsRemoved":["Strike_R"],"cardsTransformed":[],"relicsObtained":[],"maxHpGained":0,"goldGained":0,"damageTaken":0,"goldLost":0,"maxHpLost":0},"potions_obtained":[{"floor":4,"key":"BloodPotion"},{"floor":8,"key":"PowerPotion"},{"floor":10,"key":"DistilledChaos"},{"floor":24,"key":"Weak Potion"},{"floor":30,"key":"AttackPotion"},{"floor":33,"key":"HeartOfIron"},{"floor":40,"key":"Explosive Potion"},{"floor":45,"key":"Strength Potion"},{"floor":48,"key":"Ancient Potion"}],"is_trial":false,"path_per_floor":["M","?","?","M","M","E","R","E","T","M","E","$","M","E","R","B",null,"M","?","M","?","M","R","E","M","T","$","?","E","M","T","R","B",null,"M","M","?","?","$","E","T","$","T","R","E","M","?","M","R","B","B",null,"R","$","E","B",null],"character_chosen":"IRONCLAD","items_purchased":["Question Card","Evolve","Power Through","Shrug It Off","Orrery","Feel No Pain","Dark Embrace","DistilledChaos"],"campfire_rested":2,"item_purchase_floors":[12,27,27,27,42,42,54,54],"current_hp_per_floor":[68,68,68,74,75,55,55,36,36,51,57,57,56,51,51,23,62,64,64,64,53,61,61,69,68,68,68,68,28,27,27,27,26,63,75,67,67,67,67,18,18,18,18,55,69,75,75,59,59,59,59,59,59,59,51,51],"gold":46,"neow_bonus":"REMOVE_CARD","is_prod":false,"is_daily":false,"rewards_skipped":[{"floor":14,"relics":[],"potions":["Block Potion"]},{"floor":22,"relics":[],"potions":["Ancient Potion"]},{"floor":36,"relics":[],"potions":["Weak Potion"]}],"chose_seed":false,"campfire_upgraded":4,"win_rate":0,"floor_exit_playtime":[317,373,380,491,543,925,943,1085,1096,1255,1406,1655,1740,1887,1897,2172,2803,3011,3082,3174,3222,3457,3466,3696,3807,3819,3986,4064,4400,4627,4630,4655,4935,5020,5105,5231,5260,5275,5435,5711,5729,6011,6041,6308,6528,6686,6859,6955,6959,7205,7427,7445,7455,7484,8045,8568],"timestamp":1663664431,"blue_key_relic_skipped_log":{"floor":26,"relicID":"Strawberry"},"path_taken":["M","?","?","M","M","E","R","E","T","?","E","$","M","E","R","BOSS","M","?","M","?","M","R","E","M","T","$","?","E","M","?","R","BOSS","M","M","?","?","$","E","?","$","T","R","E","M","?","M","R","BOSS","BOSS","R","$","E","BOSS"],"build_version":"2022-03-07","purchased_purges":2,"victory":true,"max_hp_per_floor":[75,75,75,75,75,75,75,75,75,75,75,75,75,75,75,75,75,75,75,75,75,75,75,75,75,75,75,75,75,75,75,75,75,75,75,75,75,75,75,75,75,75,75,75,75,75,75,75,75,75,75,75,75,75,75,75],"card_choices":[{"not_picked":["Armaments","Body Slam"],"picked":"Clothesline","floor":1},{"not_picked":["Metallicize","Armaments"],"picked":"Inflame","floor":4},{"not_picked":["Thunderclap","Intimidate"],"picked":"Headbutt","floor":5},{"not_picked":["Clothesline","Demon Form"],"picked":"Battle Trance","floor":6},{"not_picked":["Flex","Second Wind"],"picked":"Anger","floor":8},{"not_picked":["Sword Boomerang","Carnage"],"picked":"Pommel Strike","floor":10},{"not_picked":["Dark Embrace","Body Slam"],"picked":"Spot Weakness","floor":11},{"not_picked":["Perfected Strike","Body Slam","Headbutt"],"picked":"Seeing Red","floor":13},{"not_picked":["Barricade","Fire Breathing","Intimidate"],"picked":"Shrug It Off","floor":14},{"not_picked":["Bludgeon","Barricade","Limit Break"],"picked":"Impervious","floor":16},{"not_picked":["Carnage","Heavy Blade","Anger","Body Slam"],"picked":"SKIP","floor":18},{"not_picked":["Headbutt","Warcry","Havoc","Thunderclap"],"picked":"SKIP","floor":20},{"not_picked":["Armaments","Pommel Strike","Barricade","Wild Strike"],"picked":"SKIP","floor":22},{"not_picked":["Armaments","True Grit","Wild Strike+1"],"picked":"Spot Weakness+1","floor":24},{"not_picked":["Heavy Blade","Clothesline+1","Clash","Spot Weakness"],"picked":"SKIP","floor":25},{"not_picked":["Heavy Blade","Clothesline+1","Clash","Spot Weakness"],"picked":"SKIP","floor":25},{"not_picked":["Combust+1","Clash","Battle Trance","Sentinel"],"picked":"SKIP","floor":29},{"not_picked":["Metallicize","Armaments","Clothesline"],"picked":"Barricade","floor":30},{"not_picked":["Double Tap","Limit Break","Fiend Fire"],"picked":"Impervious","floor":33},{"not_picked":["Perfected Strike","Spot Weakness","Havoc"],"picked":"Second Wind+1","floor":35},{"not_picked":["Intimidate","Warcry","Headbutt","Havoc"],"picked":"SKIP","floor":36},{"not_picked":["Hemokinesis","Pommel Strike","Metallicize","Flame Barrier"],"picked":"SKIP","floor":40},{"not_picked":["Brutality","Pummel+1","Seeing Red"],"picked":"Second Wind+1","floor":42},{"not_picked":["Clash","Headbutt","Anger","Flex"],"picked":"SKIP","floor":42},{"not_picked":["Carnage","Combust+1","Headbutt","Wild Strike"],"picked":"SKIP","floor":42},{"not_picked":["Anger+1","Heavy Blade","Iron Wave","Battle Trance"],"picked":"SKIP","floor":42},{"not_picked":["Bloodletting","Anger+1","Thunderclap","Flex+1"],"picked":"SKIP","floor":42},{"not_picked":["Whirlwind","Clothesline+1","Shockwave"],"picked":"Body Slam","floor":45},{"not_picked":["Sever Soul","True Grit","Warcry","Clothesline"],"picked":"SKIP","floor":46},{"not_picked":["Cleave","Rupture","Heavy Blade"],"picked":"Shrug It Off","floor":48},{"not_picked":["Flex+1","Twin Strike","Sword Boomerang"],"picked":"Disarm","floor":53},{"not_picked":["Twin Strike","Cleave","Battle Trance"],"picked":"Corruption","floor":55}],"player_experience":75952,"relics_obtained":[{"floor":6,"key":"Ornamental Fan"},{"floor":8,"key":"Red Skull"},{"floor":9,"key":"HornCleat"},{"floor":11,"key":"Bottled Lightning"},{"floor":14,"key":"Bird Faced Urn"},{"floor":24,"key":"CeramicFish"},{"floor":29,"key":"Kunai"},{"floor":31,"key":"Matryoshka"},{"floor":40,"key":"Regal Pillow"},{"floor":41,"key":"War Paint"},{"floor":41,"key":"StrikeDummy"},{"floor":43,"key":"Dream Catcher"},{"floor":43,"key":"Shuriken"},{"floor":45,"key":"Incense Burner"},{"floor":55,"key":"InkBottle"}],"event_choices":[{"damage_healed":0,"gold_gain":100,"player_choice":"Gold","damage_taken":0,"max_hp_gain":0,"max_hp_loss":0,"event_name":"Wheel of Change","floor":2,"gold_loss":0},{"damage_healed":0,"gold_gain":0,"player_choice":"Ignored","damage_taken":0,"max_hp_gain":0,"max_hp_loss":0,"event_name":"Liars Game","floor":3,"gold_loss":0},{"damage_healed":0,"gold_gain":0,"player_choice":"Ignored","damage_taken":0,"max_hp_gain":0,"max_hp_loss":0,"event_name":"The Mausoleum","floor":19,"gold_loss":0},{"damage_healed":0,"gold_gain":0,"player_choice":"Damaged","damage_taken":11,"max_hp_gain":0,"max_hp_loss":0,"event_name":"Wheel of Change","floor":21,"gold_loss":0},{"damage_healed":0,"gold_gain":0,"cards_transformed":["Defend_R"],"player_choice":"Transformed","damage_taken":0,"max_hp_gain":0,"max_hp_loss":0,"event_name":"Transmorgrifier","floor":28,"gold_loss":0,"cards_obtained":["Exhume"]},{"cards_removed":["Spot Weakness"],"damage_healed":0,"gold_gain":0,"player_choice":"Removed Skill","damage_taken":0,"max_hp_gain":0,"max_hp_loss":0,"event_name":"Falling","floor":37,"gold_loss":0},{"damage_healed":0,"gold_gain":0,"player_choice":"Gave Potion","damage_taken":0,"relics_obtained":["Juzu Bracelet"],"max_hp_gain":0,"max_hp_loss":0,"event_name":"WeMeetAgain","floor":38,"gold_loss":0},{"damage_healed":0,"gold_gain":0,"player_choice":"Upgrade","damage_taken":0,"relics_obtained":["Mark of the Bloom"],"max_hp_gain":0,"max_hp_loss":0,"event_name":"MindBloom","floor":47,"gold_loss":0,"cards_upgraded":["Strike_R","Strike_R","Defend_R","Defend_R","Defend_R","Bash","Clothesline","Headbutt","Anger","Shrug It Off","Evolve","Power Through","Shrug It Off","Exhume","Barricade","Feel No Pain","Body Slam"]}],"is_beta":false,"boss_relics":[{"not_picked":["SacredBark","Busted Crown"],"picked":"Mark of Pain"},{"not_picked":["Empty Cage","Velvet Choker"],"picked":"Fusion Hammer"}],"items_purged_floors":[12,27],"is_endless":false,"potions_floor_spawned":[4,8,10,14,22,24,30,33,36,40,45,48],"ascension_level":20,"potion_discard_per_floor":[[],[],[],[],[],[],[],[],[],[],[],[],[],[],[],[],[],[],[],[],[],[],[],[],[],[],[],[],[],[],[],[],["Weak Potion"],[],[],[],[],[],[],[],[],[],[],[],[],[],[],["Explosive Potion"],[],[],[],[],[],["Strength Potion"],[],[],[]]}