{"neow_bonuses_skipped_log":["TRANSFORM_CARD","TWENTY_PERCENT_HP_BONUS","BOSS_RELIC"],"potions_obtained_entropic_brew":[[],[],[],[],[],[],[],[],[],[],[],[],[],[],[],[],[],[],[],[],[],[],[],[],[],[],[],[],[],[],[],[],[],[],[],[],[],[],[],[],[],[],[],[],[],[],[],[],[],[]],"neow_costs_skipped_log":["NONE","NO_GOLD","NONE"],"gold_per_floor":[213,228,20,20,31,58,58,68,68,101,131,165,191,205,205,279,279,295,295,12,31,49,77,77,77,100,133,58,74,88,5,5,76,76,87,100,100,100,100,129,129,140,140,165,176,189,189,189,189,189],"floor_reached":50,"playtime":6814,"items_purged":[],"score":1210,"play_id":"ee3e27cd-57fd-48ad-ab25-b4fd810fef7e","local_time":"20220912194627","falling_options_log":["Carnage","Feel No Pain"],"score_breakdown":["Floors Climbed (50): 250","Enemies Slain (15): 30","Exordium Elites Killed (5): 50","City Elites Killed (2): 40","Beyond Elites Killed (2): 60","Bosses Slain (2): 150","Champion (1): 25","Ascension (20): 605"],"is_ascension_mode":true,"potions_obtained_alchemize":[[],[],[],[],[],[],[],[],[],[],[],[],[],[],[],[],[],[],[],[],[],[],[],[],[],[],[],[],[],[],[],[],[],[],[],[],[],[],[],[],[],[],[],[],[],[],[],[],[],[]],"campfire_choices":[{"data":"Apotheosis","floor":7,"key":"SMITH"},{"data":"Battle Trance","floor":15,"key":"SMITH"},{"data":"Bloodletting","floor":25,"key":"SMITH"},{"floor":32,"key":"RECALL"},{"data":"Burning Pact","floor":41,"key":"SMITH"},{"data":"Feel No Pain","floor":49,"key":"SMITH"}],"lesson_learned_per_floor":[[],[],[],[],[],[],[],[],[],[],[],[],[],[],[],[],[],[],[],[],[],[],[],[],[],[],[],[],[],[],[],[],[],[],[],[],[],[],[],[],[],[],[],[],[],[],[],[],[],[]],"neow_cost":"NONE","seed_source_timestamp":888977734532700,"shop_contents":[{"floor":3,"relics":["Anchor","Unceasing Top","HandDrill"],"cards":["Sword Boomerang","Pummel","True Grit","Ghostly Armor","Feel No Pain","Forethought"],"potions":["DuplicationPotion","Regen Potion","PowerPotion"]},{"floor":20,"relics":["Dream Catcher","DollysMirror"],"cards":["Blood for Blood","Uppercut","True Grit","Havoc","Metallicize","Finesse","Chrysalis"],"potions":["ColorlessPotion","SpeedPotion","ElixirPotion"]},{"floor":31,"relics":["Gambling Chip","Red Skull","Toolbox"],"cards":["Twin Strike","Searing Blow","Entrench","Warcry","Panacea","Chrysalis"],"potions":["Weak Potion","BloodPotion","SneckoOil"]}],"circlet_count":0,"master_deck":["AscendersBane","Strike_R","Strike_R","Strike_R","Strike_R","Defend_R","Defend_R","Defend_R","Bash","Iron Wave","Apotheosis+1","Anger","Impervious","Headbutt","Second Wind","Hemokinesis","Battle Trance+1","Reaper","Bloodletting+1","Carnage","Shrug It Off","Dark Embrace+1","Disarm","Feel No Pain+1","Fiend Fire","CurseOfTheBell","Shrug It Off+1","Master of Strategy","Blind","Dark Shackles","Burning Pact+1","Dual Wield"],"potion_use_per_floor":[[],[],[],[],[],[],[],[],[],["PowerPotion"],[],[],[],[],[],[],[],[],[],[],[],[],["Fire Potion"],[],[],[],["BloodPotion"],[],[],[],[],[],[],[],[],[],[],[],[],["ElixirPotion"],[],[],[],[],[],[],[],[],[],["AttackPotion"]],"relics":["Burning Blood","Magic Flower","WingedGreaves","Shuriken","Centennial Puzzle","Bag of Preparation","Letter Opener","Juzu Bracelet","Philosopher\u0027s Stone","Boot","Meat on the Bone","Blood Vial","Enchiridion","Happy Flower","Question Card","Calling Bell","Omamori","The Courier","Thread and Needle","Art of War","Bottled Tornado"],"potions_floor_usage":[10,23,27,40,50],"damage_taken":[{"damage":6,"enemies":"Cultist","floor":1,"turns":3},{"damage":8,"enemies":"2 Louse","floor":2,"turns":4},{"damage":3,"enemies":"Small Slimes","floor":5,"turns":3},{"damage":17,"enemies":"Lagavulin","floor":6,"turns":6},{"damage":1,"enemies":"Looter","floor":8,"turns":4},{"damage":21,"enemies":"3 Sentries","floor":10,"turns":5},{"damage":11,"enemies":"Gremlin Nob","floor":11,"turns":3},{"damage":10,"enemies":"Lagavulin","floor":12,"turns":7},{"damage":14,"enemies":"3 Sentries","floor":13,"turns":7},{"damage":2,"enemies":"Exordium Thugs","floor":14,"turns":3},{"damage":40,"enemies":"Hexaghost","floor":16,"turns":9},{"damage":26,"enemies":"2 Thieves","floor":18,"turns":3},{"damage":8,"enemies":"Shell Parasite","floor":21,"turns":3},{"damage":23,"enemies":"Chosen and Byrds","floor":22,"turns":5},{"damage":30,"enemies":"Slavers","floor":23,"turns":3},{"damage":22,"enemies":"Book of Stabbing","floor":27,"turns":5},{"damage":16,"enemies":"Snake Plant","floor":29,"turns":3},{"damage":6,"enemies":"Snecko","floor":30,"turns":3},{"damage":65,"enemies":"Automaton","floor":33,"turns":9},{"damage":2,"enemies":"3 Darklings","floor":35,"turns":3},{"damage":3,"enemies":"3 Shapes","floor":36,"turns":5},{"damage":6,"enemies":"Giant Head","floor":40,"turns":4},{"damage":7,"enemies":"Spire Growth","floor":42,"turns":3},{"damage":14,"enemies":"Reptomancer","floor":44,"turns":3},{"damage":3,"enemies":"Jaw Worm Horde","floor":45,"turns":2},{"damage":8,"enemies":"3 Darklings","floor":46,"turns":4},{"damage":101,"enemies":"Time Eater","floor":50,"turns":14}],"green_key_taken_log":10,"seed_played":"431906119610756110","neow_bonus_log":{"cardsObtained":[],"cardsUpgraded":[],"cardsRemoved":[],"cardsTransformed":[],"relicsObtained":[],"maxHpGained":0,"goldGained":100,"damageTaken":0,"goldLost":0,"maxHpLost":0},"potions_obtained":[{"floor":1,"key":"Fruit Juice"},{"floor":5,"key":"Strength Potion"},{"floor":6,"key":"PowerPotion"},{"floor":11,"key":"Fire Potion"},{"floor":23,"key":"BloodPotion"},{"floor":27,"key":"Energy Potion"},{"floor":30,"key":"CultistPotion"},{"floor":36,"key":"ElixirPotion"},{"floor":40,"key":"AttackPotion"}],"is_trial":false,"path_per_floor":["M","M","$","?","M","E","R","M","T","E","E","E","E","M","R","B",null,"M","?","$","M","M","E","?","R","T","E","?","M","M","$","R","B",null,"M","M","?","?","?","E","R","M","T","E","M","M","?","?","R","B"],"character_chosen":"IRONCLAD","items_purchased":["Apotheosis","Meat on the Bone","Feel No Pain"],"campfire_rested":0,"item_purchase_floors":[3,20,31],"current_hp_per_floor":[68,66,66,66,72,64,64,72,72,60,58,57,52,59,59,28,63,58,58,58,59,63,60,39,39,39,71,71,67,73,73,73,60,71,75,75,75,65,65,75,75,75,75,70,75,75,75,75,75,0],"gold":189,"neow_bonus":"HUNDRED_GOLD","is_prod":false,"is_daily":false,"rewards_skipped":[{"floor":13,"relics":[],"potions":["Dexterity Potion"]},{"floor":14,"relics":[],"potions":["Weak Potion"]},{"floor":45,"relics":[],"potions":["SteroidPotion"]},{"floor":46,"relics":[],"potions":["Fire Potion"]}],"chose_seed":false,"campfire_upgraded":5,"win_rate":0,"floor_exit_playtime":[260,432,632,718,850,1046,1062,1119,1123,1382,1523,1654,1800,1880,1910,2169,2637,2877,2913,2978,3082,3210,3297,3306,3373,3377,3516,3526,3659,3710,3751,3760,4113,4360,4511,4631,4683,4839,4858,5057,5069,5197,5203,5583,5652,5881,6018,6035,6043],"timestamp":1663026387,"blue_key_relic_skipped_log":{"floor":43,"relicID":"StrikeDummy"},"path_taken":["M","M","$","?","M","E","R","M","T","E","E","E","E","M","R","BOSS","M","?","$","M","M","E","?","R","T","E","?","M","M","?","R","BOSS","M","M","?","?","?","E","R","M","T","E","M","M","?","?","R","BOSS"],"build_version":"2022-03-07","purchased_purges":0,"victory":false,"max_hp_per_floor":[75,75,75,75,75,75,75,75,75,75,75,75,75,75,75,75,75,75,75,75,75,75,75,75,75,75,75,75,75,75,75,75,75,75,75,75,75,75,75,75,75,75,75,75,75,75,75,75,75,75],"card_choices":[{"not_picked":["Havoc","Sword Boomerang","Heavy Blade"],"picked":"SKIP","floor":1},{"not_picked":["Armaments","Dual Wield"],"picked":"Iron Wave","floor":2},{"not_picked":["True Grit","Headbutt"],"picked":"Anger","floor":5},{"not_picked":["Warcry","True Grit"],"picked":"Impervious","floor":6},{"not_picked":["Flex","Havoc"],"picked":"Headbutt","floor":8},{"not_picked":["Fire Breathing","Rampage","Searing Blow"],"picked":"SKIP","floor":10},{"not_picked":["Juggernaut","Clash"],"picked":"Second Wind","floor":11},{"not_picked":["Headbutt","Cleave"],"picked":"Hemokinesis","floor":12},{"not_picked":["Dual Wield","Second Wind","Thunderclap"],"picked":"SKIP","floor":13},{"not_picked":["Anger","Rupture"],"picked":"Battle Trance","floor":14},{"not_picked":["Limit Break","Barricade"],"picked":"Reaper","floor":16},{"not_picked":["Havoc","Flex"],"picked":"Bloodletting","floor":18},{"not_picked":["Bloodletting","Perfected Strike+1"],"picked":"Carnage","floor":21},{"not_picked":["Sword Boomerang","Sever Soul","Rampage"],"picked":"SKIP","floor":22},{"not_picked":["Headbutt","Iron Wave"],"picked":"Shrug It Off","floor":23},{"not_picked":["Twin Strike","Headbutt","Iron Wave"],"picked":"SKIP","floor":27},{"not_picked":["Heavy Blade","Havoc","Shrug It Off+1"],"picked":"Dark Embrace","floor":29},{"not_picked":["Warcry","Sword Boomerang","Rupture"],"picked":"Disarm","floor":30},{"not_picked":["Demon Form","Juggernaut","Double Tap"],"picked":"Fiend Fire","floor":33},{"not_picked":["Sword Boomerang+1","Anger","Heavy Blade","Searing Blow+1"],"picked":"SKIP","floor":35},{"not_picked":["Havoc","Twin Strike","Armaments"],"picked":"Shrug It Off+1","floor":36},{"not_picked":["Transmutation","Bandage Up","Good Instincts"],"picked":"Master of Strategy","floor":38},{"not_picked":["Forethought","Jack Of All Trades","Good Instincts"],"picked":"Blind","floor":38},{"not_picked":["Blind","Secret Weapon","Master of Strategy"],"picked":"Dark Shackles","floor":38},{"not_picked":["Perfected Strike","Armaments","Headbutt"],"picked":"Burning Pact","floor":40},{"not_picked":["Flex","Clash","Dual Wield","Sever Soul"],"picked":"SKIP","floor":42},{"not_picked":["Inflame","Havoc","Pummel","Fire Breathing"],"picked":"SKIP","floor":44},{"not_picked":["Rage","Searing Blow","Sentinel","Cleave+1"],"picked":"SKIP","floor":45},{"not_picked":["Thunderclap","Intimidate","Ghostly Armor+1"],"picked":"Dual Wield","floor":46}],"player_experience":16276,"relics_obtained":[{"floor":6,"key":"WingedGreaves"},{"floor":9,"key":"Shuriken"},{"floor":10,"key":"Centennial Puzzle"},{"floor":11,"key":"Bag of Preparation"},{"floor":12,"key":"Letter Opener"},{"floor":13,"key":"Juzu Bracelet"},{"floor":23,"key":"Blood Vial"},{"floor":24,"key":"Enchiridion"},{"floor":26,"key":"Happy Flower"},{"floor":27,"key":"Question Card"},{"floor":34,"key":"Omamori"},{"floor":34,"key":"The Courier"},{"floor":34,"key":"Thread and Needle"},{"floor":40,"key":"Art of War"},{"floor":44,"key":"Bottled Tornado"}],"event_choices":[{"damage_healed":0,"gold_gain":0,"player_choice":"Gave Potion","damage_taken":0,"relics_obtained":["Magic Flower"],"max_hp_gain":0,"max_hp_loss":0,"event_name":"WeMeetAgain","floor":4,"gold_loss":0},{"damage_healed":0,"gold_gain":0,"player_choice":"Opened","damage_taken":0,"relics_obtained":["Boot"],"max_hp_gain":0,"max_hp_loss":0,"event_name":"The Mausoleum","floor":19,"gold_loss":0,"cards_obtained":["Writhe"]},{"damage_healed":0,"gold_gain":0,"player_choice":"Obtained Book","damage_taken":21,"max_hp_gain":0,"max_hp_loss":0,"event_name":"Cursed Tome","floor":24,"gold_loss":0},{"cards_removed":["Writhe"],"damage_healed":0,"gold_gain":0,"player_choice":"Gave Gold","damage_taken":0,"max_hp_gain":0,"max_hp_loss":0,"event_name":"Beggar","floor":28,"gold_loss":75},{"cards_removed":["Defend_R"],"damage_healed":0,"gold_gain":0,"player_choice":"Removed Skill","damage_taken":0,"max_hp_gain":0,"max_hp_loss":0,"event_name":"Falling","floor":37,"gold_loss":0},{"damage_healed":0,"gold_gain":0,"player_choice":"Memory 3","damage_taken":10,"max_hp_gain":0,"max_hp_loss":0,"event_name":"SensoryStone","floor":38,"gold_loss":0},{"cards_removed":["Strike_R"],"damage_healed":0,"gold_gain":0,"player_choice":"Purged","damage_taken":0,"max_hp_gain":0,"max_hp_loss":0,"event_name":"Purifier","floor":39,"gold_loss":0},{"damage_healed":0,"gold_gain":0,"player_choice":"Forge","damage_taken":0,"max_hp_gain":0,"max_hp_loss":0,"event_name":"Accursed Blacksmith","floor":47,"gold_loss":0,"cards_upgraded":["Dark Embrace"]},{"damage_healed":0,"gold_gain":0,"player_choice":"Ignored","damage_taken":0,"max_hp_gain":0,"max_hp_loss":0,"event_name":"Tomb of Lord Red Mask","floor":48,"gold_loss":0}],"is_beta":false,"boss_relics":[{"not_picked":["Cursed Key","Runic Cube"],"picked":"Philosopher\u0027s Stone"},{"not_picked":["SacredBark","Black Blood"],"picked":"Calling Bell"}],"items_purged_floors":[],"is_endless":false,"potions_floor_spawned":[1,5,6,11,13,14,23,27,30,36,40,45,46],"killed_by":"Time Eater","ascension_level":20,"potion_discard_per_floor":[[],[],[],[],[],[],[],[],[],[],[],[],[],[],[],[],[],[],[],[],[],[],[],[],[],[],[],[],[],["Energy Potion"],[],[],[],[],[],["Strength Potion"],[],[],[],[],[],[],[],[],[],[],[],[],[],[]]}