{"neow_bonuses_skipped_log":["ONE_RANDOM_RARE_CARD","THREE_ENEMY_KILL","BOSS_RELIC"],"potions_obtained_entropic_brew":[[],[],[],[],[],[],[],[],[],[],[],[],[],[],[],["DuplicationPotion","AttackPotion"]],"neow_costs_skipped_log":["NONE","NONE","NONE"],"gold_per_floor":[117,117,127,127,141,185,185,185,185,219,239,255,268,2,2,2],"floor_reached":16,"playtime":5822,"items_purged":["Strike_R"],"score":324,"play_id":"327f12d1-c015-45c5-96c5-0bdd6c732e9c","local_time":"20220920023232","score_breakdown":["Floors Climbed (16): 80","Enemies Slain (6): 12","Exordium Elites Killed (2): 20","Bosses Slain (1): 50","Ascension (20): 162"],"is_ascension_mode":true,"potions_obtained_alchemize":[[],[],[],[],[],[],[],[],[],[],[],[],[],[],[],[]],"campfire_choices":[{"data":"Wild Strike","floor":7,"key":"SMITH"},{"data":"Armaments","floor":15,"key":"SMITH"}],"lesson_learned_per_floor":[[],[],[],[],[],[],[],[],[],[],[],[],[],[],[],[]],"neow_cost":"TEN_PERCENT_HP_LOSS","improvable_cards":{},"seed_source_timestamp":215559292689500,"shop_contents":[{"floor":14,"relics":["Letter Opener","Bronze Scales","Brimstone"],"cards":["Cleave","Twin Strike","Entrench","Limit Break","Inflame","Forethought","Secret Technique"],"potions":["Dexterity Potion","Energy Potion","GamblersBrew"]}],"circlet_count":0,"master_deck":["AscendersBane","Strike_R","Strike_R","Strike_R","Defend_R","Defend_R+1","Defend_R+1","Defend_R","Bash","Secret Weapon","Shrug It Off","Wild Strike+1","Headbutt","Iron Wave","Carnage","Armaments+1","Offering"],"potion_use_per_floor":[[],[],[],[],[],["Energy Potion"],[],[],[],[],[],[],[],[],[],["Fire Potion","EntropicBrew","AttackPotion","DuplicationPotion"]],"relics":["Burning Blood","Golden Idol","War Paint","The Courier","Mummified Hand","Lantern"],"potions_floor_usage":[6,16,16,16,16],"damage_taken":[{"damage":7,"enemies":"Small Slimes","floor":1,"turns":3},{"damage":4,"enemies":"Jaw Worm","floor":3,"turns":2},{"damage":1,"enemies":"2 Louse","floor":5,"turns":2},{"damage":27,"enemies":"3 Sentries","floor":6,"turns":9},{"damage":25,"enemies":"Lagavulin","floor":10,"turns":8},{"damage":2,"enemies":"Gremlin Gang","floor":11,"turns":8},{"damage":18,"enemies":"Exordium Thugs","floor":12,"turns":5},{"damage":1,"enemies":"Looter","floor":13,"turns":3}],"seed_played":"5453808986078031942","neow_bonus_log":{"cardsObtained":[],"cardsUpgraded":[],"cardsRemoved":[],"cardsTransformed":[],"relicsObtained":[],"maxHpGained":0,"goldGained":0,"damageTaken":0,"goldLost":0,"maxHpLost":7},"potions_obtained":[{"floor":1,"key":"Energy Potion"},{"floor":10,"key":"EntropicBrew"},{"floor":11,"key":"Fire Potion"}],"is_trial":false,"path_per_floor":["M","?","M","?","M","E","R","?","T","E","M","M","M","$","R","B"],"character_chosen":"IRONCLAD","items_purchased":["Offering","Lantern"],"campfire_rested":0,"item_purchase_floors":[14,14],"current_hp_per_floor":[67,67,68,62,62,41,41,41,41,22,26,14,19,19,19,0],"gold":2,"neow_bonus":"RANDOM_COLORLESS_2","is_prod":false,"is_daily":false,"rewards_skipped":[{"floor":12,"relics":[],"potions":["SmokeBomb"]}],"chose_seed":false,"campfire_upgraded":2,"win_rate":0,"floor_exit_playtime":[1155,1385,1539,1579,1664,2430,2441,2703,2707,3241,4051,4435,4536,4983,5101],"timestamp":1663655552,"path_taken":["M","?","M","?","M","E","R","?","T","E","M","?","M","$","R","BOSS"],"build_version":"2022-03-07","purchased_purges":1,"victory":false,"max_hp_per_floor":[68,68,68,62,62,62,62,62,62,62,62,62,62,62,62,62],"card_choices":[{"not_picked":["Sadistic Nature","Metamorphosis"],"picked":"Secret Weapon","floor":0},{"not_picked":["Warcry","Feel No Pain"],"picked":"Shrug It Off","floor":1},{"not_picked":["Body Slam","Reaper"],"picked":"Headbutt","floor":3},{"not_picked":["Dropkick","Flex"],"picked":"Iron Wave","floor":5},{"not_picked":["Clothesline","Thunderclap","Iron Wave"],"picked":"SKIP","floor":6},{"not_picked":["Clothesline","Thunderclap","Iron Wave"],"picked":"SKIP","floor":6},{"not_picked":["Ghostly Armor","Headbutt","Heavy Blade"],"picked":"SKIP","floor":10},{"not_picked":["Sword Boomerang","Hemokinesis"],"picked":"Carnage","floor":11},{"not_picked":["Thunderclap","Cleave"],"picked":"Armaments","floor":12},{"not_picked":["Flame Barrier","Sword Boomerang","Perfected Strike"],"picked":"SKIP","floor":13}],"player_experience":70130,"relics_obtained":[{"floor":6,"key":"War Paint"},{"floor":9,"key":"The Courier"},{"floor":10,"key":"Mummified Hand"}],"event_choices":[{"damage_healed":0,"gold_gain":0,"cards_transformed":["Strike_R"],"player_choice":"Change","damage_taken":0,"max_hp_gain":0,"max_hp_loss":0,"event_name":"Living Wall","floor":2,"gold_loss":0,"cards_obtained":["Wild Strike"]},{"damage_healed":0,"gold_gain":0,"player_choice":"Lose Max HP","damage_taken":0,"relics_obtained":["Golden Idol"],"max_hp_gain":0,"max_hp_loss":6,"event_name":"Golden Idol","floor":4,"gold_loss":0},{"damage_healed":0,"gold_gain":0,"player_choice":"Ignored","damage_taken":0,"max_hp_gain":0,"max_hp_loss":0,"event_name":"Shining Light","floor":8,"gold_loss":0}],"is_beta":false,"boss_relics":[],"items_purged_floors":[14],"is_endless":false,"potions_floor_spawned":[1,10,11,12],"killed_by":"The Guardian","ascension_level":20,"potion_discard_per_floor":[[],[],[],[],[],[],[],[],[],[],[],[],[],[],[],[]]}