{"neow_bonuses_skipped_log":["TRANSFORM_CARD","RANDOM_COLORLESS_2","BOSS_RELIC"],"potions_obtained_entropic_brew":[[],[],[],[],[],[],[],[],[],[],[],[],[],[],[],[],[],[],[],[],[],[],[]],"neow_costs_skipped_log":["NONE","TEN_PERCENT_HP_LOSS","NONE"],"gold_per_floor":[109,109,34,51,126,158,158,158,158,191,204,233,233,253,253,324,324,335,335,335,335,86,86],"floor_reached":23,"playtime":3073,"items_purged":["Strike_R"],"score":460,"play_id":"c147fbc3-5d5b-4047-aa76-a378cdbdca4a","local_time":"20220920065030","score_breakdown":["Floors Climbed (23): 115","Enemies Slain (5): 10","Exordium Elites Killed (3): 30","City Elites Killed (0): 0","Bosses Slain (1): 50","Champion (1): 25","Ascension (20): 230"],"is_ascension_mode":true,"potions_obtained_alchemize":[[],[],[],[],[],[],[],[],[],[],[],[],[],[],[],[],[],[],[],[],[],[],[]],"campfire_choices":[{"data":"Whirlwind","floor":8,"key":"SMITH"},{"data":"Berserk","floor":13,"key":"SMITH"},{"data":"Armaments","floor":15,"key":"SMITH"}],"lesson_learned_per_floor":[[],[],[],[],[],[],[],[],[],[],[],[],[],[],[],[],[],[],[],[],[],[],[]],"neow_cost":"NONE","improvable_cards":{},"seed_source_timestamp":233788986427400,"shop_contents":[{"floor":3,"relics":["InkBottle","Happy Flower","PrismaticShard"],"cards":["Clothesline","Twin Strike","Power Through","True Grit","Rupture","Finesse","Panache"],"potions":["Explosive Potion","Weak Potion","DuplicationPotion"]},{"floor":22,"relics":["Strawberry","Pantograph","Lee\u0027s Waffle"],"cards":["Uppercut","Wild Strike","Blind","Magnetism"],"potions":["PowerPotion","BloodPotion"]}],"circlet_count":0,"master_deck":["AscendersBane","Defend_R","Defend_R","Defend_R","Bash","Whirlwind+1","Carnage","Armaments+1","Metallicize","Berserk+1","Double Tap","Pommel Strike","Feed","Spot Weakness","Anger","Ghostly Armor","Pummel","Power Through","Shrug It Off","Evolve"],"potion_use_per_floor":[[],[],[],[],[],[],[],[],[],[],[],[],[],[],[],["PowerPotion","DuplicationPotion"],[],[],[],[],[],[],["SteroidPotion"]],"relics":["Burning Blood","NeowsBlessing","Omamori","Question Card","Letter Opener","Cursed Key","Singing Bowl"],"potions_floor_usage":[16,16,23],"damage_taken":[{"damage":0,"enemies":"Cultist","floor":1,"turns":1},{"damage":0,"enemies":"Small Slimes","floor":4,"turns":1},{"damage":0,"enemies":"Gremlin Nob","floor":6,"turns":1},{"damage":40,"enemies":"3 Sentries","floor":10,"turns":6},{"damage":0,"enemies":"2 Louse","floor":11,"turns":1},{"damage":5,"enemies":"Gremlin Nob","floor":12,"turns":3},{"damage":9,"enemies":"Red Slaver","floor":14,"turns":3},{"damage":33,"enemies":"Hexaghost","floor":16,"turns":7},{"damage":11,"enemies":"Spheric Guardian","floor":18,"turns":3},{"damage":57,"enemies":"Book of Stabbing","floor":23,"turns":4}],"green_key_taken_log":6,"seed_played":"-2824027053092009909","neow_bonus_log":{"cardsObtained":[],"cardsUpgraded":[],"cardsRemoved":[],"cardsTransformed":[],"relicsObtained":["NeowsBlessing"],"maxHpGained":0,"goldGained":0,"damageTaken":0,"goldLost":0,"maxHpLost":0},"potions_obtained":[{"floor":1,"key":"PowerPotion"},{"floor":6,"key":"Weak Potion"},{"floor":11,"key":"SkillPotion"},{"floor":12,"key":"DuplicationPotion"},{"floor":16,"key":"Dexterity Potion"}],"is_trial":false,"path_per_floor":["M","?","$","M","?","E","?","R","T","E","M","E","R","M","R","B",null,"M","?","?","?","$","E"],"character_chosen":"IRONCLAD","items_purchased":["Power Through","Shrug It Off","Evolve","SteroidPotion"],"campfire_rested":0,"item_purchase_floors":[22,22,22,22],"current_hp_per_floor":[74,67,67,73,62,68,68,68,68,34,40,41,41,38,38,11,59,54,54,54,54,54,0],"gold":86,"neow_bonus":"THREE_ENEMY_KILL","is_prod":false,"is_daily":false,"rewards_skipped":[],"chose_seed":false,"campfire_upgraded":3,"win_rate":0,"floor_exit_playtime":[147,163,346,393,404,431,459,475,496,799,882,1339,1349,1478,1491,1834,1860,1923,1987,2002,2077,2377],"timestamp":1663671030,"blue_key_relic_skipped_log":{"floor":9,"relicID":"Bottled Lightning"},"path_taken":["M","?","$","M","?","E","?","R","T","E","M","E","R","?","R","BOSS","M","?","?","?","?","E"],"build_version":"2022-03-07","purchased_purges":1,"victory":false,"max_hp_per_floor":[75,75,75,75,75,75,75,75,75,75,75,75,75,75,75,75,75,75,75,75,75,75,75],"card_choices":[{"not_picked":["Sentinel","Feel No Pain"],"picked":"Whirlwind","floor":1},{"not_picked":["Twin Strike","Flame Barrier"],"picked":"Carnage","floor":4},{"not_picked":["Metallicize","Clash"],"picked":"Armaments","floor":6},{"not_picked":["Rupture","Fire Breathing"],"picked":"Metallicize","floor":10},{"not_picked":["Clothesline","Twin Strike","Warcry"],"picked":"Berserk","floor":11},{"not_picked":["Heavy Blade","Bludgeon","Ghostly Armor"],"picked":"Double Tap","floor":12},{"not_picked":["Havoc","Flex","Bloodletting"],"picked":"Pommel Strike","floor":14},{"not_picked":["Brutality","Bludgeon","Fiend Fire"],"picked":"Feed","floor":16},{"not_picked":["Headbutt","Flex","Thunderclap"],"picked":"Spot Weakness","floor":18}],"player_experience":86588,"relics_obtained":[{"floor":6,"key":"Omamori"},{"floor":10,"key":"Question Card"},{"floor":12,"key":"Letter Opener"}],"event_choices":[{"cards_removed":["Strike_R"],"damage_healed":0,"gold_gain":0,"player_choice":"Card Removal","damage_taken":7,"max_hp_gain":0,"max_hp_loss":0,"event_name":"Golden Wing","floor":2,"gold_loss":0},{"damage_healed":0,"gold_gain":75,"player_choice":"Gather Gold","damage_taken":11,"max_hp_gain":0,"max_hp_loss":0,"event_name":"World of Goop","floor":5,"gold_loss":0},{"damage_healed":0,"gold_gain":0,"cards_transformed":["Strike_R"],"player_choice":"Transformed","damage_taken":0,"max_hp_gain":0,"max_hp_loss":0,"event_name":"Transmorgrifier","floor":7,"gold_loss":0,"cards_obtained":["Juggernaut"]},{"cards_removed":["Juggernaut"],"damage_healed":0,"gold_gain":0,"player_choice":"Gave Card","damage_taken":0,"relics_obtained":["Singing Bowl"],"max_hp_gain":0,"max_hp_loss":0,"event_name":"WeMeetAgain","floor":19,"gold_loss":0},{"damage_healed":0,"gold_gain":0,"cards_transformed":["Strike_R"],"player_choice":"Transformed","damage_taken":0,"max_hp_gain":0,"max_hp_loss":0,"event_name":"Transmorgrifier","floor":20,"gold_loss":0,"cards_obtained":["Anger"]},{"damage_healed":0,"gold_gain":0,"cards_transformed":["Strike_R","Defend_R"],"player_choice":"Became Test Subject","damage_taken":0,"max_hp_gain":0,"max_hp_loss":0,"event_name":"Drug Dealer","floor":21,"gold_loss":0,"cards_obtained":["Ghostly Armor","Pummel"]}],"is_beta":false,"boss_relics":[{"not_picked":["Runic Dome","SlaversCollar"],"picked":"Cursed Key"}],"items_purged_floors":[3],"is_endless":false,"potions_floor_spawned":[1,6,11,12,16],"killed_by":"Book of Stabbing","ascension_level":20,"potion_discard_per_floor":[[],[],[],[],[],[],[],[],[],[],["Weak Potion"],["SkillPotion"],[],[],[],[],[],[],[],[],[],[],[]]}