{"neow_bonuses_skipped_log":["ONE_RANDOM_RARE_CARD","THREE_RARE_CARDS","BOSS_RELIC"],"potions_obtained_entropic_brew":[[],[],[],[],[],[],[],[],[],[],[],[],[],[],[],[],[],[],[],[],[],[],[],[],[],[],[],[],[],[],[],[],[],[],[],[],[],[],[],[],[],[],[],[],[],[],[],[],[],[],[],[],[],[],[],["Regen Potion","Swift Potion","Explosive Potion","ElixirPotion"],[]],"neow_costs_skipped_log":["NONE","CURSE","NONE"],"gold_per_floor":[118,135,153,153,18,47,61,73,73,92,121,136,169,169,169,240,240,259,259,259,269,321,355,366,393,393,422,196,231,285,375,375,446,446,531,531,574,443,461,461,495,495,495,547,572,101,205,324,324,324,399,399,399,23,50,50],"floor_reached":57,"playtime":16045,"items_purged":["Anger","Strike_R"],"score":3060,"play_id":"bac59578-52c6-48d9-a0df-c9ae30aacb51","local_time":"20220912174550","score_breakdown":["Floors Climbed (57): 285","Enemies Slain (15): 30","Exordium Elites Killed (3): 30","City Elites Killed (5): 100","Beyond Elites Killed (2): 60","Bosses Slain (5): 750","Money Money (1290): 25","Librarian: 25","Champion (4): 100","Overkill: 25","Ascension (20): 1380","Heartbreaker: 250"],"is_ascension_mode":true,"potions_obtained_alchemize":[[],[],[],[],[],[],[],[],[],[],[],[],[],[],[],[],[],[],[],[],[],[],[],[],[],[],[],[],[],[],[],[],[],[],[],[],[],[],[],[],[],[],[],[],[],[],[],[],[],[],[],[],[],[],[],[],[]],"campfire_choices":[{"floor":15,"key":"REST"},{"data":"HandOfGreed","floor":32,"key":"SMITH"},{"data":"Uppercut","floor":40,"key":"SMITH"},{"data":"Offering","floor":42,"key":"SMITH"},{"floor":49,"key":"RECALL"},{"floor":53,"key":"DIG"}],"lesson_learned_per_floor":[[],[],[],[],[],[],[],[],[],[],[],[],[],[],[],[],[],[],[],[],[],[],[],[],[],[],[],[],[],[],[],[],[],[],[],[],[],[],[],[],[],[],[],[],[],[],[],[],[],[],[],[],[],[],[],[],[]],"neow_cost":"NONE","seed_source_timestamp":872406122749300,"shop_contents":[{"floor":5,"relics":["Sundial","Akabeko","ClockworkSouvenir"],"cards":["Wild Strike","Bludgeon","True Grit","Flex","Finesse","Panache"],"potions":["SteroidPotion","Energy Potion"]},{"floor":28,"relics":["Meat on the Bone","Shuriken","HandDrill"],"cards":["Iron Wave","Perfected Strike","Flex","Havoc","Brutality","Finesse","Madness"],"potions":["Ancient Potion","Fire Potion","Energy Potion"]},{"floor":38,"relics":["Frozen Egg 2","MealTicket","Art of War"],"cards":["Wild Strike","Whirlwind","Armaments","Spot Weakness","Metallicize","Forethought","Transmutation"],"potions":["GamblersBrew","DistilledChaos","BlessingOfTheForge"]},{"floor":46,"relics":["Prayer Wheel","Mercury Hourglass","Blue Candle"],"cards":["Dropkick","Reckless Charge","Warcry","Spot Weakness","Fire Breathing","Mind Blast","Transmutation"],"potions":["Energy Potion","Regen Potion","AttackPotion"]},{"floor":54,"relics":["Letter Opener","Nunchaku","Sling"],"cards":["Thunderclap","Feed","Havoc","Infernal Blade","Combust","Flash of Steel","Magnetism"],"potions":["BloodPotion","Block Potion","SteroidPotion"]}],"circlet_count":0,"master_deck":["AscendersBane","Strike_R","Defend_R","Defend_R","Defend_R","Defend_R","Bash","Headbutt","Headbutt","Pommel Strike","Inflame","Demon Form","Disarm","Second Wind","Shockwave","Dark Embrace","Ghostly","Ghostly","Ghostly","Uppercut+1","Barricade","HandOfGreed+1","Exhume","Mayhem","Magnetism","True Grit+1","Entrench","Power Through+1","Ghostly Armor+1","Offering+1","Corruption","Body Slam+1","Feel No Pain","Disarm","Impervious","Disarm","Battle Trance"],"potion_use_per_floor":[[],[],[],["Fruit Juice"],[],["Weak Potion","Fire Potion"],[],[],[],[],["PowerPotion"],[],["FearPotion"],[],[],["FearPotion"],[],[],[],[],[],[],["GamblersBrew"],[],[],[],["GamblersBrew"],[],[],[],[],[],[],[],[],[],[],[],[],[],[],[],[],[],[],[],[],[],[],[],[],[],[],[],[],["Dexterity Potion","GamblersBrew","LiquidMemories","EntropicBrew","Explosive Potion"],[]],"relics":["Burning Blood","Lantern","Singing Bowl","The Courier","Mummified Hand","Tiny Chest","Snecko Eye","Omamori","Potion Belt","StrikeDummy","Self Forming Clay","Champion Belt","Pen Nib","Empty Cage","Orrery","HornCleat","Bottled Lightning","InkBottle","Happy Flower","TheAbacus","Bird Faced Urn","Shovel","Ornamental Fan","Gremlin Horn"],"potions_floor_usage":[4,6,6,11,13,16,23,27,56,56,56,56,56],"damage_taken":[{"damage":6,"enemies":"Cultist","floor":1,"turns":3},{"damage":19,"enemies":"Small Slimes","floor":2,"turns":4},{"damage":1,"enemies":"2 Louse","floor":3,"turns":3},{"damage":15,"enemies":"Lagavulin","floor":6,"turns":7},{"damage":13,"enemies":"Large Slime","floor":7,"turns":3},{"damage":14,"enemies":"Blue Slaver","floor":8,"turns":4},{"damage":0,"enemies":"2 Fungi Beasts","floor":10,"turns":2},{"damage":24,"enemies":"3 Sentries","floor":11,"turns":10},{"damage":17,"enemies":"3 Louse","floor":12,"turns":3},{"damage":0,"enemies":"Gremlin Nob","floor":13,"turns":3},{"damage":45,"enemies":"The Guardian","floor":16,"turns":12},{"damage":11,"enemies":"Chosen","floor":18,"turns":5},{"damage":13,"enemies":"Spheric Guardian","floor":21,"turns":4},{"damage":2,"enemies":"Slavers","floor":23,"turns":4},{"damage":2,"enemies":"Snecko","floor":24,"turns":4},{"damage":17,"enemies":"Book of Stabbing","floor":25,"turns":5},{"damage":2,"enemies":"Slavers","floor":27,"turns":4},{"damage":1,"enemies":"Book of Stabbing","floor":29,"turns":5},{"damage":15,"enemies":"Centurion and Healer","floor":30,"turns":5},{"damage":5,"enemies":"Slavers","floor":31,"turns":6},{"damage":13,"enemies":"Champ","floor":33,"turns":10},{"damage":0,"enemies":"3 Shapes","floor":35,"turns":4},{"damage":5,"enemies":"3 Darklings","floor":37,"turns":5},{"damage":0,"enemies":"Transient","floor":39,"turns":6},{"damage":0,"enemies":"Giant Head","floor":41,"turns":10},{"damage":6,"enemies":"Reptomancer","floor":44,"turns":5},{"damage":6,"enemies":"2 Orb Walkers","floor":47,"turns":3},{"damage":1,"enemies":"4 Shapes","floor":48,"turns":5},{"damage":20,"enemies":"Time Eater","floor":50,"turns":8},{"damage":60,"enemies":"Awakened One","floor":51,"turns":64},{"damage":12,"enemies":"Shield and Spear","floor":55,"turns":3},{"damage":5,"enemies":"The Heart","floor":56,"turns":8}],"green_key_taken_log":27,"seed_played":"1385172482362559823","neow_bonus_log":{"cardsObtained":[],"cardsUpgraded":[],"cardsRemoved":[],"cardsTransformed":[],"relicsObtained":["Lantern"],"maxHpGained":0,"goldGained":0,"damageTaken":0,"goldLost":0,"maxHpLost":0},"potions_obtained":[{"floor":1,"key":"Weak Potion"},{"floor":4,"key":"Fruit Juice"},{"floor":4,"key":"LiquidBronze"},{"floor":7,"key":"FearPotion"},{"floor":10,"key":"PowerPotion"},{"floor":12,"key":"FearPotion"},{"floor":16,"key":"GamblersBrew"},{"floor":18,"key":"GamblersBrew"},{"floor":23,"key":"GamblersBrew"},{"floor":27,"key":"Dexterity Potion"},{"floor":29,"key":"SteroidPotion"},{"floor":30,"key":"SteroidPotion"},{"floor":41,"key":"LiquidMemories"},{"floor":47,"key":"EntropicBrew"}],"is_trial":false,"path_per_floor":["M","M","M","?","$","E","M","M","T","M","E","M","E","?","R","B",null,"M","?","?","M","T","E","M","E","T","E","$","E","M","E","R","B",null,"M","?","M","$","M","R","E","R","T","E","T","$","?","M","R","B","B",null,"R","$","E","B",null],"character_chosen":"IRONCLAD","items_purchased":["Inflame","Fire Potion","HandOfGreed","Orrery","TheAbacus","Bird Faced Urn","Feel No Pain","Disarm","Impervious","Disarm","Battle Trance"],"campfire_rested":1,"item_purchase_floors":[5,5,28,38,46,46,54,54,54,54,54],"current_hp_per_floor":[68,55,60,65,65,56,51,43,43,49,31,22,30,23,48,11,69,64,64,44,39,39,43,48,39,39,43,43,50,43,46,46,39,52,58,50,51,57,63,63,66,66,66,66,66,66,68,68,68,64,66,68,68,68,70,70],"gold":50,"neow_bonus":"RANDOM_COMMON_RELIC","is_prod":false,"is_daily":false,"rewards_skipped":[{"floor":44,"relics":[],"potions":["Weak Potion"]}],"chose_seed":false,"campfire_upgraded":3,"win_rate":0,"floor_exit_playtime":[946,1193,1438,1447,1604,2344,2470,2883,2887,3016,3548,3686,4087,4100,4109,6080,6463,6798,7005,7369,7641,7668,8085,8307,8678,8711,9092,9341,9557,9739,9914,10018,10732,11320,11462,11733,12013,12185,12495,12600,12904,12924,12961,13189,13203,13324,13492,13688,13693,14091,15331,15346,15372,15416,15685,16045],"timestamp":1663019150,"blue_key_relic_skipped_log":{"floor":26,"relicID":"Darkstone Periapt"},"path_taken":["M","M","?","?","$","E","M","M","T","?","E","M","E","?","R","BOSS","M","?","?","M","?","E","M","E","T","E","$","E","?","E","R","BOSS","M","?","M","$","?","R","E","R","T","E","?","$","?","M","R","BOSS","BOSS","R","$","E","BOSS"],"build_version":"2022-03-07","purchased_purges":2,"victory":true,"max_hp_per_floor":[75,75,75,80,80,80,82,82,82,82,82,84,86,86,86,88,88,88,88,44,46,46,46,48,50,50,50,50,52,54,56,56,56,56,58,60,60,66,66,66,66,66,66,66,66,66,68,68,68,68,68,68,68,68,70,70],"card_choices":[{"not_picked":["Fire Breathing","Wild Strike"],"picked":"Headbutt","floor":1},{"not_picked":["Dark Embrace","Havoc"],"picked":"Headbutt","floor":2},{"not_picked":["Perfected Strike","Sever Soul"],"picked":"Pommel Strike","floor":3},{"not_picked":["Barricade","Cleave"],"picked":"Demon Form","floor":6},{"not_picked":["Twin Strike","Fire Breathing","Havoc"],"picked":"Singing Bowl","floor":7},{"not_picked":["Intimidate","Wild Strike"],"picked":"Anger","floor":8},{"not_picked":["Rampage","Dark Embrace"],"picked":"Disarm","floor":10},{"not_picked":["Iron Wave","Heavy Blade"],"picked":"Second Wind","floor":11},{"not_picked":["Dropkick","Clash","Combust"],"picked":"Singing Bowl","floor":12},{"not_picked":["Metallicize","Dark Embrace","Clothesline"],"picked":"Singing Bowl","floor":13},{"not_picked":["Exhume","Double Tap","Berserk"],"picked":"Singing Bowl","floor":16},{"not_picked":["Combust","Iron Wave"],"picked":"Shockwave","floor":18},{"not_picked":["Heavy Blade","Rampage","Pommel Strike","Fire Breathing","Headbutt","Seeing Red","Pummel","Anger","Clothesline","Blood for Blood","Thunderclap","Twin Strike","Havoc","Armaments","Cleave","True Grit","Warcry","Entrench","Clash"],"picked":"Dark Embrace","floor":19},{"not_picked":["Metallicize","Reckless Charge","Flex+1"],"picked":"Singing Bowl","floor":21},{"not_picked":["Brutality","Rage"],"picked":"Uppercut","floor":23},{"not_picked":["Seeing Red+1","Twin Strike","Wild Strike"],"picked":"Singing Bowl","floor":24},{"not_picked":["Havoc","Sever Soul","Entrench"],"picked":"Singing Bowl","floor":25},{"not_picked":["Cleave","Wild Strike"],"picked":"Barricade","floor":27},{"not_picked":["Dropkick","Thunderclap","Searing Blow"],"picked":"Singing Bowl","floor":29},{"not_picked":["Cleave","Combust","Anger"],"picked":"Singing Bowl","floor":30},{"not_picked":["Pommel Strike","Blood for Blood","Anger"],"picked":"Singing Bowl","floor":31},{"not_picked":["Barricade","Berserk"],"picked":"Exhume","floor":33},{"not_picked":["Headbutt","Pummel+1","Havoc"],"picked":"Singing Bowl","floor":35},{"not_picked":["Trip","The Bomb","Thinking Ahead"],"picked":"Singing Bowl","floor":36},{"not_picked":["Impatience","Swift Strike"],"picked":"Mayhem","floor":36},{"not_picked":["HandOfGreed","Discovery"],"picked":"Magnetism","floor":36},{"not_picked":["Uppercut","Hemokinesis"],"picked":"True Grit+1","floor":37},{"not_picked":["Thunderclap","Spot Weakness","Headbutt+1"],"picked":"Singing Bowl","floor":38},{"not_picked":["Whirlwind","Perfected Strike","Dropkick"],"picked":"Singing Bowl","floor":38},{"not_picked":["Clothesline","Body Slam"],"picked":"Entrench","floor":38},{"not_picked":["Clash+1","True Grit+1"],"picked":"Power Through+1","floor":38},{"not_picked":["Bloodletting+1","Cleave","Sentinel"],"picked":"Singing Bowl","floor":38},{"not_picked":["Metallicize+1","Rupture"],"picked":"Ghostly Armor+1","floor":39},{"not_picked":["Shockwave","Sever Soul"],"picked":"Offering","floor":41},{"not_picked":["Heavy Blade","Armaments+1"],"picked":"Corruption","floor":44},{"not_picked":["Heavy Blade","Warcry","Spot Weakness+1"],"picked":"Singing Bowl","floor":47},{"not_picked":["Headbutt","Shrug It Off"],"picked":"Body Slam+1","floor":48},{"not_picked":["Thunderclap+1","Warcry","Clothesline"],"picked":"Singing Bowl","floor":55}],"player_experience":231,"relics_obtained":[{"floor":6,"key":"Singing Bowl"},{"floor":9,"key":"The Courier"},{"floor":11,"key":"Mummified Hand"},{"floor":13,"key":"Tiny Chest"},{"floor":22,"key":"Omamori"},{"floor":23,"key":"Potion Belt"},{"floor":25,"key":"StrikeDummy"},{"floor":27,"key":"Self Forming Clay"},{"floor":29,"key":"Champion Belt"},{"floor":31,"key":"Pen Nib"},{"floor":41,"key":"HornCleat"},{"floor":43,"key":"Bottled Lightning"},{"floor":44,"key":"InkBottle"},{"floor":45,"key":"Happy Flower"},{"floor":47,"key":"Shovel"},{"floor":53,"key":"Ornamental Fan"},{"floor":55,"key":"Gremlin Horn"}],"event_choices":[{"damage_healed":0,"gold_gain":0,"player_choice":"Got Potions","damage_taken":0,"max_hp_gain":0,"max_hp_loss":0,"event_name":"Lab","floor":4,"gold_loss":0},{"cards_removed":["Strike_R"],"damage_healed":0,"gold_gain":0,"player_choice":"Card Removal","damage_taken":7,"max_hp_gain":0,"max_hp_loss":0,"event_name":"Golden Wing","floor":14,"gold_loss":0},{"damage_healed":0,"gold_gain":0,"player_choice":"Read","damage_taken":0,"max_hp_gain":0,"max_hp_loss":0,"event_name":"The Library","floor":19,"gold_loss":0,"cards_obtained":["Dark Embrace"]},{"damage_healed":0,"gold_gain":0,"player_choice":"Became a Ghost","damage_taken":0,"max_hp_gain":0,"max_hp_loss":44,"event_name":"Ghosts","floor":20,"gold_loss":0,"cards_obtained":["Ghostly","Ghostly","Ghostly"]},{"damage_healed":0,"gold_gain":0,"player_choice":"Memory 3","damage_taken":10,"max_hp_gain":0,"max_hp_loss":0,"event_name":"SensoryStone","floor":36,"gold_loss":0},{"damage_healed":0,"gold_gain":0,"player_choice":"Fight","damage_taken":0,"max_hp_gain":0,"max_hp_loss":0,"event_name":"Mysterious Sphere","floor":47,"gold_loss":0}],"is_beta":false,"boss_relics":[{"not_picked":["Fusion Hammer","Philosopher\u0027s Stone"],"picked":"Snecko Eye"},{"not_picked":["Mark of Pain","Runic Dome"],"picked":"Empty Cage"}],"items_purged_floors":[28,46],"is_endless":false,"potions_floor_spawned":[1,7,10,12,16,18,23,27,29,30,41,44,47],"ascension_level":20,"potion_discard_per_floor":[[],[],[],[],["LiquidBronze"],[],[],[],[],[],[],[],[],[],[],[],[],[],[],[],[],[],[],[],[],[],[],[],[],[],[],[],[],[],[],[],[],[],[],[],["SteroidPotion"],[],[],[],[],[],["SteroidPotion"],[],[],[],[],[],[],[],[],[],[]]}