{"neow_bonuses_skipped_log":["TEN_PERCENT_HP_BONUS","REMOVE_TWO","BOSS_RELIC"],"neow_costs_skipped_log":["NONE","PERCENT_DAMAGE","NONE"],"potions_obtained_entropic_brew":[[],[],[],[],[],[],[],[],[],[],[],[],[],[],[],[],[],[],[],[],[],[],[],[],[],[],[],[],[],[],[],[],[],[],[],[],[],[],[],[],[],[],[],[],[],[],[],[],[],[],[],[],[],[],[],[],[]],"gold_per_floor":[109,122,139,155,155,155,183,183,228,258,258,276,276,303,303,375,375,387,397,21,32,32,32,67,83,83,108,158,172,172,202,202,278,278,294,29,42,67,80,114,128,153,202,202,202,33,33,62,62,62,62,62,62,9,43,43],"floor_reached":57,"playtime":9512,"items_purged":["Strike_R","Clash"],"score":2886,"play_id":"1f36e20c-2180-4398-9fbe-51a3c86b334d","local_time":"20220923211828","score_breakdown":["Floors Climbed (57): 285","Enemies Slain (14): 28","Exordium Elites Killed (3): 30","City Elites Killed (3): 60","Beyond Elites Killed (3): 90","Bosses Slain (5): 750","Stuffed: 50","Champion (1): 25","C-c-c-combo: 25","Ascension (20): 1293","Heartbreaker: 250"],"is_ascension_mode":true,"potions_obtained_alchemize":[[],[],[],[],[],[],[],[],[],[],[],[],[],[],[],[],[],[],[],[],[],[],[],[],[],[],[],[],[],[],[],[],[],[],[],[],[],[],[],[],[],[],[],[],[],[],[],[],[],[],[],[],[],[],[],[],[]],"campfire_choices":[{"data":"Carnage","floor":6,"key":"SMITH"},{"data":"Uppercut","floor":11,"key":"SMITH"},{"data":"Rage","floor":15,"key":"SMITH"},{"data":"Offering","floor":23,"key":"SMITH"},{"data":"Battle Trance","floor":30,"key":"SMITH"},{"data":"Impervious","floor":32,"key":"SMITH"},{"floor":44,"key":"RECALL"},{"floor":49,"key":"REST"},{"data":"Barricade","floor":53,"key":"SMITH"}],"lesson_learned_per_floor":[[],[],[],[],[],[],[],[],[],[],[],[],[],[],[],[],[],[],[],[],[],[],[],[],[],[],[],[],[],[],[],[],[],[],[],[],[],[],[],[],[],[],[],[],[],[],[],[],[],[],[],[],[],[],[],[],[]],"neow_cost":"NONE","improvable_cards":{},"seed_source_timestamp":160668196757000,"shop_contents":[{"floor":20,"relics":["StrikeDummy","Tiny Chest"],"cards":["Clothesline","Blood for Blood","Warcry","Spot Weakness","Blind","Sadistic Nature"],"potions":["BlessingOfTheForge","ColorlessPotion"]},{"floor":36,"relics":["MealTicket","Bag of Preparation"],"cards":["Iron Wave","Clash","Armaments","Spot Weakness","Fire Breathing","Jack Of All Trades","Panache"],"potions":["SpeedPotion","DuplicationPotion","AttackPotion"]},{"floor":46,"relics":["Akabeko","Pen Nib"],"cards":["Sword Boomerang","Uppercut","Bloodletting","Seeing Red","Combust","Finesse","Thinking Ahead"],"potions":["PowerPotion","Explosive Potion","Dexterity Potion"]},{"floor":54,"relics":["Bag of Marbles","Mummified Hand","Toolbox"],"cards":["Perfected Strike","Dropkick","Armaments","Flex","Dark Embrace","PanicButton","Panache"],"potions":["DuplicationPotion","Fire Potion"]}],"circlet_count":0,"master_deck":["AscendersBane","Bash","Carnage+1","Uppercut+1","Spot Weakness","Evolve","Feed","Battle Trance+1","Rage+1","Dropkick+1","Offering+1","Whirlwind+1","Feel No Pain","Ghostly Armor+1","Impervious+1","Brutality","Barricade+1","Ghostly Armor","Havoc","Warcry","Anger+1","Reckless Charge","Feel No Pain","Shockwave","Shrug It Off+1","Burning Pact","Dark Embrace+1","Seeing Red+1","Pommel Strike+1","Second Wind","Havoc","Havoc+1"],"potion_use_per_floor":[[],[],[],[],[],[],["AttackPotion"],[],[],["SkillPotion"],[],[],[],[],[],[],[],["SkillPotion"],[],[],[],[],[],[],[],[],[],[],[],[],["Block Potion"],[],["Energy Potion"],[],[],[],[],["Swift Potion"],[],["EssenceOfSteel"],[],["Regen Potion"],[],[],[],[],[],[],[],[],[],[],[],[],[],["PowerPotion","HeartOfIron","GamblersBrew"],[]],"relics":["Burning Blood","Lantern","Toy Ornithopter","Potion Belt","Letter Opener","Red Skull","Philosopher\u0027s Stone","Medical Kit","PreservedInsect","Kunai","Bronze Scales","Centennial Puzzle","Pandora\u0027s Box","Frozen Eye","Champion Belt","Calipers","Whetstone","Boot","Orrery","Orichalcum","Blood Vial"],"potions_floor_usage":[7,10,18,31,33,38,40,42,56,56,56],"damage_taken":[{"damage":2,"enemies":"Cultist","floor":1,"turns":2},{"damage":2,"enemies":"Small Slimes","floor":2,"turns":2},{"damage":4,"enemies":"Jaw Worm","floor":3,"turns":4},{"damage":2,"enemies":"Large Slime","floor":4,"turns":4},{"damage":8,"enemies":"Gremlin Nob","floor":7,"turns":3},{"damage":27,"enemies":"Lagavulin","floor":10,"turns":5},{"damage":2,"enemies":"3 Louse","floor":12,"turns":3},{"damage":7,"enemies":"Gremlin Nob","floor":14,"turns":3},{"damage":22,"enemies":"The Guardian","floor":16,"turns":7},{"damage":20,"enemies":"Shell Parasite","floor":18,"turns":5},{"damage":6,"enemies":"3 Byrds","floor":19,"turns":2},{"damage":30,"enemies":"Centurion and Healer","floor":21,"turns":6},{"damage":24,"enemies":"Book of Stabbing","floor":24,"turns":4},{"damage":0,"enemies":"Snake Plant","floor":25,"turns":2},{"damage":19,"enemies":"Gremlin Leader","floor":27,"turns":5},{"damage":9,"enemies":"Shelled Parasite and Fungi","floor":29,"turns":2},{"damage":6,"enemies":"Book of Stabbing","floor":31,"turns":3},{"damage":67,"enemies":"Automaton","floor":33,"turns":10},{"damage":10,"enemies":"Orb Walker","floor":35,"turns":2},{"damage":13,"enemies":"3 Darklings","floor":37,"turns":5},{"damage":26,"enemies":"Mind Bloom Boss Battle","floor":38,"turns":10},{"damage":6,"enemies":"Jaw Worm Horde","floor":39,"turns":3},{"damage":13,"enemies":"Nemesis","floor":40,"turns":7},{"damage":18,"enemies":"Transient","floor":41,"turns":6},{"damage":15,"enemies":"Giant Head","floor":42,"turns":6},{"damage":28,"enemies":"Reptomancer","floor":48,"turns":6},{"damage":17,"enemies":"Awakened One","floor":50,"turns":7},{"damage":24,"enemies":"Time Eater","floor":51,"turns":8},{"damage":27,"enemies":"Shield and Spear","floor":55,"turns":8},{"damage":33,"enemies":"The Heart","floor":56,"turns":6}],"green_key_taken_log":10,"seed_played":"5213498965223722456","neow_bonus_log":{"cardsObtained":["Hemokinesis"],"cardsUpgraded":[],"cardsRemoved":[],"cardsTransformed":["Strike_R"],"relicsObtained":[],"maxHpGained":0,"goldGained":0,"damageTaken":0,"goldLost":0,"maxHpLost":0},"potions_obtained":[{"floor":1,"key":"SkillPotion"},{"floor":2,"key":"FearPotion"},{"floor":4,"key":"AttackPotion"},{"floor":10,"key":"HeartOfIron"},{"floor":16,"key":"SkillPotion"},{"floor":18,"key":"HeartOfIron"},{"floor":25,"key":"Energy Potion"},{"floor":27,"key":"Block Potion"},{"floor":31,"key":"Swift Potion"},{"floor":33,"key":"EssenceOfSteel"},{"floor":40,"key":"Regen Potion"},{"floor":41,"key":"GamblersBrew"},{"floor":48,"key":"GamblersBrew"}],"is_trial":false,"path_per_floor":["M","M","M","M","?","R","E","?","T","E","R","M","T","E","R","B",null,"M","M","$","M","?","R","E","M","T","E","T","M","R","E","R","B",null,"M","$","M","?","M","E","M","E","T","R","?","$","?","E","R","B","B",null,"R","$","E","B",null],"character_chosen":"IRONCLAD","items_purchased":["Medical Kit","Feel No Pain","Explosive Potion","Frozen Eye","Orrery","PowerPotion"],"campfire_rested":1,"item_purchase_floors":[20,20,20,36,46,54],"current_hp_per_floor":[72,75,75,75,75,75,73,73,73,57,57,64,64,63,63,47,70,64,67,67,46,87,87,72,78,78,68,68,65,65,73,73,20,79,78,78,74,62,65,66,54,68,68,68,68,68,68,46,79,71,53,99,99,99,81,71],"gold":43,"neow_bonus":"TRANSFORM_CARD","is_prod":false,"is_daily":false,"rewards_skipped":[{"floor":5,"relics":[],"potions":["Strength Potion","ColorlessPotion"]},{"floor":35,"relics":[],"potions":["SpeedPotion"]}],"chose_seed":false,"campfire_upgraded":7,"win_rate":0,"floor_exit_playtime":[278,304,397,460,474,498,702,816,826,969,985,1152,1160,1285,1291,1436,1713,1966,2031,2409,2681,2830,2839,3095,3144,3168,3357,3373,3482,3489,3611,3672,4296,4601,4775,4877,5309,5623,5867,6094,6364,6668,6699,6704,6712,7029,7085,7271,7276,7785,8176,8189,8348,8395,8868,9512],"timestamp":1663982308,"blue_key_relic_skipped_log":{"floor":28,"relicID":"Ancient Tea Set"},"path_taken":["M","?","M","M","?","R","E","?","T","E","R","M","?","E","R","BOSS","M","M","$","M","?","R","E","M","T","E","?","M","R","E","R","BOSS","M","$","M","?","?","E","M","E","T","R","?","$","?","E","R","BOSS","BOSS","R","$","E","BOSS"],"build_version":"2022-03-07","purchased_purges":2,"victory":true,"max_hp_per_floor":[75,75,75,75,75,75,75,75,75,75,75,78,78,78,78,78,78,81,84,84,87,87,87,90,90,90,93,93,93,93,96,96,99,99,102,102,105,108,111,114,114,117,117,117,117,117,111,111,111,114,114,114,114,114,117,117],"card_choices":[{"not_picked":["Rage","Headbutt"],"picked":"Carnage","floor":1},{"not_picked":["Cleave","Carnage"],"picked":"Uppercut","floor":2},{"not_picked":["Warcry","Blood for Blood"],"picked":"Spot Weakness","floor":3},{"not_picked":["Entrench","Rampage","Twin Strike"],"picked":"SKIP","floor":4},{"not_picked":["Perfected Strike","Twin Strike"],"picked":"Evolve","floor":7},{"not_picked":["Perfected Strike","Evolve"],"picked":"Battle Trance","floor":10},{"not_picked":["Clothesline","Wild Strike"],"picked":"Rage","floor":12},{"not_picked":["Sword Boomerang","Ghostly Armor"],"picked":"Dropkick","floor":14},{"not_picked":["Fiend Fire","Berserk"],"picked":"Offering","floor":16},{"not_picked":["Ghostly Armor+1","True Grit"],"picked":"Whirlwind+1","floor":18},{"not_picked":["Anger","True Grit","Whirlwind"],"picked":"SKIP","floor":19},{"not_picked":["Headbutt","Heavy Blade+1"],"picked":"Ghostly Armor+1","floor":21},{"not_picked":["Pommel Strike","Havoc","Hemokinesis"],"picked":"SKIP","floor":24},{"not_picked":["Havoc","Combust+1","Anger"],"picked":"SKIP","floor":25},{"not_picked":["Searing Blow","Berserk","Armaments"],"picked":"SKIP","floor":27},{"not_picked":["Searing Blow","Berserk","Armaments"],"picked":"SKIP","floor":27},{"not_picked":["Metallicize","Warcry","Clash"],"picked":"SKIP","floor":29},{"not_picked":["Second Wind","Shrug It Off"],"picked":"Impervious","floor":31},{"not_picked":["Limit Break","Feed"],"picked":"Brutality","floor":33},{"not_picked":["Havoc+1","Cleave"],"picked":"Feel No Pain","floor":35},{"not_picked":["Pommel Strike","Iron Wave","Ghostly Armor"],"picked":"SKIP","floor":37},{"not_picked":["Shrug It Off","Metallicize+1"],"picked":"Shockwave","floor":38},{"not_picked":["Infernal Blade","Heavy Blade","Clash+1"],"picked":"SKIP","floor":39},{"not_picked":["Infernal Blade","Heavy Blade","Clash+1"],"picked":"SKIP","floor":39},{"not_picked":["Limit Break","Double Tap"],"picked":"Shrug It Off+1","floor":40},{"not_picked":["Twin Strike","Pommel Strike","Thunderclap"],"picked":"SKIP","floor":41},{"not_picked":["Bloodletting","Armaments+1"],"picked":"Burning Pact","floor":42},{"not_picked":["Combust","Warcry"],"picked":"Dark Embrace+1","floor":46},{"not_picked":["Ghostly Armor","Thunderclap"],"picked":"Seeing Red+1","floor":46},{"not_picked":["True Grit+1","Searing Blow+1"],"picked":"Pommel Strike+1","floor":46},{"not_picked":["Thunderclap+1","Perfected Strike"],"picked":"Second Wind","floor":46},{"not_picked":["Iron Wave","Thunderclap","Combust"],"picked":"SKIP","floor":46},{"not_picked":["Pummel","Rampage"],"picked":"Havoc","floor":48},{"not_picked":["Battle Trance","Flex"],"picked":"Havoc+1","floor":55}],"player_experience":110669,"relics_obtained":[{"floor":7,"key":"Lantern"},{"floor":9,"key":"Toy Ornithopter"},{"floor":10,"key":"Potion Belt"},{"floor":13,"key":"Letter Opener"},{"floor":14,"key":"Red Skull"},{"floor":24,"key":"PreservedInsect"},{"floor":26,"key":"Kunai"},{"floor":27,"key":"Bronze Scales"},{"floor":31,"key":"Centennial Puzzle"},{"floor":38,"key":"Champion Belt"},{"floor":40,"key":"Calipers"},{"floor":42,"key":"Whetstone"},{"floor":43,"key":"Boot"},{"floor":48,"key":"Orichalcum"},{"floor":55,"key":"Blood Vial"}],"event_choices":[{"damage_healed":0,"gold_gain":0,"player_choice":"Got Potions","damage_taken":0,"max_hp_gain":0,"max_hp_loss":0,"event_name":"Lab","floor":5,"gold_loss":0},{"damage_healed":0,"gold_gain":0,"player_choice":"1 cards matched","damage_taken":0,"max_hp_gain":0,"max_hp_loss":0,"event_name":"Match and Keep!","floor":8,"gold_loss":0,"cards_obtained":["Feed"]},{"damage_healed":0,"gold_gain":0,"player_choice":"1 cards matched","damage_taken":0,"max_hp_gain":0,"max_hp_loss":0,"event_name":"Match and Keep!","floor":8,"gold_loss":0,"cards_obtained":["Feed"]},{"damage_healed":0,"gold_gain":0,"player_choice":"1 cards matched","damage_taken":0,"max_hp_gain":0,"max_hp_loss":0,"event_name":"Match and Keep!","floor":8,"gold_loss":0,"cards_obtained":["Feed"]},{"cards_removed":["Hemokinesis"],"damage_healed":41,"gold_gain":0,"player_choice":"Offered Uncommon","damage_taken":0,"max_hp_gain":0,"max_hp_loss":0,"event_name":"Bonfire Elementals","floor":22,"gold_loss":0},{"damage_healed":0,"gold_gain":0,"player_choice":"Fight","damage_taken":0,"max_hp_gain":0,"max_hp_loss":0,"event_name":"MindBloom","floor":38,"gold_loss":0},{"damage_healed":0,"gold_gain":0,"player_choice":"Ignored","damage_taken":0,"max_hp_gain":0,"max_hp_loss":0,"event_name":"Tomb of Lord Red Mask","floor":45,"gold_loss":0},{"damage_healed":0,"gold_gain":0,"player_choice":"Max HP","damage_taken":0,"max_hp_gain":0,"max_hp_loss":6,"event_name":"Winding Halls","floor":47,"gold_loss":0}],"is_beta":false,"boss_relics":[{"not_picked":["Cursed Key","Black Star"],"picked":"Philosopher\u0027s Stone"},{"not_picked":["Runic Cube","Calling Bell"],"picked":"Pandora\u0027s Box"}],"items_purged_floors":[20,36],"is_endless":false,"potions_floor_spawned":[1,2,4,10,16,18,25,27,31,33,35,40,41,48],"ascension_level":20,"potion_discard_per_floor":[[],[],[],["FearPotion"],[],[],[],[],[],[],[],[],[],[],[],[],[],[],[],[],[],[],[],[],[],[],["Explosive Potion"],[],[],[],[],[],[],[],[],[],[],[],[],[],[],[],[],[],[],[],[],[],[],[],[],[],[],["HeartOfIron"],[],[],[]]}