{"neow_bonuses_skipped_log":["HUNDRED_GOLD","TWENTY_PERCENT_HP_BONUS","BOSS_RELIC"],"neow_costs_skipped_log":["NONE","PERCENT_DAMAGE","NONE"],"potions_obtained_entropic_brew":[[],[],[],[],[],[],[],[],[],[],[],[],[],[],[],[],[],[],[],[],[],[],[],[],[],[],[],[],[],[],[],[],[],[],[],[],[],[],[],[],[],[],[],[],[],[],[],[],[],[],[],[],[],[],[],[],[]],"gold_per_floor":[111,127,127,127,146,176,176,210,210,135,162,57,71,85,85,156,156,169,84,100,110,110,143,158,189,243,287,299,311,348,374,386,475,487,513,550,562,589,618,670,682,746,758,798,842,275,302,302,302,302,302,302,302,21,48,48],"floor_reached":57,"playtime":9937,"items_purged":["Strike_R","Strike_R","Strike_R"],"score":3301,"play_id":"6056bf6f-66b4-4af3-9127-8d9b59725a9b","local_time":"20220923183437","score_breakdown":["Floors Climbed (57): 285","Enemies Slain (14): 28","Exordium Elites Killed (3): 30","City Elites Killed (4): 80","Beyond Elites Killed (3): 90","Bosses Slain (5): 750","Money Money (1210): 25","Champion (6): 150","Perfect (1): 50","Overkill: 25","C-c-c-combo: 25","Ascension (20): 1513","Heartbreaker: 250"],"is_ascension_mode":true,"potions_obtained_alchemize":[[],[],[],[],[],[],[],[],[],[],[],[],[],[],[],[],[],[],[],[],[],[],[],[],[],[],[],[],[],[],[],[],[],[],[],[],[],[],[],[],[],[],[],[],[],[],[],[],[],[],[],[],[],[],[],[],[]],"campfire_choices":[{"data":"Pommel Strike","floor":7,"key":"SMITH"},{"data":"Immolate","floor":15,"key":"SMITH"},{"data":"Body Slam","floor":28,"key":"SMITH"},{"data":"Pommel Strike","floor":32,"key":"SMITH"},{"floor":41,"key":"RECALL"},{"data":"Bloodletting","floor":49,"key":"SMITH"},{"data":"Corruption","floor":53,"key":"SMITH"}],"lesson_learned_per_floor":[[],[],[],[],[],[],[],[],[],[],[],[],[],[],[],[],[],[],[],[],[],[],[],[],[],[],[],[],[],[],[],[],[],[],[],[],[],[],[],[],[],[],[],[],[],[],[],[],[],[],[],[],[],[],[],[],[]],"neow_cost":"NONE","improvable_cards":{},"seed_source_timestamp":150373231261200,"shop_contents":[{"floor":12,"relics":["White Beast Statue","Juzu Bracelet","TheAbacus"],"cards":["Body Slam","Pommel Strike","Flame Barrier","Demon Form","Purity","Panache"],"potions":["Block Potion","SmokeBomb","Energy Potion"]},{"floor":46,"relics":["Unceasing Top","Girya"],"cards":["Sever Soul","Searing Blow","Combust","Mind Blast"],"potions":["SteroidPotion","Swift Potion","GamblersBrew"]},{"floor":54,"relics":["CaptainsWheel","Oddly Smooth Stone","ClockworkSouvenir"],"cards":["Uppercut","Reckless Charge","Havoc","Warcry","Deep Breath","Thinking Ahead"],"potions":["FearPotion","LiquidMemories"]}],"circlet_count":0,"master_deck":["AscendersBane","Defend_R","Defend_R","Defend_R","Defend_R","Bash+1","Pommel Strike+1","Ghostly Armor","Bludgeon+1","Seeing Red+1","Shrug It Off+1","Immolate+1","Seeing Red","Shrug It Off","Body Slam+1","Feel No Pain","Corruption+1","Bloodletting+1","Pommel Strike+1","Ghostly","Ghostly","Ghostly","Burning Pact+1","Impervious","True Grit+1","Warcry+1","Evolve","Evolve","Impervious","Second Wind","Secret Technique","Dark Embrace"],"potion_use_per_floor":[[],[],[],[],[],[],[],["Explosive Potion"],[],[],[],[],[],[],[],[],[],[],[],[],[],[],["ColorlessPotion"],[],[],[],["Swift Potion"],[],[],[],[],[],[],[],[],[],[],[],[],[],[],[],[],[],[],[],["Fruit Juice"],[],[],[],[],[],[],[],[],["Dexterity Potion","Regen Potion"],[]],"relics":["Burning Blood","Centennial Puzzle","War Paint","Shuriken","Kunai","SacredBark","Sundial","Regal Pillow","Akabeko","MawBank","PreservedInsect","FossilizedHelix","Runic Cube","Lizard Tail","CeramicFish","Prayer Wheel","Thread and Needle","Strange Spoon","StoneCalendar","Champion Belt"],"potions_floor_usage":[8,23,27,47,56,56],"damage_taken":[{"damage":14,"enemies":"Small Slimes","floor":1,"turns":6},{"damage":1,"enemies":"Cultist","floor":2,"turns":3},{"damage":7,"enemies":"Jaw Worm","floor":5,"turns":4},{"damage":1,"enemies":"Gremlin Nob","floor":6,"turns":3},{"damage":15,"enemies":"3 Sentries","floor":8,"turns":5},{"damage":11,"enemies":"Gremlin Nob","floor":11,"turns":3},{"damage":1,"enemies":"Looter","floor":13,"turns":3},{"damage":3,"enemies":"Blue Slaver","floor":14,"turns":3},{"damage":39,"enemies":"Slime Boss","floor":16,"turns":7},{"damage":1,"enemies":"2 Thieves","floor":18,"turns":3},{"damage":15,"enemies":"Chosen","floor":20,"turns":3},{"damage":18,"enemies":"Snake Plant","floor":21,"turns":4},{"damage":1,"enemies":"Book of Stabbing","floor":23,"turns":5},{"damage":1,"enemies":"Snecko","floor":24,"turns":5},{"damage":1,"enemies":"Gremlin Leader","floor":25,"turns":6},{"damage":3,"enemies":"Slavers","floor":27,"turns":4},{"damage":4,"enemies":"Gremlin Leader","floor":30,"turns":6},{"damage":1,"enemies":"Sentry and Sphere","floor":31,"turns":4},{"damage":4,"enemies":"Champ","floor":33,"turns":5},{"damage":10,"enemies":"3 Darklings","floor":35,"turns":4},{"damage":3,"enemies":"Mind Bloom Boss Battle","floor":36,"turns":7},{"damage":0,"enemies":"3 Shapes","floor":38,"turns":5},{"damage":4,"enemies":"Transient","floor":39,"turns":6},{"damage":3,"enemies":"Nemesis","floor":40,"turns":5},{"damage":15,"enemies":"2 Orb Walkers","floor":42,"turns":6},{"damage":10,"enemies":"Writhing Mass","floor":44,"turns":5},{"damage":3,"enemies":"Giant Head","floor":45,"turns":6},{"damage":3,"enemies":"Reptomancer","floor":47,"turns":6},{"damage":10,"enemies":"Time Eater","floor":50,"turns":12},{"damage":2,"enemies":"Donu and Deca","floor":51,"turns":9},{"damage":2,"enemies":"Shield and Spear","floor":55,"turns":4},{"damage":22,"enemies":"The Heart","floor":56,"turns":6}],"green_key_taken_log":40,"seed_played":"-737131902565781839","neow_bonus_log":{"cardsObtained":[],"cardsUpgraded":["Bash"],"cardsRemoved":[],"cardsTransformed":[],"relicsObtained":[],"maxHpGained":0,"goldGained":0,"damageTaken":0,"goldLost":0,"maxHpLost":0},"potions_obtained":[{"floor":1,"key":"Explosive Potion"},{"floor":2,"key":"GamblersBrew"},{"floor":11,"key":"ColorlessPotion"},{"floor":18,"key":"FearPotion"},{"floor":21,"key":"Swift Potion"},{"floor":25,"key":"Dexterity Potion"},{"floor":35,"key":"Block Potion"},{"floor":42,"key":"Fruit Juice"},{"floor":47,"key":"Explosive Potion"}],"is_trial":false,"path_per_floor":["M","M","?","?","M","E","R","E","T","?","E","$","M","M","R","B",null,"M","?","M","M","?","E","M","E","T","E","R","?","E","M","R","B",null,"M","?","?","M","M","E","R","?","T","M","E","$","E","?","R","B","B",null,"R","$","E","B",null],"character_chosen":"IRONCLAD","items_purchased":["Shrug It Off","Impervious","Second Wind","Strange Spoon","Secret Technique","Dark Embrace","Regen Potion"],"campfire_rested":0,"item_purchase_floors":[12,46,46,46,46,54,54],"current_hp_per_floor":[60,65,65,65,64,69,69,60,60,60,55,55,60,63,63,30,64,69,69,60,48,37,37,37,37,37,37,37,37,37,37,37,37,37,33,36,36,37,37,37,37,28,28,24,27,27,40,40,40,36,40,45,45,45,47,47],"gold":48,"neow_bonus":"UPGRADE_CARD","is_prod":false,"is_daily":false,"rewards_skipped":[{"floor":40,"relics":[],"potions":["SpeedPotion"]},{"floor":55,"relics":[],"potions":["Block Potion"]}],"chose_seed":false,"campfire_upgraded":6,"win_rate":0,"floor_exit_playtime":[697,814,882,1058,1358,1505,1552,1866,1964,2006,2180,2368,2496,2539,2544,2844,3302,3475,3535,3628,3729,3743,3937,4015,4122,4173,4290,4310,4325,4453,4520,4539,4732,4882,5228,5610,5640,5777,5909,6291,6296,6555,6561,6801,7014,7753,7951,7955,8029,8610,8916,8930,8951,9152,9355,9937],"timestamp":1663972477,"blue_key_relic_skipped_log":{"floor":43,"relicID":"Ancient Tea Set"},"path_taken":["M","M","?","?","M","E","R","E","T","?","E","?","M","M","R","BOSS","M","?","M","?","?","E","M","E","T","E","R","?","E","M","R","BOSS","M","?","?","M","M","E","R","?","T","?","E","$","E","?","R","BOSS","BOSS","R","$","E","BOSS"],"build_version":"2022-03-07","purchased_purges":3,"victory":true,"max_hp_per_floor":[75,75,75,75,75,75,75,75,75,75,75,75,75,75,75,75,75,75,75,75,75,37,37,37,37,37,37,37,37,37,37,37,37,37,37,37,37,37,37,37,37,37,37,37,37,37,47,47,47,47,47,47,47,47,47,47],"card_choices":[{"not_picked":["Armaments","Clash"],"picked":"Pommel Strike","floor":1},{"not_picked":["Dark Embrace","Pommel Strike"],"picked":"Ghostly Armor","floor":2},{"not_picked":["Dark Embrace","Anger"],"picked":"Seeing Red","floor":5},{"not_picked":["Perfected Strike","Pommel Strike"],"picked":"Shrug It Off","floor":6},{"not_picked":["Perfected Strike","Twin Strike"],"picked":"Immolate","floor":8},{"not_picked":["Entrench","Pummel"],"picked":"Seeing Red","floor":11},{"not_picked":["Perfected Strike","Metallicize"],"picked":"Body Slam","floor":13},{"not_picked":["Pommel Strike","Inflame"],"picked":"Feel No Pain","floor":14},{"not_picked":["Fiend Fire","Exhume"],"picked":"Corruption","floor":16},{"not_picked":["Iron Wave","Body Slam"],"picked":"Bloodletting","floor":18},{"not_picked":["Thunderclap","Headbutt"],"picked":"Pommel Strike","floor":20},{"not_picked":["Reckless Charge","Pummel","Armaments"],"picked":"SKIP","floor":21},{"not_picked":["Anger","Perfected Strike","Infernal Blade"],"picked":"SKIP","floor":23},{"not_picked":["Heavy Blade","Seeing Red","Fire Breathing"],"picked":"SKIP","floor":24},{"not_picked":["Sword Boomerang","Anger","Clothesline"],"picked":"SKIP","floor":25},{"not_picked":["Pommel Strike","Headbutt","Dropkick"],"picked":"SKIP","floor":27},{"not_picked":["Anger+1","True Grit"],"picked":"Burning Pact+1","floor":30},{"not_picked":["Sword Boomerang+1","Clash","Havoc"],"picked":"SKIP","floor":31},{"not_picked":["Bludgeon","Demon Form"],"picked":"Impervious","floor":33},{"not_picked":["Twin Strike","Battle Trance"],"picked":"True Grit+1","floor":35},{"not_picked":["Body Slam+1","Dropkick","Pummel+1"],"picked":"SKIP","floor":36},{"not_picked":["Cleave","Flex","Clash"],"picked":"SKIP","floor":38},{"not_picked":["Twin Strike","Blood for Blood"],"picked":"Warcry+1","floor":39},{"not_picked":["True Grit","Bludgeon"],"picked":"Evolve","floor":40},{"not_picked":["Rage","Thunderclap","Warcry"],"picked":"SKIP","floor":42},{"not_picked":["Intimidate","Clash"],"picked":"Evolve","floor":44},{"not_picked":["Thunderclap+1","Sword Boomerang+1","Clash"],"picked":"SKIP","floor":44},{"not_picked":["Pummel","Clothesline","Heavy Blade"],"picked":"SKIP","floor":45},{"not_picked":["Perfected Strike","Thunderclap","Limit Break"],"picked":"SKIP","floor":47},{"not_picked":["Infernal Blade","Reaper","Armaments"],"picked":"SKIP","floor":55}],"player_experience":100732,"relics_obtained":[{"floor":6,"key":"Centennial Puzzle"},{"floor":8,"key":"War Paint"},{"floor":9,"key":"Shuriken"},{"floor":11,"key":"Kunai"},{"floor":23,"key":"Regal Pillow"},{"floor":25,"key":"Akabeko"},{"floor":26,"key":"MawBank"},{"floor":27,"key":"PreservedInsect"},{"floor":30,"key":"FossilizedHelix"},{"floor":36,"key":"Lizard Tail"},{"floor":40,"key":"CeramicFish"},{"floor":42,"key":"Prayer Wheel"},{"floor":45,"key":"Thread and Needle"},{"floor":47,"key":"StoneCalendar"},{"floor":55,"key":"Champion Belt"}],"event_choices":[{"damage_healed":0,"gold_gain":0,"cards_transformed":["Strike_R"],"player_choice":"Change","damage_taken":0,"max_hp_gain":0,"max_hp_loss":0,"event_name":"Living Wall","floor":3,"gold_loss":0,"cards_obtained":["Bludgeon"]},{"damage_healed":0,"gold_gain":0,"player_choice":"Forge","damage_taken":0,"max_hp_gain":0,"max_hp_loss":0,"event_name":"Accursed Blacksmith","floor":4,"gold_loss":0,"cards_upgraded":["Bludgeon"]},{"cards_removed":["Strike_R"],"damage_healed":0,"gold_gain":0,"player_choice":"Card Removal","damage_taken":0,"max_hp_gain":0,"max_hp_loss":0,"event_name":"The Cleric","floor":10,"gold_loss":75},{"damage_healed":0,"gold_gain":0,"player_choice":"Obtained Relic","damage_taken":0,"relics_obtained":["Sundial"],"max_hp_gain":0,"max_hp_loss":0,"event_name":"Addict","floor":19,"gold_loss":85},{"damage_healed":0,"gold_gain":0,"player_choice":"Became a Ghost","damage_taken":0,"max_hp_gain":0,"max_hp_loss":38,"event_name":"Ghosts","floor":22,"gold_loss":0,"cards_obtained":["Ghostly","Ghostly","Ghostly"]},{"damage_healed":0,"gold_gain":0,"player_choice":"Ignored","damage_taken":0,"max_hp_gain":0,"max_hp_loss":0,"event_name":"The Mausoleum","floor":29,"gold_loss":0},{"damage_healed":0,"gold_gain":0,"player_choice":"Fight","damage_taken":0,"max_hp_gain":0,"max_hp_loss":0,"event_name":"MindBloom","floor":36,"gold_loss":0},{"damage_healed":0,"gold_gain":0,"player_choice":"0 cards matched","damage_taken":0,"max_hp_gain":0,"max_hp_loss":0,"event_name":"Match and Keep!","floor":37,"gold_loss":0,"cards_obtained":[]},{"damage_healed":0,"gold_gain":0,"player_choice":"Fight","damage_taken":0,"max_hp_gain":0,"max_hp_loss":0,"event_name":"Mysterious Sphere","floor":42,"gold_loss":0},{"damage_healed":0,"gold_gain":0,"player_choice":"Ignored","damage_taken":0,"max_hp_gain":0,"max_hp_loss":0,"event_name":"Tomb of Lord Red Mask","floor":48,"gold_loss":0}],"is_beta":false,"boss_relics":[{"not_picked":["Busted Crown","Black Blood"],"picked":"SacredBark"},{"not_picked":["Empty Cage","Velvet Choker"],"picked":"Runic Cube"}],"items_purged_floors":[12,46,54],"is_endless":false,"potions_floor_spawned":[1,2,11,18,21,25,35,40,42,47,55],"ascension_level":20,"potion_discard_per_floor":[[],[],[],[],[],[],[],[],[],[],[],[],[],[],[],[],[],["GamblersBrew"],[],[],["FearPotion"],[],[],[],[],[],[],[],[],[],[],[],[],[],[],[],[],[],[],[],[],["Block Potion"],[],[],[],[],[],[],[],[],[],[],[],["Explosive Potion"],[],[],[]]}