{"neow_bonuses_skipped_log":["THREE_SMALL_POTIONS","TRANSFORM_TWO_CARDS","BOSS_RELIC"],"potions_obtained_entropic_brew":[[],[],[],[],[],[],[],[],[],[],[],[],[],[],[],[]],"neow_costs_skipped_log":["NONE","CURSE","NONE"],"gold_per_floor":[118,128,0,16,31,59,59,75,130,142,160,185,185,202,202,202],"floor_reached":16,"playtime":2068,"items_purged":[],"score":232,"play_id":"815dbf29-b065-4029-9ba7-506f88e131ec","local_time":"20220920055125","score_breakdown":["Floors Climbed (16): 80","Enemies Slain (8): 16","Exordium Elites Killed (2): 20","Bosses Slain (0): 0","Ascension (20): 116"],"is_ascension_mode":true,"potions_obtained_alchemize":[[],[],[],[],[],[],[],[],[],[],[],[],[],[],[],[]],"campfire_choices":[{"data":"Immolate","floor":7.0,"key":"SMITH"},{"data":"Carnage","floor":13.0,"key":"SMITH"},{"data":"Bash","floor":15.0,"key":"SMITH"}],"lesson_learned_per_floor":[[],[],[],[],[],[],[],[],[],[],[],[],[],[],[],[]],"neow_cost":"NONE","improvable_cards":{},"seed_source_timestamp":230699001060400,"shop_contents":[{"floor":3,"relics":["StrikeDummy","Akabeko","TheAbacus"],"cards":["Feed","Flex","True Grit","Rupture","Panacea","Secret Technique"],"potions":["SteroidPotion","GamblersBrew"]}],"circlet_count":0,"master_deck":["AscendersBane","Strike_R","Strike_R","Strike_R","Strike_R","Defend_R","Defend_R","Defend_R","Defend_R","Bash+1","Body Slam","Immolate+1","Carnage+1","Flame Barrier","Headbutt","Double Tap"],"special_seed":0,"potion_use_per_floor":[[],[],[],["FearPotion"],[],[],[],[],[],[],[],[],[],[],[],["PowerPotion","AttackPotion"]],"relics":["Burning Blood","Vajra","Regal Pillow","Bottled Lightning"],"potions_floor_usage":[16,16],"damage_taken":[{"damage":9.0,"enemies":"2 Louse","floor":1.0,"turns":3.0},{"damage":6.0,"enemies":"Cultist","floor":2.0,"turns":3.0},{"damage":12.0,"enemies":"Small Slimes","floor":4.0,"turns":3.0},{"damage":2.0,"enemies":"Looter","floor":5.0,"turns":4.0},{"damage":51.0,"enemies":"Lagavulin","floor":6.0,"turns":6.0},{"damage":0.0,"enemies":"2 Fungi Beasts","floor":8.0,"turns":1.0},{"damage":1.0,"enemies":"Exordium Wildlife","floor":10.0,"turns":3.0},{"damage":1.0,"enemies":"Looter","floor":11.0,"turns":3.0},{"damage":8.0,"enemies":"Gremlin Nob","floor":12.0,"turns":3.0},{"damage":11.0,"enemies":"3 Louse","floor":14.0,"turns":3.0},{"damage":30,"enemies":"Hexaghost","floor":16,"turns":4}],"seed_played":"2761243479956632459","neow_bonus_log":{"cardsObtained":["Body Slam"],"cardsUpgraded":[],"cardsRemoved":[],"cardsTransformed":["Strike_R"],"relicsObtained":[],"maxHpGained":0,"goldGained":0,"damageTaken":0,"goldLost":0,"maxHpLost":0},"potions_obtained":[{"floor":1.0,"key":"FearPotion"},{"floor":6.0,"key":"Explosive Potion"},{"floor":8.0,"key":"SkillPotion"},{"floor":12.0,"key":"AttackPotion"}],"is_trial":false,"path_per_floor":["M","M","$","M","M","E","R","M","T","M","M","E","R","M","R","B"],"character_chosen":"IRONCLAD","items_purchased":["Immolate","PowerPotion"],"campfire_rested":0,"item_purchase_floors":[3,3],"current_hp_per_floor":[65,65,65,59,63,18,18,24,24,29,34,32,32,27,27,0],"gold":202,"neow_bonus":"TRANSFORM_CARD","is_prod":false,"is_daily":false,"rewards_skipped":[{"floor":10,"relics":[],"potions":["GamblersBrew"]}],"chose_seed":false,"campfire_upgraded":3,"win_rate":0,"floor_exit_playtime":[426,621,659,789,1010,1222,1229,1309,1320,1436,1504,1620,1686,2016,2023],"timestamp":1663667485,"path_taken":["M","?","?","M","M","E","R","M","T","M","M","E","R","M","R","BOSS"],"build_version":"2022-03-07","purchased_purges":0,"victory":false,"max_hp_per_floor":[75,75,75,75,75,75,75,75,75,75,75,75,75,75,75,75],"card_choices":[{"not_picked":["Dark Embrace","Clash","Body Slam"],"picked":"SKIP","floor":1.0},{"not_picked":["Dropkick","Burning Pact","Clash"],"picked":"SKIP","floor":2.0},{"not_picked":["Combust","Cleave","Seeing Red"],"picked":"SKIP","floor":4.0},{"not_picked":["Dropkick","Burning Pact"],"picked":"Carnage","floor":5.0},{"not_picked":["Limit Break","Perfected Strike","Flex"],"picked":"SKIP","floor":6.0},{"not_picked":["Sword Boomerang","Body Slam"],"picked":"Flame Barrier","floor":8.0},{"not_picked":["Wild Strike","Sever Soul","Uppercut"],"picked":"SKIP","floor":10.0},{"not_picked":["Body Slam","Wild Strike"],"picked":"Headbutt","floor":11.0},{"not_picked":["Intimidate","Uppercut"],"picked":"Double Tap","floor":12.0},{"not_picked":["Flex","Armaments","Twin Strike"],"picked":"SKIP","floor":14.0}],"player_experience":84520,"relics_obtained":[{"floor":6.0,"key":"Vajra"},{"floor":9.0,"key":"Regal Pillow"},{"floor":12.0,"key":"Bottled Lightning"}],"event_choices":[],"is_beta":false,"boss_relics":[],"items_purged_floors":[],"is_endless":false,"potions_floor_spawned":[1,6,8,10,12],"killed_by":"Hexaghost","ascension_level":20,"potion_discard_per_floor":[[],[],[],[],[],[],[],["Explosive Potion"],[],[],[],["SkillPotion"],[],[],[],[]]}