{"neow_bonuses_skipped_log":["THREE_CARDS","TEN_PERCENT_HP_BONUS","BOSS_RELIC"],"neow_costs_skipped_log":["NONE","NONE","NONE"],"potions_obtained_entropic_brew":[[],[],[],[],[],[],[],[],[],[],[],[],[],[],[],[],[],[],[],[],[],[],[]],"gold_per_floor":[112,112,112,131,144,219,219,219,219,219,244,260,285,303,303,377,377,395,395,46,46,46,46],"floor_reached":23,"playtime":2331,"items_purged":["Strike_R"],"score":394,"play_id":"4d0d31d0-d568-4a06-a0d6-58cabd51815c","local_time":"20220917152213","score_breakdown":["Floors Climbed (23): 115","Enemies Slain (6): 12","Exordium Elites Killed (2): 20","City Elites Killed (0): 0","Bosses Slain (1): 50","Ascension (20): 197"],"is_ascension_mode":true,"potions_obtained_alchemize":[[],[],[],[],[],[],[],[],[],[],[],[],[],[],[],[],[],[],[],[],[],[],[]],"campfire_choices":[{"data":"Uppercut","floor":8,"key":"SMITH"},{"floor":10,"key":"REST"},{"floor":15,"key":"REST"}],"lesson_learned_per_floor":[[],[],[],[],[],[],[],[],[],[],[],[],[],[],[],[],[],[],[],[],[],[],[]],"neow_cost":"PERCENT_DAMAGE","seed_source_timestamp":6034779300400,"shop_contents":[{"floor":20,"relics":["Juzu Bracelet","Dream Catcher"],"cards":["Perfected Strike","Havoc","Seeing Red","Jack Of All Trades","Magnetism"],"potions":["Dexterity Potion","ColorlessPotion","FearPotion"]}],"circlet_count":0,"master_deck":["AscendersBane","Strike_R+1","Strike_R+1","Defend_R","Defend_R","Defend_R","Defend_R","Bash","Mayhem","Cleave","Inflame","Uppercut+1","Feed","Flame Barrier","Double Tap","Corruption","Sever Soul+1","Dark Embrace","Feel No Pain","Body Slam","Ghostly","Ghostly","Ghostly"],"potion_use_per_floor":[[],[],[],[],[],[],[],[],[],[],["Explosive Potion"],[],["Block Potion"],[],[],[],[],["Ancient Potion"],[],[],[],[],["SteroidPotion","ElixirPotion"]],"relics":["Burning Blood","Eternal Feather","Singing Bowl","Smiling Mask","Art of War","Coffee Dripper","ClockworkSouvenir"],"potions_floor_usage":[11,13,18,23,23],"damage_taken":[{"damage":7,"enemies":"Cultist","floor":1,"turns":4},{"damage":4,"enemies":"Jaw Worm","floor":4,"turns":4},{"damage":5,"enemies":"2 Louse","floor":5,"turns":3},{"damage":35,"enemies":"3 Sentries","floor":11,"turns":8},{"damage":6,"enemies":"2 Fungi Beasts","floor":12,"turns":3},{"damage":12,"enemies":"Gremlin Nob","floor":13,"turns":4},{"damage":4,"enemies":"Red Slaver","floor":14,"turns":3},{"damage":23,"enemies":"Slime Boss","floor":16,"turns":10},{"damage":7,"enemies":"Spheric Guardian","floor":18,"turns":4},{"damage":52,"enemies":"Slavers","floor":23,"turns":3}],"seed_played":"2937682075941058645","neow_bonus_log":{"cardsObtained":[],"cardsUpgraded":[],"cardsRemoved":[],"cardsTransformed":[],"relicsObtained":[],"maxHpGained":0,"goldGained":0,"damageTaken":18,"goldLost":0,"maxHpLost":0},"potions_obtained":[{"floor":4,"key":"Explosive Potion"},{"floor":5,"key":"ElixirPotion"},{"floor":11,"key":"Block Potion"},{"floor":14,"key":"Ancient Potion"},{"floor":18,"key":"SteroidPotion"}],"is_trial":false,"path_per_floor":["M","?","T","M","M","?","?","R","T","R","E","M","E","M","R","B",null,"M","?","$","?","?","E"],"character_chosen":"IRONCLAD","items_purchased":["Feel No Pain","ClockworkSouvenir","Body Slam"],"campfire_rested":2,"item_purchase_floors":[20,20,20],"current_hp_per_floor":[49,26,26,28,29,18,11,17,17,45,16,19,13,20,53,39,74,73,73,73,43,43,0],"gold":46,"neow_bonus":"RANDOM_COLORLESS_2","is_prod":false,"is_daily":false,"rewards_skipped":[],"chose_seed":false,"campfire_upgraded":1,"win_rate":0,"floor_exit_playtime":[414,425,431,489,546,561,632,651,658,671,829,967,1097,1192,1237,1530,1765,1983,2019,2118,2161,2175],"timestamp":1663442533,"path_taken":["M","?","?","M","M","?","?","R","T","R","E","M","E","M","R","BOSS","M","?","$","?","?","E"],"build_version":"2022-03-07","purchased_purges":1,"victory":false,"max_hp_per_floor":[75,75,75,75,75,75,75,75,75,75,75,78,78,83,83,86,86,86,86,86,43,43,43],"card_choices":[{"not_picked":["Secret Technique","Panache"],"picked":"Mayhem","floor":0},{"not_picked":["Wild Strike","Clash"],"picked":"Cleave","floor":1},{"not_picked":["Iron Wave","Dual Wield"],"picked":"Inflame","floor":4},{"not_picked":["Sword Boomerang","Reckless Charge"],"picked":"Uppercut","floor":5},{"not_picked":["Pommel Strike","Cleave"],"picked":"Feed","floor":11},{"not_picked":["Perfected Strike","Twin Strike"],"picked":"Flame Barrier","floor":12},{"not_picked":["Searing Blow","Body Slam"],"picked":"Double Tap","floor":13},{"not_picked":["Pommel Strike","Reckless Charge","Thunderclap"],"picked":"Singing Bowl","floor":14},{"not_picked":["Exhume","Limit Break"],"picked":"Corruption","floor":16},{"not_picked":["Clothesline","Twin Strike"],"picked":"Sever Soul+1","floor":18}],"player_experience":67799,"relics_obtained":[{"floor":3,"key":"Eternal Feather"},{"floor":9,"key":"Singing Bowl"},{"floor":11,"key":"Smiling Mask"},{"floor":13,"key":"Art of War"}],"event_choices":[{"damage_healed":0,"gold_gain":0,"player_choice":"Entered Light","damage_taken":23,"max_hp_gain":0,"max_hp_loss":0,"event_name":"Shining Light","floor":2,"gold_loss":0,"cards_upgraded":["Strike_R","Strike_R"]},{"damage_healed":0,"gold_gain":75,"player_choice":"Gather Gold","damage_taken":11,"max_hp_gain":0,"max_hp_loss":0,"event_name":"World of Goop","floor":6,"gold_loss":0},{"cards_removed":["Strike_R"],"damage_healed":0,"gold_gain":0,"player_choice":"Card Removal","damage_taken":7,"max_hp_gain":0,"max_hp_loss":0,"event_name":"Golden Wing","floor":7,"gold_loss":0},{"damage_healed":0,"gold_gain":0,"cards_transformed":["Strike_R"],"player_choice":"Transformed","damage_taken":0,"max_hp_gain":0,"max_hp_loss":0,"event_name":"Transmorgrifier","floor":19,"gold_loss":0,"cards_obtained":["Dark Embrace"]},{"damage_healed":0,"gold_gain":0,"player_choice":"Became a Ghost","damage_taken":0,"max_hp_gain":0,"max_hp_loss":43,"event_name":"Ghosts","floor":21,"gold_loss":0,"cards_obtained":["Ghostly","Ghostly","Ghostly"]}],"is_beta":false,"boss_relics":[{"not_picked":["Philosopher\u0027s Stone","Calling Bell"],"picked":"Coffee Dripper"}],"items_purged_floors":[20],"is_endless":false,"potions_floor_spawned":[4,5,11,14,18],"killed_by":"Slavers","ascension_level":20,"potion_discard_per_floor":[[],[],[],[],[],[],[],[],[],[],[],[],[],[],[],[],[],[],[],[],[],[],[]]}