{"neow_bonuses_skipped_log":["REMOVE_CARD","THREE_ENEMY_KILL","BOSS_RELIC"],"neow_costs_skipped_log":["NONE","NONE","NONE"],"potions_obtained_entropic_brew":[[],[],[],[],[],[],[],[],[],[],[],[],[],[],[],[],[],[],[],[],[],[],[],[],[],[],[],[],[],[],[],[],[],[],[],[],[],[],[],[],[],[],[],[],[],[],[],[],[],[],[],[],[],[],[],[],[]],"gold_per_floor":[13,13,24,24,44,69,69,100,154,154,79,93,113,148,148,223,223,243,243,255,269,294,320,320,340,367,393,412,446,457,482,482,558,558,568,568,587,634,332,349,379,379,456,227,255,275,289,314,314,314,314,314,314,134,169,169],"floor_reached":57,"playtime":7371,"items_purged":["Strike_R","Anger","Strike_R","Strike_R"],"score":3224,"play_id":"d49e8669-05d3-441b-8301-7f83bae51964","local_time":"20220916132609","falling_options_log":["Power Through","Barricade+1"],"score_breakdown":["Floors Climbed (57): 285","Enemies Slain (16): 32","Exordium Elites Killed (3): 30","City Elites Killed (4): 80","Beyond Elites Killed (2): 60","Bosses Slain (5): 750","Collector (1): 25","Well Fed: 25","Champion (5): 125","Perfect (2): 100","Ascension (20): 1462","Heartbreaker: 250"],"is_ascension_mode":true,"potions_obtained_alchemize":[[],[],[],[],[],[],[],[],[],[],[],[],[],[],[],[],[],[],[],[],[],[],[],[],[],[],[],[],[],[],[],[],[],[],[],[],[],[],[],[],[],[],[],[],[],[],[],[],[],[],[],[],[],[],[],[],[]],"campfire_choices":[{"data":"Bludgeon","floor":7,"key":"SMITH"},{"data":"Fiend Fire","floor":10,"key":"SMITH"},{"data":"Shockwave","floor":15,"key":"SMITH"},{"data":"Fiend Fire","floor":24,"key":"SMITH"},{"data":"Feel No Pain","floor":32,"key":"SMITH"},{"floor":42,"key":"RECALL"},{"data":"Second Wind","floor":49,"key":"SMITH"},{"data":"Bloodletting","floor":53,"key":"SMITH"}],"lesson_learned_per_floor":[[],[],[],[],[],[],[],[],[],[],[],[],[],[],[],[],[],[],[],[],[],[],[],[],[],[],[],[],[],[],[],[],[],[],[],[],[],[],[],[],[],[],[],[],[],[],[],[],[],[],[],[],[],[],[],[],[]],"neow_cost":"NO_GOLD","seed_source_timestamp":169141029100200,"shop_contents":[{"floor":11,"relics":["Dream Catcher","Strawberry","TheAbacus"],"cards":["Sever Soul","Body Slam","Havoc","Flex","Fire Breathing","Dramatic Entrance","The Bomb"],"potions":["SmokeBomb","BlessingOfTheForge","LiquidBronze"]},{"floor":39,"relics":["Matryoshka","Mercury Hourglass"],"cards":["Reaper","Sever Soul","True Grit","Second Wind","Dramatic Entrance","HandOfGreed"],"potions":["LiquidBronze","HeartOfIron","DistilledChaos"]},{"floor":44,"relics":["Ornamental Fan","White Beast Statue"],"cards":["Rampage","Pommel Strike","Flex","Warcry","Combust+1","Finesse","Chrysalis"],"potions":["Strength Potion","Weak Potion","Dexterity Potion"]},{"floor":54,"relics":["Turnip","Thread and Needle"],"cards":["Dropkick","Perfected Strike","True Grit","Inflame+1","Finesse","Secret Weapon"],"potions":["SpeedPotion","EntropicBrew","Block Potion"]}],"circlet_count":0,"master_deck":["AscendersBane","Defend_R","Defend_R","Defend_R","Defend_R","Bash","Bludgeon+1","Bloodletting+1","Power Through","Fiend Fire+1","Shockwave+1","Fiend Fire+1","Power Through","Spot Weakness","Feel No Pain+1","Power Through","Second Wind","Barricade+1","Second Wind+1","Battle Trance+1","Feel No Pain+1","Reaper","Feel No Pain+1","Power Through","Demon Form+1","Dual Wield"],"potion_use_per_floor":[[],[],[],[],[],["Fire Potion"],[],[],[],[],[],[],[],[],[],[],[],[],[],[],[],[],["SteroidPotion"],[],[],[],[],[],[],[],[],[],[],[],[],[],[],[],[],[],[],[],[],[],[],[],[],[],[],[],[],[],[],[],[],["DuplicationPotion","HeartOfIron"],[]],"relics":["Burning Blood","Unceasing Top","InkBottle","Self Forming Clay","Ancient Tea Set","Singing Bowl","Snecko Eye","Red Mask","Omamori","Nunchaku","Bottled Tornado","Frozen Egg 2","Sundial","SlaversCollar","FossilizedHelix","Toolbox","Centennial Puzzle","Membership Card","Letter Opener","Torii","Medical Kit","Gremlin Horn"],"potions_floor_usage":[6,23,56,56],"damage_taken":[{"damage":0,"enemies":"Cultist","floor":1,"turns":2},{"damage":3,"enemies":"Small Slimes","floor":3,"turns":2},{"damage":2,"enemies":"Jaw Worm","floor":5,"turns":3},{"damage":25,"enemies":"Lagavulin","floor":6,"turns":7},{"damage":49,"enemies":"3 Sentries","floor":8,"turns":9},{"damage":0,"enemies":"Exordium Thugs","floor":12,"turns":2},{"damage":0,"enemies":"Large Slime","floor":13,"turns":3},{"damage":3,"enemies":"Gremlin Nob","floor":14,"turns":3},{"damage":28,"enemies":"Hexaghost","floor":16,"turns":9},{"damage":7,"enemies":"Chosen","floor":18,"turns":3},{"damage":0,"enemies":"Spheric Guardian","floor":20,"turns":2},{"damage":0,"enemies":"3 Cultists","floor":21,"turns":2},{"damage":0,"enemies":"Masked Bandits","floor":22,"turns":2},{"damage":0,"enemies":"Gremlin Leader","floor":23,"turns":2},{"damage":0,"enemies":"Snake Plant","floor":25,"turns":1},{"damage":6,"enemies":"Book of Stabbing","floor":27,"turns":3},{"damage":11,"enemies":"Cultist and Chosen","floor":28,"turns":4},{"damage":52,"enemies":"Slavers","floor":29,"turns":9},{"damage":1,"enemies":"Centurion and Healer","floor":30,"turns":3},{"damage":19,"enemies":"Book of Stabbing","floor":31,"turns":4},{"damage":0,"enemies":"Champ","floor":33,"turns":5},{"damage":0,"enemies":"Orb Walker","floor":35,"turns":2},{"damage":0,"enemies":"3 Shapes","floor":37,"turns":5},{"damage":3,"enemies":"2 Orb Walkers","floor":38,"turns":6},{"damage":18,"enemies":"Jaw Worm Horde","floor":40,"turns":5},{"damage":0,"enemies":"Giant Head","floor":41,"turns":8},{"damage":0,"enemies":"Nemesis","floor":45,"turns":17},{"damage":6,"enemies":"3 Darklings","floor":46,"turns":7},{"damage":0,"enemies":"4 Shapes","floor":47,"turns":5},{"damage":0,"enemies":"Mind Bloom Boss Battle","floor":48,"turns":2},{"damage":48,"enemies":"Awakened One","floor":50,"turns":20},{"damage":0,"enemies":"Donu and Deca","floor":51,"turns":8},{"damage":0,"enemies":"Shield and Spear","floor":55,"turns":5},{"damage":3,"enemies":"The Heart","floor":56,"turns":11}],"green_key_taken_log":8,"seed_played":"-1036621063573077085","neow_bonus_log":{"cardsObtained":["Anger","Bludgeon"],"cardsUpgraded":[],"cardsRemoved":[],"cardsTransformed":["Strike_R","Strike_R"],"relicsObtained":[],"maxHpGained":0,"goldGained":0,"damageTaken":0,"goldLost":99,"maxHpLost":0},"potions_obtained":[{"floor":1,"key":"Fire Potion"},{"floor":12,"key":"SteroidPotion"},{"floor":13,"key":"BlessingOfTheForge"},{"floor":16,"key":"DuplicationPotion"},{"floor":23,"key":"EssenceOfSteel"},{"floor":29,"key":"HeartOfIron"}],"is_trial":false,"path_per_floor":["M","?","M","?","M","E","R","E","T","R","$","M","M","E","R","B",null,"M","?","M","M","?","E","R","M","T","E","M","E","M","E","R","B",null,"M","?","M","?","$","M","E","R","T","$","E","M","M","?","R","B","B",null,"R","$","E","B",null],"character_chosen":"IRONCLAD","items_purchased":["Feel No Pain+1","Toolbox","Membership Card","Medical Kit","Dual Wield"],"campfire_rested":0,"item_purchase_floors":[39,39,44,54,54],"current_hp_per_floor":[74,69,72,77,80,61,61,18,18,18,18,24,30,35,35,13,65,64,64,70,78,86,88,88,88,88,90,85,39,44,33,33,39,79,85,85,91,94,94,84,90,90,90,90,98,98,98,98,98,68,98,98,98,98,100,100],"gold":169,"neow_bonus":"TRANSFORM_TWO_CARDS","is_prod":false,"is_daily":false,"rewards_skipped":[{"floor":18,"relics":[],"potions":["BloodPotion"]},{"floor":22,"relics":[],"potions":["Weak Potion"]},{"floor":30,"relics":[],"potions":["SkillPotion"]},{"floor":31,"relics":[],"potions":["FearPotion"]},{"floor":40,"relics":[],"potions":["Strength Potion"]},{"floor":41,"relics":[],"potions":["SteroidPotion"]},{"floor":47,"relics":[],"potions":["Swift Potion"]},{"floor":48,"relics":[],"potions":["Strength Potion"]},{"floor":55,"relics":[],"potions":["ColorlessPotion"]}],"chose_seed":false,"campfire_upgraded":7,"win_rate":0,"floor_exit_playtime":[507,523,567,602,685,827,834,1025,1037,1146,1210,1457,1524,1678,1684,2469,2903,3038,3053,3156,3185,3272,3494,3610,3630,3647,3901,4124,4377,4483,4673,4706,4910,4948,4975,5000,5067,5229,5348,5468,5652,5657,5660,5699,5976,6111,6211,6296,6336,6782,6956,6968,6985,7078,7167,7371],"timestamp":1663349169,"blue_key_relic_skipped_log":{"floor":43,"relicID":"Eternal Feather"},"path_taken":["M","?","M","?","?","E","R","E","T","R","?","M","?","E","R","BOSS","M","?","M","M","?","E","R","?","T","E","M","E","M","E","R","BOSS","M","?","M","?","$","M","E","R","T","$","E","M","M","?","R","BOSS","BOSS","R","$","E","BOSS"],"build_version":"2022-03-07","purchased_purges":4,"victory":true,"max_hp_per_floor":[75,75,75,80,80,80,80,80,80,80,80,80,80,82,82,82,82,82,82,82,84,86,88,88,88,88,90,90,90,90,92,92,92,92,92,92,92,94,94,96,96,96,96,96,98,98,98,98,98,98,98,98,98,98,100,100],"card_choices":[{"not_picked":["True Grit","Flex"],"picked":"Bloodletting","floor":1},{"not_picked":["Heavy Blade","Clothesline","True Grit"],"picked":"SKIP","floor":3},{"not_picked":["Pommel Strike","Anger"],"picked":"Power Through","floor":5},{"not_picked":["Intimidate","Power Through","Clash"],"picked":"SKIP","floor":6},{"not_picked":["Thunderclap","Twin Strike"],"picked":"Fiend Fire","floor":8},{"not_picked":["Bloodletting","Hemokinesis","Wild Strike"],"picked":"SKIP","floor":12},{"not_picked":["Flex","Shrug It Off"],"picked":"Shockwave","floor":13},{"not_picked":["Pommel Strike","Seeing Red","Iron Wave"],"picked":"Singing Bowl","floor":14},{"not_picked":["Barricade","Reaper"],"picked":"Fiend Fire","floor":16},{"not_picked":["Bloodletting","Sentinel"],"picked":"Power Through","floor":18},{"not_picked":["Headbutt","Metallicize"],"picked":"Spot Weakness","floor":20},{"not_picked":["Clash","Wild Strike","Flex+1"],"picked":"Singing Bowl","floor":21},{"not_picked":["Hemokinesis","Armaments","Bloodletting"],"picked":"Singing Bowl","floor":22},{"not_picked":["Rampage+1","Perfected Strike","Anger"],"picked":"Singing Bowl","floor":23},{"not_picked":["Havoc","Inflame"],"picked":"Feel No Pain","floor":25},{"not_picked":["Burning Pact","Combust","Anger"],"picked":"Singing Bowl","floor":27},{"not_picked":["Twin Strike","Battle Trance"],"picked":"Power Through","floor":28},{"not_picked":["Entrench","Perfected Strike+1"],"picked":"Carnage+1","floor":29},{"not_picked":["Sword Boomerang","Heavy Blade"],"picked":"Second Wind","floor":30},{"not_picked":["Metallicize+1","Thunderclap","Sentinel"],"picked":"Singing Bowl","floor":31},{"not_picked":["Impervious","Feed"],"picked":"Barricade+1","floor":33},{"not_picked":["Iron Wave","Flex"],"picked":"Second Wind","floor":35},{"not_picked":["Hemokinesis+1","Seeing Red"],"picked":"Battle Trance+1","floor":37},{"not_picked":["Spot Weakness","Reckless Charge","Anger+1"],"picked":"Singing Bowl","floor":38},{"not_picked":["Intimidate","Armaments","Clothesline"],"picked":"Singing Bowl","floor":40},{"not_picked":["Metallicize+1","Heavy Blade"],"picked":"Reaper","floor":41},{"not_picked":["Fire Breathing+1","Whirlwind","Pommel Strike"],"picked":"Singing Bowl","floor":45},{"not_picked":["Armaments+1","True Grit"],"picked":"Feel No Pain+1","floor":46},{"not_picked":["Heavy Blade","Pommel Strike"],"picked":"Power Through","floor":47},{"not_picked":["Body Slam","Sentinel"],"picked":"Demon Form+1","floor":48},{"not_picked":["Intimidate","Iron Wave+1","Reckless Charge+1"],"picked":"Singing Bowl","floor":55}],"player_experience":34710,"relics_obtained":[{"floor":6,"key":"InkBottle"},{"floor":8,"key":"Self Forming Clay"},{"floor":9,"key":"Ancient Tea Set"},{"floor":14,"key":"Singing Bowl"},{"floor":22,"key":"Red Mask"},{"floor":23,"key":"Omamori"},{"floor":26,"key":"Nunchaku"},{"floor":27,"key":"Bottled Tornado"},{"floor":29,"key":"Frozen Egg 2"},{"floor":31,"key":"Sundial"},{"floor":38,"key":"FossilizedHelix"},{"floor":41,"key":"Centennial Puzzle"},{"floor":45,"key":"Letter Opener"},{"floor":48,"key":"Torii"},{"floor":55,"key":"Gremlin Horn"}],"event_choices":[{"damage_healed":0,"gold_gain":0,"player_choice":"Success","damage_taken":5,"relics_obtained":["Unceasing Top"],"max_hp_gain":0,"max_hp_loss":0,"event_name":"Scrap Ooze","floor":2,"gold_loss":0},{"damage_healed":0,"gold_gain":0,"player_choice":"Donut","damage_taken":0,"max_hp_gain":5,"max_hp_loss":0,"event_name":"Big Fish","floor":4,"gold_loss":0},{"damage_healed":0,"gold_gain":0,"player_choice":"Ignored","damage_taken":0,"max_hp_gain":0,"max_hp_loss":0,"event_name":"The Mausoleum","floor":19,"gold_loss":0},{"damage_healed":0,"gold_gain":0,"player_choice":"Fought Bandits","damage_taken":0,"max_hp_gain":0,"max_hp_loss":0,"event_name":"Masked Bandits","floor":22,"gold_loss":0},{"cards_removed":["Carnage"],"damage_healed":0,"gold_gain":0,"player_choice":"Removed Attack","damage_taken":0,"max_hp_gain":0,"max_hp_loss":0,"event_name":"Falling","floor":36,"gold_loss":0},{"damage_healed":0,"gold_gain":0,"player_choice":"Fight","damage_taken":0,"max_hp_gain":0,"max_hp_loss":0,"event_name":"Mysterious Sphere","floor":38,"gold_loss":0},{"damage_healed":0,"gold_gain":0,"player_choice":"Fight","damage_taken":0,"max_hp_gain":0,"max_hp_loss":0,"event_name":"MindBloom","floor":48,"gold_loss":0}],"is_beta":false,"boss_relics":[{"not_picked":["Philosopher\u0027s Stone","Busted Crown"],"picked":"Snecko Eye"},{"not_picked":["Sozu","Cursed Key"],"picked":"SlaversCollar"}],"items_purged_floors":[11,39,44,54],"is_endless":false,"potions_floor_spawned":[1,12,13,16,18,22,23,29,30,31,40,41,47,48,55],"ascension_level":20,"potion_discard_per_floor":[[],[],[],[],[],[],[],[],[],[],[],[],[],[],[],["BlessingOfTheForge"],[],[],[],[],[],[],[],[],[],[],[],[],["EssenceOfSteel"],[],[],[],[],[],[],[],[],[],[],[],[],[],[],[],[],[],[],[],[],[],[],[],[],[],[],[],[]]}