{"neow_bonuses_skipped_log":["TRANSFORM_CARD","RANDOM_COLORLESS_2","BOSS_RELIC"],"potions_obtained_entropic_brew":[[],[],[],[],[],[],[],[],[],[],[],[],[],[],[],[],[],[],[],[],[],[],[],[],[],[],[],[],[],[],[],[],[],[],[],[],[],[],[],[],[],[],[],[],[],[],[],[],[],[],[],[],[],[],[],[],[]],"neow_costs_skipped_log":["NONE","NO_GOLD","NONE"],"gold_per_floor":[114,114,114,114,135,179,179,199,199,269,310,55,89,110,110,209,209,234,234,234,253,278,317,317,352,407,423,441,454,148,63,63,159,159,182,182,45,60,0,19,19,58,58,102,102,141,154,169,169,169,169,169,169,30,63,63],"floor_reached":57,"playtime":8401,"items_purged":["Strike_R","Parasite","Strike_R"],"score":3100,"play_id":"d59ee005-2baa-4215-8d98-7553b8017839","local_time":"20220914145537","score_breakdown":["Floors Climbed (57): 285","Enemies Slain (15): 30","Exordium Elites Killed (3): 30","City Elites Killed (2): 40","Beyond Elites Killed (3): 90","Bosses Slain (5): 750","Collector (1): 25","Librarian: 25","Champion (4): 100","Perfect (1): 50","Overkill: 25","Ascension (20): 1400","Heartbreaker: 250"],"is_ascension_mode":true,"potions_obtained_alchemize":[[],[],[],[],[],[],[],[],[],[],[],[],[],[],[],[],[],[],[],[],[],[],[],[],[],[],[],[],[],[],[],[],[],[],[],[],[],[],[],[],[],[],[],[],[],[],[],[],[],[],[],[],[],[],[],[],[]],"campfire_choices":[{"data":"Bash","floor":7,"key":"SMITH"},{"data":"Bludgeon","floor":15,"key":"SMITH"},{"data":"Ghostly","floor":24,"key":"SMITH"},{"data":"Ghostly","floor":32,"key":"SMITH"},{"floor":41,"key":"RECALL"},{"data":"Heavy Blade","floor":45,"key":"SMITH"},{"data":"Brutality","floor":49,"key":"SMITH"},{"data":"Ghostly","floor":53,"key":"SMITH"}],"lesson_learned_per_floor":[[],[],[],[],[],[],[],[],[],[],[],[],[],[],[],[],[],[],[],[],[],[],[],[],[],[],[],[],[],[],[],[],[],[],[],[],[],[],[],[],[],[],[],[],[],[],[],[],[],[],[],[],[],[],[],[],[]],"neow_cost":"NONE","seed_source_timestamp":661128368200,"shop_contents":[{"floor":12,"relics":["Self Forming Clay","Cauldron"],"cards":["Sword Boomerang","Shrug It Off","Power Through","Metallicize","Bandage Up","Transmutation"],"potions":["Explosive Potion","SneckoOil","Ancient Potion"]},{"floor":30,"relics":["Nunchaku","PreservedInsect"],"cards":["Clash","Hemokinesis","Disarm","True Grit","Metallicize","Finesse","Mayhem"],"potions":["SkillPotion","DistilledChaos"]},{"floor":37,"relics":["Matryoshka","Toy Ornithopter","Sundial"],"cards":["Bludgeon","Cleave","Armaments","Shrug It Off","Inflame","Forethought","The Bomb"],"potions":["LiquidBronze","Strength Potion","Energy Potion"]},{"floor":54,"relics":["Anchor","Mercury Hourglass","Membership Card"],"cards":["Thunderclap","Anger","Second Wind","Armaments","Metallicize","Impatience","Chrysalis"],"potions":["Explosive Potion","BloodPotion","Swift Potion"]}],"circlet_count":0,"master_deck":["AscendersBane","Strike_R","Strike_R","Strike_R","Defend_R","Defend_R","Defend_R","Defend_R","Bash+1","Twin Strike","Pommel Strike","Offering","Blood for Blood+1","Bludgeon+1","Berserk","Shrug It Off","Ghostly+1","Ghostly+1","Ghostly+1","Feel No Pain","Corruption","Shrug It Off","Brutality+1","Rupture+1","Shrug It Off","Flame Barrier+1","Exhume","Burning Pact+1","Apotheosis","Finesse","Shockwave","Heavy Blade+1","Pummel+1","Shrug It Off","Flame Barrier+1"],"potion_use_per_floor":[[],[],[],[],[],[],[],[],[],[],[],[],[],[],[],[],[],[],[],[],[],[],[],[],[],[],[],[],[],[],[],[],["GamblersBrew","LiquidMemories"],[],[],[],[],[],[],[],[],[],[],[],[],["Explosive Potion"],[],[],[],[],[],[],[],[],["Swift Potion"],["DuplicationPotion","EssenceOfSteel"],[]],"relics":["Burning Blood","Pen Nib","Incense Burner","Golden Idol","CaptainsWheel","Paper Frog","Smiling Mask","Happy Flower","Meat on the Bone","Cursed Key","Potion Belt","Bag of Marbles","Orrery","The Courier","SacredBark","Brimstone","Red Mask","Vajra","Bronze Scales","White Beast Statue","Unceasing Top"],"potions_floor_usage":[33,33,46,55,56,56],"damage_taken":[{"damage":2,"enemies":"2 Louse","floor":1,"turns":2},{"damage":11,"enemies":"Jaw Worm","floor":5,"turns":4},{"damage":37,"enemies":"3 Sentries","floor":6,"turns":10},{"damage":0,"enemies":"Small Slimes","floor":8,"turns":2},{"damage":6,"enemies":"Lagavulin","floor":11,"turns":4},{"damage":16,"enemies":"3 Sentries","floor":13,"turns":8},{"damage":0,"enemies":"2 Fungi Beasts","floor":14,"turns":4},{"damage":14,"enemies":"Slime Boss","floor":16,"turns":8},{"damage":2,"enemies":"Spheric Guardian","floor":18,"turns":4},{"damage":1,"enemies":"Chosen","floor":21,"turns":2},{"damage":6,"enemies":"Snake Plant","floor":22,"turns":6},{"damage":1,"enemies":"Gremlin Leader","floor":23,"turns":6},{"damage":1,"enemies":"Book of Stabbing","floor":25,"turns":2},{"damage":6,"enemies":"Centurion and Healer","floor":27,"turns":5},{"damage":2,"enemies":"Cultist and Chosen","floor":28,"turns":5},{"damage":14,"enemies":"Shelled Parasite and Fungi","floor":29,"turns":6},{"damage":8,"enemies":"Collector","floor":33,"turns":7},{"damage":5,"enemies":"Orb Walker","floor":35,"turns":5},{"damage":1,"enemies":"3 Shapes","floor":38,"turns":7},{"damage":1,"enemies":"Writhing Mass","floor":40,"turns":6},{"damage":7,"enemies":"Nemesis","floor":42,"turns":5},{"damage":6,"enemies":"Reptomancer","floor":44,"turns":6},{"damage":7,"enemies":"Giant Head","floor":46,"turns":5},{"damage":1,"enemies":"4 Shapes","floor":47,"turns":4},{"damage":6,"enemies":"3 Darklings","floor":48,"turns":4},{"damage":6,"enemies":"Donu and Deca","floor":50,"turns":6},{"damage":28,"enemies":"Awakened One","floor":51,"turns":9},{"damage":22,"enemies":"Shield and Spear","floor":55,"turns":8},{"damage":17,"enemies":"The Heart","floor":56,"turns":8}],"green_key_taken_log":25,"seed_played":"-504180739479953194","neow_bonus_log":{"cardsObtained":[],"cardsUpgraded":[],"cardsRemoved":[],"cardsTransformed":[],"relicsObtained":["Pen Nib"],"maxHpGained":0,"goldGained":0,"damageTaken":0,"goldLost":0,"maxHpLost":0},"potions_obtained":[{"floor":6,"key":"ColorlessPotion"},{"floor":13,"key":"Swift Potion"},{"floor":16,"key":"Energy Potion"},{"floor":21,"key":"LiquidMemories"},{"floor":27,"key":"GamblersBrew"},{"floor":33,"key":"BloodPotion"},{"floor":42,"key":"Explosive Potion"},{"floor":47,"key":"AttackPotion"},{"floor":48,"key":"Fire Potion"},{"floor":55,"key":"EssenceOfSteel"}],"is_trial":false,"path_per_floor":["M","?","?","?","M","E","R","M","T","?","E","$","E","M","R","B",null,"M","?","?","M","M","E","R","E","T","M","M","M","$","?","R","B",null,"M","?","$","M","?","M","R","E","T","E","R","E","M","M","R","B","B",null,"R","$","E","B",null],"character_chosen":"IRONCLAD","items_purchased":["Happy Flower","Blood for Blood","Orrery","DuplicationPotion","Brimstone","Block Potion","Block Potion"],"campfire_rested":0,"item_purchase_floors":[12,12,30,30,37,54,54],"current_hp_per_floor":[72,67,67,67,62,31,31,37,37,37,37,37,27,45,45,49,63,67,34,34,34,34,34,34,34,34,34,34,26,26,26,26,24,29,30,20,20,25,25,30,30,29,29,29,29,28,31,31,31,31,21,29,29,29,25,26],"gold":63,"neow_bonus":"RANDOM_COMMON_RELIC","is_prod":false,"is_daily":false,"rewards_skipped":[{"floor":14,"relics":[],"potions":["LiquidBronze"]},{"floor":22,"relics":[],"potions":["Weak Potion"]}],"chose_seed":false,"campfire_upgraded":7,"win_rate":0,"floor_exit_playtime":[550,625,634,662,808,1066,1253,1307,1313,1459,1624,1898,2208,2384,2390,2728,2941,3039,3104,3135,3186,3255,3434,3442,3514,3628,3837,3883,4000,4156,4167,4176,4573,4655,4776,4856,5134,5234,5290,5449,5460,5613,5617,5739,5751,6080,6179,6303,6326,6575,6960,6978,7007,7254,7799,8401],"timestamp":1663181737,"blue_key_relic_skipped_log":{"floor":26,"relicID":"MawBank"},"path_taken":["M","?","?","?","M","E","R","M","T","?","E","$","E","?","R","BOSS","M","?","?","M","M","E","R","E","T","M","?","M","$","?","R","BOSS","M","?","$","M","?","M","R","E","T","E","R","E","?","M","R","BOSS","BOSS","R","$","E","BOSS"],"build_version":"2022-03-07","purchased_purges":3,"victory":true,"max_hp_per_floor":[75,75,75,68,68,68,68,68,68,68,68,68,68,68,68,68,68,68,34,34,34,34,34,34,34,34,34,34,34,31,31,31,31,31,31,31,31,31,31,31,31,31,31,31,31,31,31,31,31,31,31,31,31,31,31,31],"card_choices":[{"not_picked":["Body Slam","Perfected Strike"],"picked":"Twin Strike","floor":1},{"not_picked":["Rupture","Disarm"],"picked":"Pommel Strike","floor":5},{"not_picked":["Sword Boomerang","Shrug It Off"],"picked":"Offering","floor":6},{"not_picked":["Dual Wield","Sentinel","Heavy Blade"],"picked":"SKIP","floor":8},{"not_picked":["Metallicize","Combust","Rupture"],"picked":"SKIP","floor":11},{"not_picked":["Twin Strike","Heavy Blade"],"picked":"Bludgeon","floor":13},{"not_picked":["Sword Boomerang","Body Slam","Rage"],"picked":"SKIP","floor":14},{"not_picked":["Exhume","Reaper"],"picked":"Berserk","floor":16},{"not_picked":["Flex","Twin Strike"],"picked":"Shrug It Off","floor":18},{"not_picked":["Flex","Heavy Blade","Sword Boomerang"],"picked":"SKIP","floor":21},{"not_picked":["Havoc","Sever Soul","Combust"],"picked":"SKIP","floor":22},{"not_picked":["Searing Blow","Havoc+1"],"picked":"Feel No Pain","floor":23},{"not_picked":["Anger+1","Pommel Strike"],"picked":"Corruption","floor":25},{"not_picked":["Body Slam","Wild Strike+1"],"picked":"Shrug It Off","floor":27},{"not_picked":["Pummel","Heavy Blade","Iron Wave+1"],"picked":"SKIP","floor":28},{"not_picked":["Sword Boomerang+1","Wild Strike"],"picked":"Brutality","floor":29},{"not_picked":["Pummel","Cleave"],"picked":"Rupture+1","floor":30},{"not_picked":["Inflame","Clash"],"picked":"Shrug It Off","floor":30},{"not_picked":["Iron Wave","Warcry"],"picked":"Flame Barrier+1","floor":30},{"not_picked":["Heavy Blade","Wild Strike","Body Slam"],"picked":"SKIP","floor":30},{"not_picked":["Fire Breathing","Thunderclap","Cleave"],"picked":"SKIP","floor":30},{"not_picked":["Demon Form","Bludgeon"],"picked":"Exhume","floor":33},{"not_picked":["Anger","Pummel+1"],"picked":"Burning Pact+1","floor":35},{"not_picked":["Panache","Metamorphosis"],"picked":"Apotheosis","floor":36},{"not_picked":["Madness","Metamorphosis"],"picked":"Finesse","floor":36},{"not_picked":["Trip","Impatience","Good Instincts"],"picked":"SKIP","floor":36},{"not_picked":["Clothesline","Flame Barrier"],"picked":"Shockwave","floor":38},{"not_picked":["Power Through","Searing Blow","Entrench"],"picked":"SKIP","floor":40},{"not_picked":["Dual Wield","True Grit"],"picked":"Heavy Blade","floor":42},{"not_picked":["Headbutt+1","Corruption","Havoc+1"],"picked":"SKIP","floor":44},{"not_picked":["Carnage","Double Tap"],"picked":"Pummel+1","floor":46},{"not_picked":["Sever Soul","Havoc"],"picked":"Shrug It Off","floor":47},{"not_picked":["Inflame+1","Havoc+1"],"picked":"Flame Barrier+1","floor":48},{"not_picked":["Fire Breathing","Rupture","Wild Strike"],"picked":"SKIP","floor":55}],"player_experience":23090,"relics_obtained":[{"floor":6,"key":"CaptainsWheel"},{"floor":9,"key":"Paper Frog"},{"floor":11,"key":"Smiling Mask"},{"floor":13,"key":"Meat on the Bone"},{"floor":23,"key":"Potion Belt"},{"floor":25,"key":"Bag of Marbles"},{"floor":42,"key":"Vajra"},{"floor":44,"key":"Bronze Scales"},{"floor":46,"key":"White Beast Statue"},{"floor":55,"key":"Unceasing Top"}],"event_choices":[{"damage_healed":0,"gold_gain":0,"player_choice":"Success","damage_taken":5,"relics_obtained":["Incense Burner"],"max_hp_gain":0,"max_hp_loss":0,"event_name":"Scrap Ooze","floor":2,"gold_loss":0},{"damage_healed":0,"gold_gain":0,"player_choice":"Ignored","damage_taken":0,"max_hp_gain":0,"max_hp_loss":0,"event_name":"Liars Game","floor":3,"gold_loss":0},{"damage_healed":0,"gold_gain":0,"player_choice":"Lose Max HP","damage_taken":0,"relics_obtained":["Golden Idol"],"max_hp_gain":0,"max_hp_loss":7,"event_name":"Golden Idol","floor":4,"gold_loss":0},{"damage_healed":0,"gold_gain":70,"player_choice":"Gained Gold","damage_taken":0,"max_hp_gain":0,"max_hp_loss":0,"event_name":"Golden Wing","floor":10,"gold_loss":0},{"damage_healed":0,"gold_gain":0,"player_choice":"Became a Ghost","damage_taken":0,"max_hp_gain":0,"max_hp_loss":34,"event_name":"Ghosts","floor":19,"gold_loss":0,"cards_obtained":["Ghostly","Ghostly","Ghostly"]},{"damage_healed":0,"gold_gain":0,"player_choice":"Upgraded","damage_taken":0,"max_hp_gain":0,"max_hp_loss":0,"event_name":"Upgrade Shrine","floor":20,"gold_loss":0,"cards_upgraded":["Blood for Blood"]},{"damage_healed":0,"gold_gain":0,"player_choice":"Obtained Relic","damage_taken":0,"relics_obtained":["The Courier"],"max_hp_gain":0,"max_hp_loss":0,"event_name":"Addict","floor":31,"gold_loss":85},{"damage_healed":0,"gold_gain":0,"player_choice":"Memory 3","damage_taken":10,"max_hp_gain":0,"max_hp_loss":0,"event_name":"SensoryStone","floor":36,"gold_loss":0},{"damage_healed":0,"gold_gain":0,"player_choice":"Paid","damage_taken":0,"relics_obtained":["Red Mask"],"max_hp_gain":0,"max_hp_loss":0,"event_name":"Tomb of Lord Red Mask","floor":39,"gold_loss":60}],"is_beta":false,"boss_relics":[{"not_picked":["Velvet Choker","Busted Crown"],"picked":"Cursed Key"},{"not_picked":["Tiny House","Sozu"],"picked":"SacredBark"}],"items_purged_floors":[12,30,54],"is_endless":false,"potions_floor_spawned":[6,13,14,16,21,22,27,33,42,47,48,55],"ascension_level":20,"potion_discard_per_floor":[[],[],[],[],[],[],[],[],[],[],[],[],[],[],[],["ColorlessPotion"],[],[],[],[],["Energy Potion"],[],[],[],[],[],[],[],[],[],[],[],[],[],[],[],[],[],[],[],[],[],[],[],[],[],[],["BloodPotion"],[],[],[],[],[],["Fire Potion","AttackPotion"],[],[],[]]}