{"neow_bonuses_skipped_log":["ONE_RANDOM_RARE_CARD","HUNDRED_GOLD","BOSS_RELIC"],"neow_costs_skipped_log":["NONE","NONE","NONE"],"potions_obtained_entropic_brew":[[],[],[],[],[],[],[],[],[],[],[],[],[],[],[],[],[],[],[],[],[],[],[],[],[],[],[],[],[],[],[],[],[],[],[],[],[],[],[],[],[],[],[],[],[],[],[],[],[],[],[],[],[],[],[],[]],"gold_per_floor":[16,16,36,51,16,16,51,51,78,112,165,5,80,93,93,164,164,175,185,185,198,9,39,39,54,54,54,85,85,129,161,161,240,240,260,275,295,60,0,0,26,26,26,26,26,26,52,72,72,72,72,72,72,22,49,49],"floor_reached":56,"playtime":5425,"items_purged":["Strike_R","Strike_R"],"score":2042,"play_id":"f07f66b5-7640-4ffc-a7d0-0b02addba326","local_time":"20220920194542","falling_options_log":["Uppercut","Barricade"],"score_breakdown":["Floors Climbed (56): 280","Enemies Slain (13): 26","Exordium Elites Killed (2): 20","City Elites Killed (3): 60","Beyond Elites Killed (2): 60","Bosses Slain (4): 500","Champion (2): 50","Overkill: 25","Ascension (20): 1021"],"is_ascension_mode":true,"potions_obtained_alchemize":[[],[],[],[],[],[],[],[],[],[],[],[],[],[],[],[],[],[],[],[],[],[],[],[],[],[],[],[],[],[],[],[],[],[],[],[],[],[],[],[],[],[],[],[],[],[],[],[],[],[],[],[],[],[],[],[]],"campfire_choices":[{"data":"Whirlwind","floor":6,"key":"SMITH"},{"data":"Bash","floor":8,"key":"SMITH"},{"data":"Dark Embrace","floor":15,"key":"SMITH"},{"data":"Bludgeon","floor":24,"key":"SMITH"},{"data":"RitualDagger","floor":29,"key":"SMITH"},{"data":"Armaments","floor":32,"key":"SMITH"},{"floor":40,"key":"RECALL"},{"data":"Dual Wield","floor":46,"key":"SMITH"},{"data":"Demon Form","floor":49,"key":"SMITH"},{"data":"Uppercut","floor":53,"key":"SMITH"}],"lesson_learned_per_floor":[[],[],[],[],[],[],[],[],[],[],[],[],[],[],[],[],[],[],[],[],[],[],[],[],[],[],[],[],[],[],[],[],[],[],[],[],[],[],[],[],[],[],[],[],[],[],[],[],[],[],[],[],[],[],[],[]],"neow_cost":"NO_GOLD","improvable_cards":{"RitualDagger+1":[81]},"seed_source_timestamp":277934154099499,"shop_contents":[{"floor":12,"relics":["Thread and Needle","Bottled Lightning"],"cards":["Dropkick","Whirlwind","Armaments","Double Tap","Evolve","Swift Strike","Secret Weapon"],"potions":["BlessingOfTheForge","ElixirPotion","SkillPotion"]},{"floor":22,"relics":["Happy Flower","Dream Catcher","Membership Card"],"cards":["Headbutt","Reckless Charge","Seeing Red","PanicButton","Secret Weapon"],"potions":["AttackPotion","Swift Potion","SpeedPotion"]},{"floor":38,"relics":["FossilizedHelix","Centennial Puzzle","PrismaticShard"],"cards":["Thunderclap","Carnage","Disarm","Inflame","Bandage Up","Master of Strategy"],"potions":["LiquidBronze","Block Potion","SteroidPotion"]},{"floor":44,"relics":["Frozen Egg 2","Molten Egg 2","DollysMirror"],"cards":["Reaper","Clothesline","Flex","Ghostly Armor","Combust","Finesse","Mayhem"],"potions":["LiquidBronze","FairyPotion","EssenceOfSteel"]},{"floor":54,"relics":["Ice Cream","Nunchaku","Chemical X"],"cards":["Clothesline","Carnage","Limit Break","Entrench","Dark Embrace","PanicButton","Sadistic Nature"],"potions":["SneckoOil","Block Potion","AttackPotion"]}],"circlet_count":0,"master_deck":["AscendersBane","Strike_R","Defend_R","Defend_R","Defend_R","Bash+1","Perfected Strike","Cleave","Burning Pact","Twin Strike","Whirlwind+1","Seeing Red","Pommel Strike","Dark Embrace+1","Seeing Red","Flame Barrier","Demon Form+1","Clothesline+1","Evolve","RitualDagger+1","Disarm","Corruption","Armaments+1","Bludgeon+1","Uppercut+1","Dual Wield+1","Flame Barrier+1","Barricade","Exhume","Shockwave"],"potion_use_per_floor":[[],[],[],[],[],[],[],[],[],["Swift Potion"],[],[],[],[],[],["Strength Potion","BlessingOfTheForge"],[],[],[],[],[],[],[],[],[],[],[],["Regen Potion"],[],["ColorlessPotion"],["Swift Potion"],[],[],[],[],["SteroidPotion"],["FearPotion"],[],[],[],["DistilledChaos"],[],[],[],[],[],[],[],[],[],[],[],[],[],["Swift Potion"],["BloodPotion","DuplicationPotion"]],"relics":["Burning Blood","MealTicket","Pen Nib","Toy Ornithopter","Orrery","Snecko Eye","Kunai","White Beast Statue","Juzu Bracelet","Blue Candle","Philosopher\u0027s Stone","Red Mask","Smiling Mask","Lantern","Akabeko","Red Skull"],"potions_floor_usage":[10,16,16,28,30,31,36,37,41,55,56,56],"damage_taken":[{"damage":6,"enemies":"Cultist","floor":1,"turns":4},{"damage":13,"enemies":"Jaw Worm","floor":3,"turns":6},{"damage":2,"enemies":"2 Louse","floor":4,"turns":3},{"damage":35,"enemies":"Lagavulin","floor":7,"turns":6},{"damage":11,"enemies":"Gremlin Nob","floor":10,"turns":3},{"damage":1,"enemies":"2 Fungi Beasts","floor":14,"turns":2},{"damage":53,"enemies":"Hexaghost","floor":16,"turns":7},{"damage":0,"enemies":"3 Byrds","floor":18,"turns":3},{"damage":6,"enemies":"Spheric Guardian","floor":19,"turns":3},{"damage":8,"enemies":"Snecko","floor":21,"turns":3},{"damage":54,"enemies":"Slavers","floor":23,"turns":5},{"damage":4,"enemies":"3 Cultists","floor":25,"turns":3},{"damage":14,"enemies":"Book of Stabbing","floor":28,"turns":3},{"damage":13,"enemies":"Centurion and Healer","floor":30,"turns":4},{"damage":0,"enemies":"Gremlin Leader","floor":31,"turns":3},{"damage":38,"enemies":"Champ","floor":33,"turns":7},{"damage":0,"enemies":"Orb Walker","floor":35,"turns":2},{"damage":0,"enemies":"3 Shapes","floor":36,"turns":1},{"damage":26,"enemies":"Spire Growth","floor":37,"turns":4},{"damage":37,"enemies":"Nemesis","floor":41,"turns":5},{"damage":1,"enemies":"Reptomancer","floor":47,"turns":2},{"damage":0,"enemies":"Maw","floor":48,"turns":5},{"damage":23,"enemies":"Time Eater","floor":50,"turns":7},{"damage":27,"enemies":"Awakened One","floor":51,"turns":6},{"damage":36,"enemies":"Shield and Spear","floor":55,"turns":5},{"damage":109,"enemies":"The Heart","floor":56,"turns":3}],"green_key_taken_log":23,"seed_played":"-6006698142188335451","neow_bonus_log":{"cardsObtained":["Perfected Strike","Dual Wield"],"cardsUpgraded":[],"cardsRemoved":[],"cardsTransformed":["Strike_R","Strike_R"],"relicsObtained":[],"maxHpGained":0,"goldGained":0,"damageTaken":0,"goldLost":99,"maxHpLost":0},"potions_obtained":[{"floor":1,"key":"Strength Potion"},{"floor":7,"key":"Swift Potion"},{"floor":10,"key":"BlessingOfTheForge"},{"floor":18,"key":"Swift Potion"},{"floor":25,"key":"Regen Potion"},{"floor":28,"key":"ColorlessPotion"},{"floor":30,"key":"FearPotion"},{"floor":31,"key":"SteroidPotion"},{"floor":36,"key":"CultistPotion"},{"floor":37,"key":"DistilledChaos"},{"floor":41,"key":"SkillPotion"},{"floor":47,"key":"BloodPotion"},{"floor":48,"key":"Swift Potion"},{"floor":55,"key":"DuplicationPotion"}],"is_trial":false,"path_per_floor":["M","?","M","M","?","R","E","R","T","E","?","$","?","M","R","B",null,"M","M","?","M","$","E","R","M","T","?","E","R","M","E","R","B",null,"M","M","M","$","?","R","E","?","T","$","?","R","E","M","R","B","B",null,"R","$","E","B"],"character_chosen":"IRONCLAD","items_purchased":["Orrery","Corruption","Armaments","Exhume"],"campfire_rested":0,"item_purchase_floors":[12,22,22,38],"current_hp_per_floor":[68,68,61,65,75,75,46,46,46,41,41,56,45,50,50,13,60,66,66,60,58,73,25,25,27,27,27,33,33,31,42,42,10,59,65,75,60,75,75,75,49,49,49,64,64,64,69,75,75,58,37,66,66,75,50,0],"gold":49,"neow_bonus":"TRANSFORM_TWO_CARDS","is_prod":false,"is_daily":false,"rewards_skipped":[{"floor":33,"relics":[],"potions":["Explosive Potion"]},{"floor":35,"relics":[],"potions":["Strength Potion"]}],"chose_seed":false,"campfire_upgraded":9,"win_rate":0,"floor_exit_playtime":[636,713,934,998,1016,1074,1220,1228,1234,1281,1297,1620,1627,1676,1683,1983,2107,2164,2318,2324,2414,2469,2641,2659,2775,2783,2787,2875,2882,2986,3154,3179,3577,3692,3749,3772,3880,3926,3941,3946,4068,4074,4077,4084,4101,4123,4250,4398,4418,4597,4800,4814,4847,4864,5137],"timestamp":1663717542,"blue_key_relic_skipped_log":{"floor":43,"relicID":"Gremlin Horn"},"path_taken":["M","?","M","M","?","R","E","R","T","E","?","$","?","M","R","BOSS","M","M","?","M","$","E","R","?","T","?","E","R","M","E","R","BOSS","M","M","M","$","?","R","E","?","T","$","?","R","E","M","R","BOSS","BOSS","R","$","E","BOSS"],"build_version":"2022-03-07","purchased_purges":2,"victory":false,"max_hp_per_floor":[75,75,75,75,75,75,75,75,75,75,75,75,75,75,75,75,75,75,75,75,75,75,75,75,75,75,75,75,75,75,75,75,75,75,75,75,75,75,75,75,75,75,75,75,75,75,75,75,75,75,75,75,75,75,75,75],"card_choices":[{"not_picked":["Thunderclap","True Grit"],"picked":"Cleave","floor":1},{"not_picked":["Cleave","Perfected Strike"],"picked":"Twin Strike","floor":3},{"not_picked":["Feel No Pain","Sword Boomerang"],"picked":"Whirlwind","floor":4},{"not_picked":["Havoc","Barricade"],"picked":"Seeing Red","floor":7},{"not_picked":["Warcry","Pummel","Thunderclap"],"picked":"SKIP","floor":10},{"not_picked":["Whirlwind","Havoc"],"picked":"Pommel Strike","floor":12},{"not_picked":["Cleave","Twin Strike"],"picked":"Dark Embrace","floor":12},{"not_picked":["Juggernaut","Sword Boomerang"],"picked":"Seeing Red","floor":12},{"not_picked":["Sword Boomerang","True Grit"],"picked":"Flame Barrier","floor":12},{"not_picked":["True Grit","Wild Strike","Rampage"],"picked":"SKIP","floor":12},{"not_picked":["Thunderclap","Havoc","Cleave"],"picked":"SKIP","floor":14},{"not_picked":["Bludgeon","Reaper"],"picked":"Demon Form","floor":16},{"not_picked":["Clash","Flex+1"],"picked":"Clothesline+1","floor":18},{"not_picked":["Iron Wave","Dark Embrace"],"picked":"Evolve","floor":19},{"not_picked":["Clash","Metallicize"],"picked":"Disarm","floor":21},{"not_picked":["Heavy Blade","Cleave"],"picked":"Bludgeon","floor":23},{"not_picked":["Clash","Iron Wave","Bloodletting+1"],"picked":"SKIP","floor":25},{"not_picked":["Havoc","Shrug It Off"],"picked":"Uppercut","floor":28},{"not_picked":["Searing Blow","Burning Pact"],"picked":"Dual Wield","floor":30},{"not_picked":["Juggernaut","Havoc"],"picked":"Flame Barrier+1","floor":31},{"not_picked":["Corruption","Feed"],"picked":"Barricade","floor":33},{"not_picked":["Sword Boomerang+1","True Grit","Iron Wave"],"picked":"SKIP","floor":35},{"not_picked":["Headbutt","Iron Wave","Wild Strike"],"picked":"SKIP","floor":36},{"not_picked":["Clothesline","Rage","Ghostly Armor+1"],"picked":"SKIP","floor":37},{"not_picked":["Twin Strike+1","Dropkick"],"picked":"Shockwave","floor":41},{"not_picked":["Havoc","Uppercut+1","Rampage"],"picked":"SKIP","floor":47},{"not_picked":["Carnage","Dropkick","Sentinel+1"],"picked":"SKIP","floor":48},{"not_picked":["Fire Breathing+1","Intimidate+1","Heavy Blade"],"picked":"SKIP","floor":55}],"player_experience":89661,"relics_obtained":[{"floor":7,"key":"MealTicket"},{"floor":9,"key":"Pen Nib"},{"floor":10,"key":"Toy Ornithopter"},{"floor":23,"key":"Kunai"},{"floor":26,"key":"White Beast Statue"},{"floor":28,"key":"Juzu Bracelet"},{"floor":31,"key":"Blue Candle"},{"floor":41,"key":"Smiling Mask"},{"floor":47,"key":"Akabeko"},{"floor":55,"key":"Red Skull"}],"event_choices":[{"damage_healed":0,"gold_gain":0,"cards_transformed":["Dual Wield"],"player_choice":"Transformed","damage_taken":0,"max_hp_gain":0,"max_hp_loss":0,"event_name":"Transmorgrifier","floor":2,"gold_loss":0,"cards_obtained":["Burning Pact"]},{"damage_healed":18,"gold_gain":0,"player_choice":"Healed","damage_taken":0,"max_hp_gain":0,"max_hp_loss":0,"event_name":"The Cleric","floor":5,"gold_loss":35},{"damage_healed":0,"gold_gain":53,"player_choice":"Gained Gold","damage_taken":0,"max_hp_gain":0,"max_hp_loss":0,"event_name":"Golden Wing","floor":11,"gold_loss":0},{"damage_healed":0,"gold_gain":75,"player_choice":"Gather Gold","damage_taken":11,"max_hp_gain":0,"max_hp_loss":0,"event_name":"World of Goop","floor":13,"gold_loss":0},{"damage_healed":0,"gold_gain":0,"player_choice":"Joined the Cult","damage_taken":6,"max_hp_gain":0,"max_hp_loss":0,"event_name":"Nest","floor":20,"gold_loss":0,"cards_obtained":["RitualDagger"]},{"damage_healed":0,"gold_gain":0,"player_choice":"Ignored","damage_taken":0,"max_hp_gain":0,"max_hp_loss":0,"event_name":"Vampires","floor":27,"gold_loss":0},{"damage_healed":0,"gold_gain":0,"player_choice":"Paid","damage_taken":0,"relics_obtained":["Red Mask"],"max_hp_gain":0,"max_hp_loss":0,"event_name":"Tomb of Lord Red Mask","floor":39,"gold_loss":60},{"damage_healed":0,"gold_gain":0,"player_choice":"Gave Potion","damage_taken":0,"relics_obtained":["Lantern"],"max_hp_gain":0,"max_hp_loss":0,"event_name":"WeMeetAgain","floor":42,"gold_loss":0},{"cards_removed":["Defend_R"],"damage_healed":0,"gold_gain":0,"player_choice":"Removed Skill","damage_taken":0,"max_hp_gain":0,"max_hp_loss":0,"event_name":"Falling","floor":45,"gold_loss":0}],"is_beta":false,"boss_relics":[{"not_picked":["Ectoplasm","Pandora\u0027s Box"],"picked":"Snecko Eye"},{"not_picked":["SacredBark","Mark of Pain"],"picked":"Philosopher\u0027s Stone"}],"items_purged_floors":[38,54],"is_endless":false,"potions_floor_spawned":[1,7,10,18,25,28,30,31,33,35,36,37,41,47,48,55],"killed_by":"The Heart","ascension_level":20,"potion_discard_per_floor":[[],[],[],[],[],[],[],[],[],[],[],[],[],[],[],[],[],[],[],[],[],[],[],[],[],[],[],[],[],[],[],[],[],[],[],[],[],[],[],[],[],[],[],[],[],[],[],["CultistPotion"],[],[],[],[],[],[],[],[]]}