{"neow_bonuses_skipped_log":["RANDOM_COLORLESS","TEN_PERCENT_HP_BONUS","BOSS_RELIC"],"neow_costs_skipped_log":["NONE","NONE","NONE"],"potions_obtained_entropic_brew":[[],[],[],[],[],[],[],[],[],[],[],[],[],[],[],[],[],[],[],[],[],[],[],[],[],[],[],[],[],[],[],[],[],[],[],[],[],[],[],[],[],[],[],[],[],[],[],[],[],[],[],[],[],[],[],[],[]],"gold_per_floor":[112,112,112,126,142,176,176,201,201,231,231,258,180,196,196,274,574,590,225,225,240,240,275,285,285,285,285,302,302,334,347,347,423,423,436,487,412,77,87,87,122,147,174,205,205,225,252,272,272,272,272,272,272,65,91,91],"floor_reached":57,"playtime":10387,"items_purged":["Strike_R","Strike_R","Defend_R","Bash+1"],"score":3017,"play_id":"41d9b263-50d4-4cb3-aee4-f532930a8902","local_time":"20220917123501","score_breakdown":["Floors Climbed (57): 285","Enemies Slain (13): 26","Exordium Elites Killed (3): 30","City Elites Killed (2): 40","Beyond Elites Killed (3): 90","Bosses Slain (5): 750","I Like Shiny: 50","Money Money (1052): 25","Champion (2): 50","Perfect (1): 50","C-c-c-combo: 25","Ascension (20): 1346","Heartbreaker: 250"],"is_ascension_mode":true,"potions_obtained_alchemize":[[],[],[],[],[],[],[],[],[],[],[],[],[],[],[],[],[],[],[],[],[],[],[],[],[],[],[],[],[],[],[],[],[],[],[],[],[],[],[],[],[],[],[],[],[],[],[],[],[],[],[],[],[],[],[],[],[]],"campfire_choices":[{"floor":7,"key":"REST"},{"floor":11,"key":"DIG"},{"floor":15,"key":"DIG"},{"floor":25,"key":"REST"},{"floor":29,"key":"DIG"},{"floor":32,"key":"REST"},{"floor":40,"key":"DIG"},{"floor":45,"key":"RECALL"},{"floor":49,"key":"DIG"},{"floor":53,"key":"DIG"}],"lesson_learned_per_floor":[[],[],[],[],[],[],[],[],[],[],[],[],[],[],[],[],[],[],[],[],[],[],[],[],[],[],[],[],[],[],[],[],[],[],[],[],[],[],[],[],[],[],[],[],[],[],[],[],[],[],[],[],[],[],[],[],[]],"neow_cost":"TEN_PERCENT_HP_LOSS","seed_source_timestamp":249413266563100,"shop_contents":[{"floor":13,"relics":["Peace Pipe","StrikeDummy","DollysMirror"],"cards":["Clash","Uppercut","Ghostly Armor+1","Fire Breathing","Swift Strike","Violence+1"],"potions":["EssenceOfSteel","SkillPotion","Swift Potion"]},{"floor":19,"relics":["Girya","Pear"],"cards":["Bludgeon+1","Evolve","Deep Breath+1","Sadistic Nature"],"potions":["Swift Potion","CultistPotion","ColorlessPotion"]},{"floor":38,"relics":["Kunai","Dream Catcher"],"cards":["Pommel Strike+1","Wild Strike+1","Dual Wield+1","Trip+1","Apotheosis+1"],"potions":["Block Potion","Regen Potion","Fruit Juice"]},{"floor":54,"relics":["Pen Nib","Bottled Flame","Membership Card"],"cards":["Rampage+1","Dropkick+1","True Grit+1","Evolve","Discovery+1","Secret Weapon+1"],"potions":["Strength Potion","ElixirPotion","FearPotion"]}],"circlet_count":0,"master_deck":["AscendersBane","Defend_R+1","Defend_R+1","Defend_R+1","Pommel Strike","Headbutt","Armaments+1","Carnage","Seeing Red+1","Shrug It Off+1","Exhume+1","CurseOfTheBell","Anger+1","Burning Pact+1","Warcry+1","Pommel Strike+1","Shockwave+1","Fiend Fire+1","Body Slam+1","Whirlwind+1","Offering+1","Dark Embrace","Blood for Blood+1","Thunderclap+1","Dark Embrace","Intimidate+1","Flex+1","Disarm+1","Reaper+1","Evolve","Demon Form","Rage+1","Exhume+1","Shrug It Off+1"],"potion_use_per_floor":[[],[],[],["Regen Potion"],[],["BlessingOfTheForge"],[],[],[],[],[],[],[],[],[],["DuplicationPotion"],[],[],[],[],[],[],["DuplicationPotion"],["SkillPotion","Weak Potion"],[],[],[],[],[],["LiquidBronze"],[],[],["CultistPotion"],[],[],["Block Potion"],[],[],[],[],[],[],[],[],[],[],[],[],[],[],[],[],[],[],[],["PowerPotion","PowerPotion"],[]],"relics":["Burning Blood","Shovel","Vajra","Toxic Egg 2","War Paint","Odd Mushroom","Charon\u0027s Ashes","Smiling Mask","Bag of Marbles","Calling Bell","Strawberry","Molten Egg 2","Old Coin","ClockworkSouvenir","PreservedInsect","HornCleat","Blue Candle","Thread and Needle","Fusion Hammer","Magic Flower","Toolbox","Pocketwatch","Bronze Scales","Gambling Chip","CaptainsWheel","Mummified Hand","Orichalcum","Eternal Feather","Calipers"],"potions_floor_usage":[4,6,16,23,24,24,30,33,36,56,56],"damage_taken":[{"damage":9,"enemies":"Small Slimes","floor":1,"turns":5},{"damage":6,"enemies":"Jaw Worm","floor":4,"turns":6},{"damage":3,"enemies":"2 Louse","floor":5,"turns":3},{"damage":35,"enemies":"Lagavulin","floor":6,"turns":5},{"damage":28,"enemies":"Gremlin Nob","floor":8,"turns":4},{"damage":6,"enemies":"The Mushroom Lair","floor":10,"turns":4},{"damage":6,"enemies":"3 Sentries","floor":12,"turns":5},{"damage":2,"enemies":"Exordium Wildlife","floor":14,"turns":5},{"damage":0,"enemies":"Slime Boss","floor":16,"turns":7},{"damage":0,"enemies":"Chosen","floor":18,"turns":3},{"damage":6,"enemies":"Spheric Guardian","floor":21,"turns":4},{"damage":29,"enemies":"Book of Stabbing","floor":23,"turns":4},{"damage":15,"enemies":"3 Cultists","floor":24,"turns":4},{"damage":19,"enemies":"Snake Plant","floor":28,"turns":2},{"damage":27,"enemies":"Slavers","floor":30,"turns":3},{"damage":0,"enemies":"Centurion and Healer","floor":31,"turns":3},{"damage":24,"enemies":"Collector","floor":33,"turns":7},{"damage":1,"enemies":"Orb Walker","floor":35,"turns":2},{"damage":0,"enemies":"2 Orb Walkers","floor":36,"turns":3},{"damage":0,"enemies":"3 Darklings","floor":39,"turns":2},{"damage":9,"enemies":"Nemesis","floor":41,"turns":3},{"damage":7,"enemies":"Mind Bloom Boss Battle","floor":42,"turns":2},{"damage":6,"enemies":"Reptomancer","floor":44,"turns":1},{"damage":9,"enemies":"Transient","floor":46,"turns":6},{"damage":5,"enemies":"Giant Head","floor":47,"turns":3},{"damage":0,"enemies":"Sphere and 2 Shapes","floor":48,"turns":3},{"damage":26,"enemies":"Donu and Deca","floor":50,"turns":7},{"damage":23,"enemies":"Time Eater","floor":51,"turns":6},{"damage":7,"enemies":"Shield and Spear","floor":55,"turns":1},{"damage":18,"enemies":"The Heart","floor":56,"turns":5}],"green_key_taken_log":23,"seed_played":"-6728185341775084369","neow_bonus_log":{"cardsObtained":[],"cardsUpgraded":[],"cardsRemoved":[],"cardsTransformed":[],"relicsObtained":["Shovel"],"maxHpGained":0,"goldGained":0,"damageTaken":0,"goldLost":0,"maxHpLost":7},"potions_obtained":[{"floor":1,"key":"Regen Potion"},{"floor":5,"key":"BlessingOfTheForge"},{"floor":8,"key":"DuplicationPotion"},{"floor":12,"key":"DuplicationPotion"},{"floor":21,"key":"Weak Potion"},{"floor":23,"key":"SkillPotion"},{"floor":24,"key":"LiquidBronze"},{"floor":31,"key":"CultistPotion"},{"floor":33,"key":"Block Potion"},{"floor":35,"key":"BlessingOfTheForge"},{"floor":42,"key":"Block Potion"},{"floor":47,"key":"PowerPotion"},{"floor":55,"key":"PowerPotion"}],"is_trial":false,"path_per_floor":["M","?","?","M","M","E","R","E","T","?","R","E","$","M","R","B",null,"M","$","?","M","?","E","M","R","T","?","M","R","E","M","R","B",null,"M","?","?","$","M","R","E","?","T","E","R","M","E","M","R","B","B",null,"R","$","E","B",null],"character_chosen":"IRONCLAD","items_purchased":["Shrug It Off+1","ClockworkSouvenir","Burning Pact+1","Warcry+1","Pommel Strike+1","Toolbox","Dark Embrace","Intimidate+1","Exhume+1"],"campfire_rested":3,"item_purchase_floors":[13,19,19,19,19,38,38,38,54],"current_hp_per_floor":[65,58,38,53,56,27,47,25,25,25,25,25,25,29,29,35,67,73,73,52,52,52,29,20,44,44,44,31,31,10,16,40,22,66,71,77,77,77,80,80,80,80,80,80,80,80,80,80,80,80,80,80,80,80,80,71],"gold":91,"neow_bonus":"ONE_RARE_RELIC","is_prod":false,"is_daily":false,"rewards_skipped":[{"floor":14,"relics":[],"potions":["Explosive Potion"]},{"floor":46,"relics":[],"potions":["Weak Potion"]}],"chose_seed":false,"campfire_upgraded":0,"win_rate":0,"floor_exit_playtime":[736,757,828,1005,1068,1226,1255,1426,1447,1865,1881,2118,2302,2528,2534,3109,3477,3620,3794,3805,4004,4018,4390,4919,4924,4929,4944,5016,5024,5203,5361,5374,5861,6014,6097,6246,6389,6829,7054,7074,7287,7466,7475,7768,7772,7971,8156,8357,8362,8707,9126,9139,9163,9548,9755,10387],"timestamp":1663432501,"blue_key_relic_skipped_log":{"floor":43,"relicID":"Ancient Tea Set"},"path_taken":["M","?","?","M","M","E","R","E","T","?","R","E","$","M","R","BOSS","M","$","?","M","?","E","M","R","T","?","M","R","E","M","R","BOSS","M","?","?","$","M","R","E","?","T","E","R","M","E","M","R","BOSS","BOSS","R","$","E","BOSS"],"build_version":"2022-03-07","purchased_purges":4,"victory":true,"max_hp_per_floor":[68,68,68,68,68,68,68,68,68,68,68,68,68,68,68,68,75,75,75,80,80,80,80,80,80,80,80,80,80,80,80,80,80,80,80,80,80,80,80,80,80,80,80,80,80,80,80,80,80,80,80,80,80,80,80,80],"card_choices":[{"not_picked":["Twin Strike","Pummel"],"picked":"Pommel Strike","floor":1},{"not_picked":["Armaments","Iron Wave"],"picked":"Cleave","floor":4},{"not_picked":["Pummel","Sword Boomerang"],"picked":"Headbutt","floor":5},{"not_picked":["Reckless Charge","Thunderclap","Body Slam"],"picked":"SKIP","floor":6},{"not_picked":["Perfected Strike","Thunderclap"],"picked":"Armaments+1","floor":8},{"not_picked":["Rampage","Intimidate+1"],"picked":"Carnage","floor":10},{"not_picked":["Evolve","Exhume+1"],"picked":"Seeing Red+1","floor":12},{"not_picked":["Body Slam","Armaments+1","Wild Strike"],"picked":"SKIP","floor":14},{"not_picked":["Bludgeon","Berserk"],"picked":"Exhume+1","floor":16},{"not_picked":["Thunderclap+1","Cleave+1"],"picked":"Anger+1","floor":18},{"not_picked":["Clothesline+1","Feel No Pain"],"picked":"Shockwave+1","floor":21},{"not_picked":["Reckless Charge+1","Second Wind+1"],"picked":"Fiend Fire+1","floor":23},{"not_picked":["Clothesline+1","Armaments+1"],"picked":"Body Slam+1","floor":24},{"not_picked":["Thunderclap+1","Seeing Red+1","Anger+1"],"picked":"SKIP","floor":28},{"not_picked":["Clash+1","Twin Strike+1"],"picked":"Whirlwind+1","floor":30},{"not_picked":["Iron Wave+1","Dropkick+1","True Grit+1"],"picked":"SKIP","floor":31},{"not_picked":["Iron Wave+1","Dropkick+1","True Grit+1"],"picked":"SKIP","floor":31},{"not_picked":["Barricade","Juggernaut"],"picked":"Offering+1","floor":33},{"not_picked":["Havoc+1","Twin Strike+1"],"picked":"Dark Embrace","floor":35},{"not_picked":["Heavy Blade+1","Iron Wave+1","Ghostly Armor+1"],"picked":"SKIP","floor":36},{"not_picked":["True Grit+1","Pommel Strike+1"],"picked":"Flex+1","floor":39},{"not_picked":["Anger+1","Rampage+1","Clothesline+1"],"picked":"SKIP","floor":41},{"not_picked":["Rupture","Entrench+1"],"picked":"Disarm+1","floor":42},{"not_picked":["Dark Embrace+1","Searing Blow+1"],"picked":"Reaper+1","floor":44},{"not_picked":["Reckless Charge+1","Heavy Blade+1"],"picked":"Evolve","floor":46},{"not_picked":["Burning Pact+1","Infernal Blade+1"],"picked":"Demon Form","floor":47},{"not_picked":["Iron Wave+1","Twin Strike+1"],"picked":"Rage+1","floor":48},{"not_picked":["Dark Embrace+1","Pummel+1"],"picked":"Shrug It Off+1","floor":55}],"player_experience":51039,"relics_obtained":[{"floor":6,"key":"Vajra"},{"floor":8,"key":"Toxic Egg 2"},{"floor":9,"key":"War Paint"},{"floor":10,"key":"Odd Mushroom"},{"floor":11,"key":"Charon\u0027s Ashes"},{"floor":12,"key":"Smiling Mask"},{"floor":15,"key":"Bag of Marbles"},{"floor":17,"key":"Strawberry"},{"floor":17,"key":"Molten Egg 2"},{"floor":17,"key":"Old Coin"},{"floor":23,"key":"PreservedInsect"},{"floor":26,"key":"HornCleat"},{"floor":29,"key":"Blue Candle"},{"floor":30,"key":"Thread and Needle"},{"floor":36,"key":"Magic Flower"},{"floor":40,"key":"Pocketwatch"},{"floor":41,"key":"Bronze Scales"},{"floor":42,"key":"Gambling Chip"},{"floor":44,"key":"CaptainsWheel"},{"floor":47,"key":"Mummified Hand"},{"floor":49,"key":"Orichalcum"},{"floor":53,"key":"Eternal Feather"},{"floor":55,"key":"Calipers"}],"event_choices":[{"cards_removed":["Strike_R"],"damage_healed":0,"gold_gain":0,"player_choice":"Card Removal","damage_taken":7,"max_hp_gain":0,"max_hp_loss":0,"event_name":"Golden Wing","floor":2,"gold_loss":0},{"damage_healed":0,"gold_gain":0,"player_choice":"Entered Light","damage_taken":20,"max_hp_gain":0,"max_hp_loss":0,"event_name":"Shining Light","floor":3,"gold_loss":0,"cards_upgraded":["Bash","Defend_R"]},{"damage_healed":0,"gold_gain":0,"player_choice":"Fought Mushrooms","damage_taken":0,"max_hp_gain":0,"max_hp_loss":0,"event_name":"Mushrooms","floor":10,"gold_loss":0},{"damage_healed":0,"gold_gain":0,"player_choice":"Shed Blood","damage_taken":26,"max_hp_gain":5,"max_hp_loss":0,"event_name":"Forgotten Altar","floor":20,"gold_loss":0},{"cards_removed":["Strike_R"],"damage_healed":0,"gold_gain":0,"player_choice":"Purged","damage_taken":0,"max_hp_gain":0,"max_hp_loss":0,"event_name":"Purifier","floor":22,"gold_loss":0},{"damage_healed":0,"gold_gain":0,"player_choice":"Ignored","damage_taken":0,"max_hp_gain":0,"max_hp_loss":0,"event_name":"The Mausoleum","floor":27,"gold_loss":0},{"damage_healed":0,"gold_gain":0,"player_choice":"Fight","damage_taken":0,"max_hp_gain":0,"max_hp_loss":0,"event_name":"Mysterious Sphere","floor":36,"gold_loss":0},{"damage_healed":0,"gold_gain":0,"cards_transformed":["Strike_R","Cleave"],"player_choice":"Transformed Cards","damage_taken":0,"max_hp_gain":0,"max_hp_loss":0,"event_name":"Designer","floor":37,"gold_loss":75,"cards_obtained":["Blood for Blood","Thunderclap"]},{"damage_healed":0,"gold_gain":0,"player_choice":"Fight","damage_taken":0,"max_hp_gain":0,"max_hp_loss":0,"event_name":"MindBloom","floor":42,"gold_loss":0}],"is_beta":false,"boss_relics":[{"not_picked":["Mark of Pain","Empty Cage"],"picked":"Calling Bell"},{"not_picked":["Philosopher\u0027s Stone","Runic Cube"],"picked":"Fusion Hammer"}],"items_purged_floors":[13,19,38,54],"is_endless":false,"potions_floor_spawned":[1,5,8,12,14,21,23,24,31,33,35,42,46,47,55],"ascension_level":20,"potion_discard_per_floor":[[],[],[],[],[],[],[],[],[],[],[],[],[],[],[],[],[],[],[],[],[],[],[],[],[],[],[],[],[],[],[],[],[],[],[],[],[],[],[],[],[],[],[],[],[],[],["BlessingOfTheForge"],[],[],[],[],[],[],[],["Block Potion"],[],[]]}