{"neow_bonuses_skipped_log":["ONE_RANDOM_RARE_CARD","THREE_ENEMY_KILL","BOSS_RELIC"],"neow_costs_skipped_log":["NONE","NONE","NONE"],"potions_obtained_entropic_brew":[[],[],[],[],[],[],[],[],[],[],[],[],[],[],[],[],[],[],[],[],[],[],[],[],[],[],[],[],[],[],[],[],[],[],[],[],[],[],[],[],[],[],[],[],[],[],[],[],[],[],[],[],[],[],[],[],[]],"gold_per_floor":[360,360,379,38,98,98,156,156,156,227,267,305,372,297,297,381,381,434,484,285,485,558,619,125,184,209,49,102,167,82,153,153,264,264,299,338,383,478,505,560,560,626,652,652,180,248,273,323,323,398,423,423,423,23,67,67],"floor_reached":57,"playtime":6373,"items_purged":["Strike_R","Strike_R","Strike_R+1"],"score":3292,"play_id":"62d899a1-c18f-461b-8124-f7379632b4c2","local_time":"20220917143901","score_breakdown":["Floors Climbed (57): 285","Enemies Slain (13): 26","Exordium Elites Killed (3): 30","City Elites Killed (3): 60","Beyond Elites Killed (4): 120","Bosses Slain (5): 750","I Like Shiny: 50","Raining Money (2292): 50","Champion (5): 125","Perfect (1): 50","Overkill: 25","Ascension (20): 1471","Heartbreaker: 250"],"is_ascension_mode":true,"potions_obtained_alchemize":[[],[],[],[],[],[],[],[],[],[],[],[],[],[],[],[],[],[],[],[],[],[],[],[],[],[],[],[],[],[],[],[],[],[],[],[],[],[],[],[],[],[],[],[],[],[],[],[],[],[],[],[],[],[],[],[],[]],"campfire_choices":[{"floor":6.0,"key":"REST"},{"data":"HandOfGreed","floor":8.0,"key":"SMITH"},{"data":"Bash","floor":15,"key":"SMITH"},{"data":"Body Slam","floor":32,"key":"SMITH"},{"floor":41,"key":"RECALL"},{"floor":44,"key":"REST"},{"floor":49,"key":"REST"},{"floor":53,"key":"REST"}],"lesson_learned_per_floor":[[],[],[],[],[],[],[],[],[],[],[],[],[],[],[],[],[],[],[],[],[],[],[],[],[],[],[],[],[],[],[],[],[],[],[],[],[],[],[],[],[],[],[],[],[],[],[],[],[],[],[],[],[],[],[],[],[]],"neow_cost":"PERCENT_DAMAGE","seed_source_timestamp":0,"shop_contents":[{"floor":4,"relics":["Nunchaku","Chemical X"],"cards":["Iron Wave","Uppercut","Dual Wield","Limit Break","Evolve","Swift Strike"],"potions":["SkillPotion","Regen Potion","Energy Potion"]},{"floor":20,"relics":["Dream Catcher","TungstenRod","HandDrill"],"cards":["Reckless Charge","Cleave","Havoc","Flex","Enlightenment","Sadistic Nature"],"potions":["LiquidBronze","Swift Potion"]},{"floor":24,"relics":["PrismaticShard"],"cards":["Perfected Strike","Reckless Charge","Shrug It Off","True Grit","Rupture","Blind","Metamorphosis"],"potions":["Explosive Potion","Block Potion"]},{"floor":27,"relics":["Anchor","Singing Bowl"],"cards":["Clothesline","Uppercut","Warcry","Shrug It Off","Metallicize","Bandage Up","Thinking Ahead"],"potions":["BlessingOfTheForge","BloodPotion","Energy Potion"]},{"floor":45,"relics":["InkBottle","Red Skull"],"cards":["Feed","Clash","Warcry","Flex","Metallicize","PanicButton"],"potions":["LiquidBronze","SteroidPotion","BlessingOfTheForge"]},{"floor":54,"relics":["Mango","Sundial"],"cards":["Headbutt","Sword Boomerang","Shrug It Off","Warcry","Inflame","Discovery","Panache"],"potions":["SmokeBomb"]}],"circlet_count":0,"master_deck":["AscendersBane","Strike_R+1","Defend_R","Defend_R","Defend_R","Defend_R","Bash+1","Power Through+1","Iron Wave","HandOfGreed+1","Pommel Strike","Second Wind","Anger","Inflame","Impervious","Offering","Burning Pact","Dark Embrace","Bloodletting","Impervious+1","Shockwave","Body Slam+1","Dual Wield+1","Fiend Fire","Disarm","Secret Technique","PanicButton","Flash of Steel","Disarm","Apotheosis","Body Slam","Disarm"],"special_seed":0,"potion_use_per_floor":[[],[],[],[],[],[],["PowerPotion"],[],[],[],["Weak Potion"],[],[],[],[],["PowerPotion","Weak Potion"],[],[],[],[],[],[],["PowerPotion"],[],["BloodPotion"],[],[],[],["Explosive Potion"],[],[],[],[],[],[],[],[],[],[],[],[],["Block Potion"],[],[],[],[],[],[],[],[],[],[],[],[],[],["Dexterity Potion","Fire Potion","Energy Potion"],[]],"relics":["Burning Blood","Pen Nib","Happy Flower","CeramicFish","Boot","Ancient Tea Set","Runic Pyramid","Juzu Bracelet","PreservedInsect","Pantograph","Whetstone","Blood Vial","Toolbox","Centennial Puzzle","Bag of Preparation","Fusion Hammer","Bag of Marbles","War Paint","Potion Belt","Medical Kit","Bottled Tornado","Bronze Scales","Gremlin Horn","ClockworkSouvenir","Toy Ornithopter"],"potions_floor_usage":[16,16,23,25,29,42,56,56,56],"damage_taken":[{"damage":6.0,"enemies":"Cultist","floor":1.0,"turns":3.0},{"damage":0.0,"enemies":"2 Louse","floor":3.0,"turns":3.0},{"damage":1.0,"enemies":"Small Slimes","floor":5.0,"turns":4.0},{"damage":11.0,"enemies":"3 Sentries","floor":7.0,"turns":6.0},{"damage":4.0,"enemies":"Exordium Thugs","floor":10.0,"turns":6.0},{"damage":21.0,"enemies":"Gremlin Nob","floor":11.0,"turns":4.0},{"damage":1.0,"enemies":"2 Fungi Beasts","floor":12.0,"turns":3.0},{"damage":25,"enemies":"3 Sentries","floor":13,"turns":6},{"damage":21,"enemies":"Hexaghost","floor":16,"turns":8},{"damage":15,"enemies":"2 Thieves","floor":18,"turns":5},{"damage":15,"enemies":"3 Byrds","floor":22,"turns":6},{"damage":20,"enemies":"Book of Stabbing","floor":23,"turns":4},{"damage":9,"enemies":"Gremlin Leader","floor":25,"turns":7},{"damage":3,"enemies":"Snake Plant","floor":28,"turns":6},{"damage":9,"enemies":"Slavers","floor":29,"turns":5},{"damage":4,"enemies":"Centurion and Healer","floor":31,"turns":13},{"damage":12,"enemies":"Automaton","floor":33,"turns":6},{"damage":9,"enemies":"Orb Walker","floor":35,"turns":3},{"damage":3,"enemies":"3 Darklings","floor":36,"turns":4},{"damage":6,"enemies":"Writhing Mass","floor":37,"turns":4},{"damage":14,"enemies":"Jaw Worm Horde","floor":38,"turns":6},{"damage":3,"enemies":"Giant Head","floor":40,"turns":5},{"damage":21,"enemies":"Nemesis","floor":42,"turns":5},{"damage":9,"enemies":"Giant Head","floor":46,"turns":2},{"damage":3,"enemies":"Reptomancer","floor":48,"turns":3},{"damage":26,"enemies":"Awakened One","floor":50,"turns":7},{"damage":12,"enemies":"Time Eater","floor":51,"turns":5},{"damage":9,"enemies":"Shield and Spear","floor":55,"turns":1},{"damage":52,"enemies":"The Heart","floor":56,"turns":6}],"green_key_taken_log":40,"seed_played":"-8986106544978096133","neow_bonus_log":{"cardsObtained":[],"cardsUpgraded":[],"cardsRemoved":[],"cardsTransformed":[],"relicsObtained":[],"maxHpGained":0,"goldGained":250,"damageTaken":18,"goldLost":0,"maxHpLost":0},"potions_obtained":[{"floor":3.0,"key":"PowerPotion"},{"floor":5.0,"key":"Weak Potion"},{"floor":7.0,"key":"Weak Potion"},{"floor":12.0,"key":"ElixirPotion"},{"floor":13,"key":"PowerPotion"},{"floor":18,"key":"BloodPotion"},{"floor":25,"key":"BlessingOfTheForge"},{"floor":28,"key":"Explosive Potion"},{"floor":29,"key":"Block Potion"},{"floor":48,"key":"ColorlessPotion"}],"is_trial":false,"path_per_floor":["M","?","M","$","M","R","E","R","T","M","E","M","E","?","R","B",null,"M","?","$","?","M","E","$","E","T","$","M","E","?","M","R","B",null,"M","M","M","M","?","E","R","E","T","R","$","E","T","E","R","B","B",null,"R","$","E","B",null],"character_chosen":"IRONCLAD","items_purchased":["HandOfGreed","Happy Flower","PowerPotion","Dark Embrace","PreservedInsect","Pantograph","Fire Potion","Toolbox","Medical Kit","Apotheosis","ClockworkSouvenir","Dexterity Potion","Energy Potion"],"campfire_rested":4,"item_purchase_floors":[4,4,20,20,24,24,24,27,45,45,54,54,54],"current_hp_per_floor":[50,24,30,30,35,57,52,52,52,54,39,44,25,25,25,10,59,50,50,50,50,41,27,27,39,39,39,44,43,43,47,47,68,73,72,75,75,67,57,62,62,49,49,71,71,70,70,75,75,55,69,74,75,75,72,44],"gold":67,"neow_bonus":"TWO_FIFTY_GOLD","is_prod":false,"is_daily":false,"rewards_skipped":[{"floor":35,"relics":[],"potions":["SkillPotion"]},{"floor":36,"relics":[],"potions":["Weak Potion"]}],"chose_seed":false,"campfire_upgraded":3,"win_rate":0,"floor_exit_playtime":[233,298,414,657,711,787,935,942,958,1051,1215,1286,1444,1517,1549,1928,1998,2222,2247,2395,2409,2631,2773,2920,3110,3113,3127,3277,3460,3472,3666,3699,4034,4064,4152,4321,4450,4592,4759,4973,4979,5123,5129,5135,5205,5353,5357,5453,5457,5692,5812,5823,5827,5916,5996,6373],"timestamp":1663439941,"blue_key_relic_skipped_log":{"floor":9,"relicID":"Unceasing Top"},"path_taken":["M","?","M","$","M","R","E","R","T","M","E","M","E","?","R","BOSS","M","?","$","?","M","E","$","E","T","$","M","E","?","M","R","BOSS","M","M","M","M","?","E","R","E","T","R","$","E","?","E","R","BOSS","BOSS","R","$","E","BOSS"],"build_version":"2022-03-07","purchased_purges":3,"victory":true,"max_hp_per_floor":[75,75,75,75,75,75,75,75,75,75,75,75,75,75,75,75,75,75,75,75,75,75,75,75,75,75,75,75,75,75,75,75,75,75,75,75,75,75,75,75,75,75,75,75,75,75,75,75,75,75,75,75,75,75,75,75],"card_choices":[{"not_picked":["Evolve","Body Slam"],"picked":"Power Through","floor":1.0},{"not_picked":["Armaments","Wild Strike"],"picked":"Iron Wave","floor":3.0},{"not_picked":["Havoc","Burning Pact"],"picked":"Pommel Strike","floor":5.0},{"not_picked":["Sever Soul","Perfected Strike"],"picked":"Second Wind","floor":7.0},{"not_picked":["Combust","Headbutt"],"picked":"Anger","floor":10.0},{"not_picked":["Blood for Blood","Flame Barrier"],"picked":"Inflame","floor":11.0},{"not_picked":["True Grit","Pommel Strike","Seeing Red"],"picked":"SKIP","floor":12.0},{"not_picked":["Seeing Red","Battle Trance"],"picked":"Impervious","floor":13},{"not_picked":["Barricade","Reaper"],"picked":"Offering","floor":16},{"not_picked":["Warcry","Anger"],"picked":"Burning Pact","floor":18},{"not_picked":["Clash","Body Slam"],"picked":"Bloodletting","floor":22},{"not_picked":["Combust","Wild Strike"],"picked":"Impervious","floor":23},{"not_picked":["Pummel","Headbutt","Rage"],"picked":"SKIP","floor":25},{"not_picked":["Body Slam","Clash+1"],"picked":"Shockwave","floor":28},{"not_picked":["Ghostly Armor","Wild Strike"],"picked":"Body Slam","floor":29},{"not_picked":["Clash","Sword Boomerang+1"],"picked":"Dual Wield+1","floor":31},{"not_picked":["Impervious","Immolate"],"picked":"Fiend Fire","floor":33},{"not_picked":["Havoc","Clash+1","Infernal Blade+1"],"picked":"SKIP","floor":35},{"not_picked":["Twin Strike","Headbutt+1","Infernal Blade"],"picked":"SKIP","floor":36},{"not_picked":["Seeing Red","Rupture"],"picked":"Disarm","floor":37},{"not_picked":["Twin Strike+1","Pummel","Perfected Strike"],"picked":"SKIP","floor":38},{"not_picked":["Panacea","Bandage Up"],"picked":"Secret Technique","floor":39},{"not_picked":["Blind","Mind Blast"],"picked":"PanicButton","floor":39},{"not_picked":["Good Instincts","Bandage Up"],"picked":"Flash of Steel","floor":39},{"not_picked":["Carnage","Anger","Pommel Strike"],"picked":"SKIP","floor":40},{"not_picked":["Sword Boomerang","Thunderclap"],"picked":"Disarm","floor":42},{"not_picked":["Headbutt","Bludgeon"],"picked":"Body Slam","floor":46},{"not_picked":["Body Slam","Armaments+1","Battle Trance"],"picked":"SKIP","floor":48},{"not_picked":["Burning Pact+1","Dropkick+1"],"picked":"Disarm","floor":55}],"player_experience":61426,"relics_obtained":[{"floor":7.0,"key":"CeramicFish"},{"floor":11.0,"key":"Boot"},{"floor":13,"key":"Ancient Tea Set"},{"floor":23,"key":"Juzu Bracelet"},{"floor":25,"key":"Whetstone"},{"floor":26,"key":"Blood Vial"},{"floor":29,"key":"Centennial Puzzle"},{"floor":40,"key":"Bag of Marbles"},{"floor":42,"key":"War Paint"},{"floor":43,"key":"Potion Belt"},{"floor":46,"key":"Bottled Tornado"},{"floor":47,"key":"Bronze Scales"},{"floor":48,"key":"Gremlin Horn"},{"floor":55,"key":"Toy Ornithopter"}],"event_choices":[{"damage_healed":0.0,"max_hp_gain":0.0,"max_hp_loss":0.0,"gold_gain":0.0,"event_name":"Scrap Ooze","player_choice":"Success","floor":2.0,"gold_loss":0.0,"damage_taken":26.0,"relics_obtained":["Pen Nib"]},{"cards_removed":["Strike_R"],"damage_healed":0,"gold_gain":0,"player_choice":"Card Removal","damage_taken":0,"max_hp_gain":0,"max_hp_loss":0,"event_name":"The Cleric","floor":14,"gold_loss":75},{"damage_healed":0,"gold_gain":50,"player_choice":"Stole From Cult","damage_taken":0,"max_hp_gain":0,"max_hp_loss":0,"event_name":"Nest","floor":19,"gold_loss":0},{"damage_healed":0,"gold_gain":200,"player_choice":"Gold","damage_taken":0,"max_hp_gain":0,"max_hp_loss":0,"event_name":"Wheel of Change","floor":21,"gold_loss":0},{"damage_healed":0,"gold_gain":0,"player_choice":"Obtained Relic","damage_taken":0,"relics_obtained":["Bag of Preparation"],"max_hp_gain":0,"max_hp_loss":0,"event_name":"Addict","floor":30,"gold_loss":85},{"damage_healed":0,"gold_gain":0,"player_choice":"Memory 3","damage_taken":10,"max_hp_gain":0,"max_hp_loss":0,"event_name":"SensoryStone","floor":39,"gold_loss":0}],"is_beta":false,"boss_relics":[{"not_picked":["Black Star","Calling Bell"],"picked":"Runic Pyramid"},{"not_picked":["Mark of Pain","Tiny House"],"picked":"Fusion Hammer"}],"items_purged_floors":[20,45,54],"is_endless":false,"potions_floor_spawned":[3,5,7,12,13,18,25,28,29,35,36,48],"ascension_level":20,"potion_discard_per_floor":[[],[],[],[],[],[],[],[],[],[],[],[],["ElixirPotion"],[],[],[],[],[],[],[],[],[],[],[],[],[],[],["BlessingOfTheForge"],[],[],[],[],[],[],[],[],[],[],[],[],[],[],[],[],[],[],[],[],[],[],[],[],[],[],[],[],[]]}