{"neow_bonuses_skipped_log":["RANDOM_COLORLESS","RANDOM_COMMON_RELIC","BOSS_RELIC"],"neow_costs_skipped_log":["NONE","NONE","NONE"],"potions_obtained_entropic_brew":[[],[],[],[],[],[],[],[],[],[],[],[],[],[],[],[],[],[],[],[],[],[],[],[],[],[],[],[],[],[],[],[],[],[],[],[],[],[],[],[],[],[],[],[],[],[],[],[],[],[],[],[],[],[],[],[],[]],"gold_per_floor":[119,133,147,159,159,159,191,203,203,228,240,252,21,47,47,126,126,144,144,182,194,204,204,238,238,261,286,286,314,314,331,331,408,408,418,343,362,85,95,95,107,140,140,175,175,175,195,195,195,195,195,195,195,22,54,54],"floor_reached":57,"playtime":8958,"items_purged":["Anger"],"score":2880,"play_id":"94e8a609-a433-4a12-beba-399ae6e1a850","local_time":"20220916160853","falling_options_log":["Clothesline+1","Metallicize"],"score_breakdown":["Floors Climbed (57): 285","Enemies Slain (15): 30","Exordium Elites Killed (3): 30","City Elites Killed (3): 60","Beyond Elites Killed (2): 60","Bosses Slain (5): 750","Champion (4): 100","Ascension (20): 1315","Heartbreaker: 250"],"is_ascension_mode":true,"potions_obtained_alchemize":[[],[],[],[],[],[],[],[],[],[],[],[],[],[],[],[],[],[],[],[],[],[],[],[],[],[],[],[],[],[],[],[],[],[],[],[],[],[],[],[],[],[],[],[],[],[],[],[],[],[],[],[],[],[],[],[],[]],"campfire_choices":[{"data":"Carnage","floor":6,"key":"SMITH"},{"data":"Strike_R","floor":12,"key":"PURGE"},{"data":"Strike_R","floor":15,"key":"PURGE"},{"data":"Armaments","floor":23,"key":"SMITH"},{"data":"Normality","floor":30,"key":"PURGE"},{"floor":32,"key":"REST"},{"floor":40,"key":"RECALL"},{"data":"Hemokinesis","floor":45,"key":"PURGE"},{"data":"Juggernaut","floor":49,"key":"SMITH"},{"data":"Offering","floor":53,"key":"SMITH"}],"lesson_learned_per_floor":[[],[],[],[],[],[],[],[],[],[],[],[],[],[],[],[],[],[],[],[],[],[],[],[],[],[],[],[],[],[],[],[],[],[],[],[],[],[],[],[],[],[],[],[],[],[],[],[],[],[],[],[],[],[],[],[],[]],"neow_cost":"TEN_PERCENT_HP_LOSS","seed_source_timestamp":177318765595200,"shop_contents":[{"floor":13,"relics":["Frozen Egg 2","Juzu Bracelet"],"cards":["Wild Strike","Sword Boomerang","True Grit","Dual Wield","Flash of Steel","The Bomb"],"potions":["GamblersBrew","LiquidBronze","HeartOfIron"]},{"floor":36,"relics":["Bag of Marbles","CaptainsWheel","Brimstone"],"cards":["Sever Soul","Blood for Blood","Entrench","Sentinel","Inflame","Enlightenment","Mayhem"],"potions":["Block Potion","FearPotion","SpeedPotion"]},{"floor":38,"relics":["CeramicFish","Strange Spoon"],"cards":["Uppercut","Sword Boomerang","Intimidate","Armaments","Inflame","Madness","Apotheosis"],"potions":["EntropicBrew","BlessingOfTheForge","SneckoOil"]},{"floor":54,"relics":["Bronze Scales","Orrery"],"cards":["Cleave","Blood for Blood","Flame Barrier","Dual Wield","Inflame","Good Instincts","Panache"],"potions":["PowerPotion","Ancient Potion","LiquidMemories"]}],"circlet_count":0,"master_deck":["AscendersBane","Defend_R","Defend_R","Defend_R","Defend_R","Bash","Carnage+1","Combust","Offering+1","Power Through","Evolve","Shockwave","Offering","Feel No Pain+1","Armaments+1","Pommel Strike","Metallicize","Corruption","Power Through+1","Shrug It Off","Juggernaut+1","Clothesline+1","Shockwave+1","Spot Weakness"],"potion_use_per_floor":[[],[],[],[],[],[],["Strength Potion"],[],[],[],[],[],[],[],[],[],[],[],[],["ColorlessPotion"],["Regen Potion"],[],[],[],[],[],["ColorlessPotion"],[],[],[],[],[],[],[],[],[],[],[],[],[],[],["Fruit Juice"],[],[],[],[],[],[],[],[],[],[],[],[],[],["Swift Potion"],[]],"relics":["Burning Blood","Peace Pipe","PreservedInsect","Incense Burner","MawBank","TheAbacus","Gremlin Horn","Cursed Key","Meat on the Bone","InkBottle","Ornamental Fan","Snecko Eye","Self Forming Clay","Red Skull","Question Card","Bag of Preparation","StrikeDummy"],"potions_floor_usage":[7,20,21,27,42,56],"damage_taken":[{"damage":1,"enemies":"Small Slimes","floor":1,"turns":4},{"damage":8,"enemies":"Cultist","floor":2,"turns":5},{"damage":10,"enemies":"2 Louse","floor":3,"turns":3},{"damage":21,"enemies":"Large Slime","floor":4,"turns":6},{"damage":37,"enemies":"Lagavulin","floor":7,"turns":4},{"damage":10,"enemies":"Lots of Slimes","floor":8,"turns":2},{"damage":10,"enemies":"3 Sentries","floor":10,"turns":3},{"damage":5,"enemies":"Gremlin Nob","floor":14,"turns":4},{"damage":28,"enemies":"Slime Boss","floor":16,"turns":6},{"damage":8,"enemies":"Chosen","floor":18,"turns":5},{"damage":16,"enemies":"Shell Parasite","floor":20,"turns":2},{"damage":13,"enemies":"Centurion and Healer","floor":21,"turns":9},{"damage":4,"enemies":"Chosen and Byrds","floor":22,"turns":10},{"damage":30,"enemies":"Gremlin Leader","floor":24,"turns":7},{"damage":17,"enemies":"Book of Stabbing","floor":27,"turns":4},{"damage":22,"enemies":"Slavers","floor":29,"turns":3},{"damage":13,"enemies":"Snecko","floor":31,"turns":6},{"damage":43,"enemies":"Automaton","floor":33,"turns":10},{"damage":0,"enemies":"3 Shapes","floor":35,"turns":4},{"damage":6,"enemies":"3 Darklings","floor":37,"turns":4},{"damage":6,"enemies":"Transient","floor":39,"turns":6},{"damage":2,"enemies":"Writhing Mass","floor":41,"turns":4},{"damage":10,"enemies":"Nemesis","floor":42,"turns":5},{"damage":13,"enemies":"Reptomancer","floor":44,"turns":5},{"damage":28,"enemies":"4 Shapes","floor":47,"turns":7},{"damage":14,"enemies":"Donu and Deca","floor":50,"turns":8},{"damage":18,"enemies":"Time Eater","floor":51,"turns":9},{"damage":29,"enemies":"Shield and Spear","floor":55,"turns":3},{"damage":38,"enemies":"The Heart","floor":56,"turns":8}],"green_key_taken_log":44,"seed_played":"2645331776824996207","neow_bonus_log":{"cardsObtained":[],"cardsUpgraded":[],"cardsRemoved":[],"cardsTransformed":[],"relicsObtained":["Peace Pipe"],"maxHpGained":0,"goldGained":0,"damageTaken":0,"goldLost":0,"maxHpLost":7},"potions_obtained":[{"floor":1,"key":"Strength Potion"},{"floor":3,"key":"FairyPotion"},{"floor":10,"key":"ElixirPotion"},{"floor":14,"key":"ColorlessPotion"},{"floor":20,"key":"Regen Potion"},{"floor":21,"key":"BlessingOfTheForge"},{"floor":24,"key":"ColorlessPotion"},{"floor":33,"key":"Strength Potion"},{"floor":35,"key":"Swift Potion"},{"floor":41,"key":"Fruit Juice"},{"floor":42,"key":"Swift Potion"}],"is_trial":false,"path_per_floor":["M","M","M","M","?","R","E","M","T","E","?","R","$","E","R","B",null,"M","T","M","M","M","R","E","?","T","E","?","E","R","M","R","B",null,"M","$","M","$","M","R","M","E","T","E","R","?","M","?","R","B","B",null,"R","$","E","B",null],"character_chosen":"IRONCLAD","items_purchased":["TheAbacus","Evolve","Self Forming Clay","Bag of Preparation"],"campfire_rested":1,"item_purchase_floors":[13,13,38,54],"current_hp_per_floor":[68,66,62,47,68,68,37,33,33,29,29,29,29,30,30,8,53,51,51,41,49,51,51,27,27,27,28,28,24,24,29,49,24,57,63,63,63,63,63,63,67,68,68,61,61,61,51,51,51,43,43,63,63,63,52,32],"gold":54,"neow_bonus":"ONE_RARE_RELIC","is_prod":false,"is_daily":false,"rewards_skipped":[{"floor":16,"relics":[],"potions":["LiquidBronze"]},{"floor":37,"relics":[],"potions":["SteroidPotion"]}],"chose_seed":false,"campfire_upgraded":4,"win_rate":0,"floor_exit_playtime":[309,412,491,659,937,945,1133,1219,1232,1315,1323,1443,1854,1993,2005,2507,2773,3006,3114,3332,3590,3894,3909,4214,4293,4316,4433,4445,4635,4643,4750,4973,5640,5825,5938,6128,6225,6352,6453,6497,6628,6744,6759,6967,7023,7107,7237,7251,7314,7644,7905,7917,7989,8108,8533,8958],"timestamp":1663358933,"blue_key_relic_skipped_log":{"floor":26,"relicID":"Blood Vial"},"path_taken":["M","M","M","M","?","R","E","M","T","E","?","R","$","E","R","BOSS","M","?","M","M","M","R","E","?","T","E","?","E","R","M","R","BOSS","M","$","M","$","M","R","M","E","T","E","R","?","M","?","R","BOSS","BOSS","R","$","E","BOSS"],"build_version":"2022-03-07","purchased_purges":1,"victory":true,"max_hp_per_floor":[68,68,68,68,68,68,68,68,68,68,68,68,68,68,68,68,68,68,68,68,68,68,68,68,68,68,68,68,68,68,68,68,68,68,68,68,68,68,68,68,68,73,73,73,73,73,73,69,69,69,69,69,69,69,69,69],"card_choices":[{"not_picked":["Heavy Blade","Flame Barrier"],"picked":"Anger","floor":1},{"not_picked":["Iron Wave","Second Wind"],"picked":"Carnage","floor":2},{"not_picked":["Havoc","True Grit","Anger"],"picked":"SKIP","floor":3},{"not_picked":["Entrench","Iron Wave"],"picked":"Combust","floor":4},{"not_picked":["Body Slam","Cleave"],"picked":"Offering","floor":7},{"not_picked":["Flex","Cleave"],"picked":"Hemokinesis","floor":8},{"not_picked":["Evolve","Juggernaut"],"picked":"Power Through","floor":10},{"not_picked":["Thunderclap","Anger"],"picked":"Shockwave","floor":14},{"not_picked":["Barricade","Bludgeon"],"picked":"Offering","floor":16},{"not_picked":["Iron Wave","Bloodletting"],"picked":"Feel No Pain+1","floor":18},{"not_picked":["Havoc+1","Warcry"],"picked":"Armaments","floor":20},{"not_picked":["Anger","Headbutt+1","Entrench"],"picked":"SKIP","floor":21},{"not_picked":["Thunderclap","Flex","Wild Strike"],"picked":"SKIP","floor":22},{"not_picked":["Sword Boomerang+1","Hemokinesis"],"picked":"Pommel Strike","floor":24},{"not_picked":["Pommel Strike","Inflame"],"picked":"Corruption","floor":27},{"not_picked":["Combust","Intimidate"],"picked":"Power Through+1","floor":29},{"not_picked":["Flex","Twin Strike"],"picked":"Shrug It Off","floor":31},{"not_picked":["Offering","Bludgeon"],"picked":"Juggernaut","floor":33},{"not_picked":["Infernal Blade","Blood for Blood","Cleave+1"],"picked":"SKIP","floor":35},{"not_picked":["Havoc","Cleave","Iron Wave"],"picked":"SKIP","floor":37},{"not_picked":["Intimidate+1","Warcry","Reckless Charge+1"],"picked":"SKIP","floor":39},{"not_picked":["True Grit","Heavy Blade"],"picked":"Clothesline+1","floor":41},{"not_picked":["Brutality","Clothesline","Evolve"],"picked":"SKIP","floor":42},{"not_picked":["Fire Breathing+1","Headbutt+1"],"picked":"Shockwave+1","floor":44},{"not_picked":["Headbutt+1","Combust+1","Twin Strike","Clash+1"],"picked":"SKIP","floor":47},{"not_picked":["Searing Blow+1","Corruption","Sword Boomerang"],"picked":"Spot Weakness","floor":55}],"player_experience":42081,"relics_obtained":[{"floor":7,"key":"PreservedInsect"},{"floor":9,"key":"Incense Burner"},{"floor":10,"key":"MawBank"},{"floor":14,"key":"Gremlin Horn"},{"floor":24,"key":"Meat on the Bone"},{"floor":27,"key":"InkBottle"},{"floor":29,"key":"Ornamental Fan"},{"floor":42,"key":"Red Skull"},{"floor":44,"key":"Question Card"},{"floor":55,"key":"StrikeDummy"}],"event_choices":[{"damage_healed":22,"gold_gain":0,"player_choice":"Banana","damage_taken":0,"max_hp_gain":0,"max_hp_loss":0,"event_name":"Big Fish","floor":5,"gold_loss":0},{"cards_removed":["Strike_R"],"damage_healed":0,"gold_gain":0,"player_choice":"Purged","damage_taken":0,"max_hp_gain":0,"max_hp_loss":0,"event_name":"Purifier","floor":11,"gold_loss":0},{"damage_healed":0,"gold_gain":0,"cards_transformed":["Strike_R","Strike_R"],"player_choice":"Became Test Subject","damage_taken":0,"max_hp_gain":0,"max_hp_loss":0,"event_name":"Drug Dealer","floor":25,"gold_loss":0,"cards_obtained":["Intimidate","Metallicize"]},{"damage_healed":0,"gold_gain":0,"player_choice":"Ignored","damage_taken":0,"max_hp_gain":0,"max_hp_loss":0,"event_name":"The Mausoleum","floor":28,"gold_loss":0},{"cards_removed":["Intimidate"],"damage_healed":0,"gold_gain":0,"player_choice":"Removed Skill","damage_taken":0,"max_hp_gain":0,"max_hp_loss":0,"event_name":"Falling","floor":46,"gold_loss":0},{"damage_healed":0,"gold_gain":0,"player_choice":"Max HP","damage_taken":0,"max_hp_gain":0,"max_hp_loss":4,"event_name":"Winding Halls","floor":48,"gold_loss":0}],"is_beta":false,"boss_relics":[{"not_picked":["SacredBark","Black Blood"],"picked":"Cursed Key"},{"not_picked":["Tiny House","Mark of Pain"],"picked":"Snecko Eye"}],"items_purged_floors":[36],"is_endless":false,"potions_floor_spawned":[1,3,10,14,16,20,21,24,33,35,37,41,42],"ascension_level":20,"potion_discard_per_floor":[[],[],[],[],[],[],[],[],[],[],[],[],[],["ElixirPotion"],[],[],[],[],[],[],[],[],[],["BlessingOfTheForge"],[],[],[],[],[],[],[],[],[],[],["Strength Potion"],[],[],[],[],[],["Swift Potion"],[],[],[],[],[],[],[],[],[],[],[],[],[],[],[],[]]}