{"neow_bonuses_skipped_log":["ONE_RANDOM_RARE_CARD","THREE_ENEMY_KILL","BOSS_RELIC"],"potions_obtained_entropic_brew":[[],[],[],[],[],[],[],[],[],[],["SteroidPotion","Swift Potion"],[],[],[],[],[],[],[],[],[],[],[],[],[],[],[],[],[],[],[],[],[],[],[],[],[],[],[],[],[],[],[],[],[],[],[],[],[],[],[],[],[],[],[],[],[],[]],"neow_costs_skipped_log":["NONE","NONE","NONE"],"gold_per_floor":[118,134,144,154,3,3,33,33,33,33,62,62,87,114,114,189,189,208,133,133,144,144,176,186,218,218,252,252,284,300,126,126,200,200,214,225,225,275,290,290,321,321,321,347,347,379,379,207,207,207,207,207,207,42,75,75],"floor_reached":57,"playtime":8501,"items_purged":["Strike_R"],"score":3014,"play_id":"ba80b889-d404-4eef-b383-bdf73c69f773","local_time":"20220930181910","score_breakdown":["Floors Climbed (57): 285","Enemies Slain (11): 22","Exordium Elites Killed (3): 30","City Elites Killed (4): 80","Beyond Elites Killed (3): 90","Bosses Slain (5): 750","Collector (1): 25","Librarian: 25","Stuffed: 50","Champion (2): 50","C-c-c-combo: 25","Ascension (20): 1332","Heartbreaker: 250"],"is_ascension_mode":true,"potions_obtained_alchemize":[[],[],[],[],[],[],[],[],[],[],[],[],[],[],[],[],[],[],[],[],[],[],[],[],[],[],[],[],[],[],[],[],[],[],[],[],[],[],[],[],[],[],[],[],[],[],[],[],[],[],[],[],[],[],[],[],[]],"campfire_choices":[{"data":"Blood for Blood","floor":6,"key":"SMITH"},{"data":"Body Slam","floor":8,"key":"SMITH"},{"data":"Dramatic Entrance","floor":10,"key":"SMITH"},{"data":"Corruption","floor":15,"key":"SMITH"},{"floor":32,"key":"RECALL"},{"floor":40,"key":"REST"},{"floor":42,"key":"REST"},{"floor":45,"key":"REST"},{"floor":49,"key":"REST"},{"floor":53,"key":"REST"}],"lesson_learned_per_floor":[[],[],[],[],[],[],[],[],[],[],[],[],[],[],[],[],[],[],[],[],[],[],[],[],[],[],[],[],[],[],[],[],[],[],[],[],[],[],[],[],[],[],[],[],[],[],[],[],[],[],[],[],[],[],[],[],[]],"neow_cost":"TEN_PERCENT_HP_LOSS","improvable_cards":{},"seed_source_timestamp":755720280839800,"shop_contents":[{"floor":5,"relics":["Centennial Puzzle","Art of War","Brimstone"],"cards":["Heavy Blade","Searing Blow","Impervious","Warcry","Feel No Pain","Apotheosis"],"potions":["DistilledChaos","Fruit Juice"]},{"floor":31,"relics":["Pantograph","MealTicket","DollysMirror"],"cards":["Iron Wave","Wild Strike","Flame Barrier","Battle Trance","Metallicize","Thinking Ahead"],"potions":["FairyPotion","AttackPotion","SpeedPotion"]},{"floor":48,"relics":["Happy Flower","PreservedInsect"],"cards":["Pummel","Headbutt","Flex","Second Wind","Combust","Forethought","HandOfGreed"],"potions":["BloodPotion","Energy Potion","BlessingOfTheForge"]},{"floor":54,"relics":["War Paint","Bottled Tornado"],"cards":["Sever Soul","Reckless Charge","Impervious","Shockwave","Berserk","Good Instincts","Chrysalis"],"potions":["ElixirPotion","Explosive Potion","Swift Potion"]}],"circlet_count":0,"master_deck":["AscendersBane","Defend_R","Defend_R","Defend_R","Defend_R","Bash","Body Slam+1","Blood for Blood+1","Shockwave","Dramatic Entrance+1","Corruption+1","Spot Weakness","Shockwave","Feed","Evolve","Shrug It Off","Offering","Shrug It Off","Flash of Steel","Impervious","Dual Wield","Flash of Steel","Discovery","Discovery","Spot Weakness","Second Wind","Shrug It Off","Burning Pact","Fiend Fire","Exhume","Shockwave","Spot Weakness","Offering","Reaper","Shrug It Off","Warcry+1","Barricade"],"potion_use_per_floor":[[],[],[],[],[],[],["PowerPotion"],[],[],[],["EntropicBrew","Swift Potion"],[],[],[],[],["SteroidPotion","SteroidPotion"],[],[],[],[],[],[],["SteroidPotion"],[],[],[],[],[],[],[],[],[],["SteroidPotion"],[],[],[],[],["ColorlessPotion"],[],[],[],[],[],[],[],[],[],[],[],[],[],[],[],[],["Strength Potion"],["LiquidMemories"],[]],"relics":["Burning Blood","Meat on the Bone","Juzu Bracelet","Sundial","Odd Mushroom","Bag of Preparation","Fusion Hammer","Nloth\u0027s Gift","Dream Catcher","Gremlin Horn","Omamori","Boot","Strawberry","SlaversCollar","Prayer Wheel","Akabeko","Pen Nib","Vajra","ClockworkSouvenir","Orrery","Ornamental Fan"],"potions_floor_usage":[7,11,11,16,16,23,33,38,55,56],"damage_taken":[{"damage":8,"enemies":"2 Louse","floor":1,"turns":3},{"damage":4,"enemies":"Small Slimes","floor":2,"turns":5},{"damage":6,"enemies":"Jaw Worm","floor":3,"turns":6},{"damage":17,"enemies":"Blue Slaver","floor":4,"turns":6},{"damage":20,"enemies":"3 Sentries","floor":7,"turns":5},{"damage":8,"enemies":"Gremlin Nob","floor":11,"turns":3},{"damage":2,"enemies":"The Mushroom Lair","floor":13,"turns":3},{"damage":15,"enemies":"Lagavulin","floor":14,"turns":6},{"damage":23,"enemies":"Slime Boss","floor":16,"turns":10},{"damage":18,"enemies":"3 Byrds","floor":18,"turns":5},{"damage":6,"enemies":"2 Thieves","floor":21,"turns":2},{"damage":15,"enemies":"Slavers","floor":23,"turns":4},{"damage":6,"enemies":"Snake Plant","floor":24,"turns":2},{"damage":20,"enemies":"Gremlin Leader","floor":25,"turns":6},{"damage":36,"enemies":"Slavers","floor":27,"turns":4},{"damage":6,"enemies":"Gremlin Leader","floor":29,"turns":5},{"damage":27,"enemies":"Shelled Parasite and Fungi","floor":30,"turns":5},{"damage":15,"enemies":"Champ","floor":33,"turns":10},{"damage":14,"enemies":"3 Darklings","floor":35,"turns":4},{"damage":17,"enemies":"Orb Walker","floor":36,"turns":4},{"damage":3,"enemies":"2 Orb Walkers","floor":38,"turns":3},{"damage":11,"enemies":"Sphere and 2 Shapes","floor":39,"turns":5},{"damage":43,"enemies":"Reptomancer","floor":41,"turns":5},{"damage":44,"enemies":"Nemesis","floor":44,"turns":5},{"damage":6,"enemies":"Reptomancer","floor":46,"turns":3},{"damage":20,"enemies":"Awakened One","floor":50,"turns":6},{"damage":95,"enemies":"Time Eater","floor":51,"turns":11},{"damage":78,"enemies":"Shield and Spear","floor":55,"turns":5},{"damage":115,"enemies":"The Heart","floor":56,"turns":7}],"green_key_taken_log":27,"seed_played":"979410599028452055","neow_bonus_log":{"cardsObtained":[],"cardsUpgraded":[],"cardsRemoved":["Strike_R","Strike_R"],"cardsTransformed":[],"relicsObtained":[],"maxHpGained":0,"goldGained":0,"damageTaken":0,"goldLost":0,"maxHpLost":7},"potions_obtained":[{"floor":2,"key":"EntropicBrew"},{"floor":4,"key":"ElixirPotion"},{"floor":13,"key":"SteroidPotion"},{"floor":16,"key":"SteroidPotion"},{"floor":24,"key":"SteroidPotion"},{"floor":27,"key":"SteroidPotion"},{"floor":33,"key":"ColorlessPotion"},{"floor":38,"key":"Strength Potion"},{"floor":44,"key":"LiquidMemories"}],"is_trial":false,"path_per_floor":["M","M","M","M","$","R","E","R","T","R","E","T","?","E","R","B",null,"M","?","?","M","?","E","M","E","T","E","?","E","M","$","R","B",null,"M","M","?","?","M","R","E","R","T","E","R","E","?","$","R","B","B",null,"R","$","E","B",null],"character_chosen":"IRONCLAD","items_purchased":["Dramatic Entrance","PowerPotion","Flash of Steel","ClockworkSouvenir","Orrery"],"campfire_rested":5,"item_purchase_floors":[5,5,31,48,54],"current_hp_per_floor":[66,68,68,57,57,57,43,43,53,53,51,51,55,46,46,41,69,60,60,60,63,63,57,57,58,58,43,43,65,59,59,59,65,98,93,85,75,82,83,120,86,124,124,89,128,131,134,134,134,123,49,117,140,140,135,63],"gold":75,"neow_bonus":"REMOVE_TWO","is_prod":false,"is_daily":false,"rewards_skipped":[{"floor":29,"relics":[],"potions":["GamblersBrew"]},{"floor":30,"relics":[],"potions":["Energy Potion"]}],"chose_seed":false,"campfire_upgraded":4,"win_rate":0,"floor_exit_playtime":[204,370,557,763,885,933,1237,1249,1256,1270,1514,1535,1709,1786,1796,2368,2678,3000,3020,3054,3100,3157,3308,3365,3641,3716,4038,4087,4194,4285,4737,4753,5471,5606,5890,5985,6068,6436,6601,6618,6747,6753,6757,6853,6862,7012,7027,7089,7094,7410,7823,7835,7850,7932,8206,8501],"timestamp":1664576350,"blue_key_relic_skipped_log":{"floor":43,"relicID":"Champion Belt"},"path_taken":["M","M","M","M","?","R","E","R","T","R","E","?","?","E","R","BOSS","M","?","?","M","?","E","M","E","T","E","?","E","M","$","R","BOSS","M","M","?","?","M","R","E","R","T","E","R","E","?","$","R","BOSS","BOSS","R","$","E","BOSS"],"build_version":"2022-03-07","purchased_purges":1,"victory":true,"max_hp_per_floor":[68,68,68,68,68,68,68,68,78,78,78,78,78,78,78,78,78,81,81,81,84,84,87,87,90,90,93,93,103,106,106,106,109,109,112,115,115,119,125,125,128,128,128,131,131,134,134,134,134,137,140,140,140,140,140,140],"card_choices":[{"not_picked":["Dual Wield","Rage","Flex"],"picked":"SKIP","floor":1},{"not_picked":["Heavy Blade","Flex"],"picked":"Body Slam","floor":2},{"not_picked":["Second Wind","Clash"],"picked":"Blood for Blood","floor":3},{"not_picked":["Twin Strike","Inflame"],"picked":"Shockwave","floor":4},{"not_picked":["Barricade","Uppercut","Warcry"],"picked":"SKIP","floor":7},{"not_picked":["Uppercut","Twin Strike"],"picked":"Corruption","floor":11},{"not_picked":["Infernal Blade","Cleave"],"picked":"Spot Weakness","floor":13},{"not_picked":["Dropkick","Clothesline"],"picked":"Shockwave","floor":14},{"not_picked":["Barricade","Exhume"],"picked":"Feed","floor":16},{"not_picked":["Heavy Blade","Rupture"],"picked":"Evolve","floor":18},{"not_picked":["Anger","Uppercut"],"picked":"Shrug It Off","floor":21},{"not_picked":["Dropkick","Headbutt"],"picked":"Offering","floor":23},{"not_picked":["Clash","Seeing Red+1","Evolve"],"picked":"SKIP","floor":24},{"not_picked":["Carnage","Shockwave+1"],"picked":"Shrug It Off","floor":25},{"not_picked":["Immolate","Warcry","Demon Form"],"picked":"SKIP","floor":27},{"not_picked":["Flex","Iron Wave","Fire Breathing"],"picked":"SKIP","floor":29},{"not_picked":["Uppercut","Ghostly Armor","True Grit"],"picked":"SKIP","floor":30},{"not_picked":["Feed","Barricade"],"picked":"Impervious","floor":33},{"not_picked":["Power Through+1","Wild Strike"],"picked":"Dual Wield","floor":35},{"not_picked":["Heavy Blade+1","Sword Boomerang","True Grit"],"picked":"SKIP","floor":36},{"not_picked":["Forethought","Madness"],"picked":"Flash of Steel","floor":37},{"not_picked":["Jack Of All Trades","Mind Blast"],"picked":"Discovery","floor":37},{"not_picked":["Metamorphosis","Panache"],"picked":"Discovery","floor":37},{"not_picked":["Dual Wield","Flame Barrier"],"picked":"Spot Weakness","floor":38},{"not_picked":["Rupture+1","Hemokinesis"],"picked":"Second Wind","floor":39},{"not_picked":["Cleave+1","Body Slam+1"],"picked":"Shrug It Off","floor":39},{"not_picked":["Wild Strike+1","Pommel Strike"],"picked":"Burning Pact","floor":40},{"not_picked":["Perfected Strike+1","Corruption"],"picked":"Fiend Fire","floor":41},{"not_picked":["Hemokinesis","Combust"],"picked":"Exhume","floor":44},{"not_picked":["Corruption","Bludgeon"],"picked":"Shockwave","floor":46},{"not_picked":["Uppercut","Rampage+1"],"picked":"Spot Weakness","floor":53},{"not_picked":["Heavy Blade+1","Flex+1"],"picked":"Offering","floor":54},{"not_picked":["Iron Wave","Clash"],"picked":"Reaper","floor":54},{"not_picked":["Rupture","Battle Trance"],"picked":"Shrug It Off","floor":54},{"not_picked":["Uppercut+1","Feed"],"picked":"Warcry+1","floor":54},{"not_picked":["Metallicize","Twin Strike","Clothesline"],"picked":"SKIP","floor":54},{"not_picked":["Corruption","Thunderclap"],"picked":"Barricade","floor":55}],"player_experience":138395,"relics_obtained":[{"floor":7,"key":"Meat on the Bone"},{"floor":9,"key":"Pear"},{"floor":11,"key":"Juzu Bracelet"},{"floor":12,"key":"Sundial"},{"floor":13,"key":"Odd Mushroom"},{"floor":14,"key":"Bag of Preparation"},{"floor":23,"key":"Dream Catcher"},{"floor":25,"key":"Gremlin Horn"},{"floor":26,"key":"Omamori"},{"floor":27,"key":"Boot"},{"floor":29,"key":"Strawberry"},{"floor":38,"key":"Prayer Wheel"},{"floor":41,"key":"Akabeko"},{"floor":44,"key":"Pen Nib"},{"floor":46,"key":"Vajra"},{"floor":55,"key":"Ornamental Fan"}],"event_choices":[{"damage_healed":0,"gold_gain":0,"player_choice":"Fought Mushrooms","damage_taken":0,"max_hp_gain":0,"max_hp_loss":0,"event_name":"Mushrooms","floor":13,"gold_loss":0},{"cards_removed":["Strike_R"],"damage_healed":0,"gold_gain":0,"player_choice":"Gave Gold","damage_taken":0,"max_hp_gain":0,"max_hp_loss":0,"event_name":"Beggar","floor":19,"gold_loss":75},{"damage_healed":0,"gold_gain":0,"player_choice":"Traded Relic","damage_taken":0,"relics_obtained":["Nloth\u0027s Gift"],"max_hp_gain":0,"max_hp_loss":0,"event_name":"N\u0027loth","floor":20,"relics_lost":["Pear"],"gold_loss":0},{"damage_healed":0,"gold_gain":0,"player_choice":"Ignored","damage_taken":0,"max_hp_gain":0,"max_hp_loss":0,"event_name":"The Mausoleum","floor":22,"gold_loss":0},{"cards_removed":["Strike_R"],"damage_healed":0,"gold_gain":0,"player_choice":"Elegance","damage_taken":0,"max_hp_gain":0,"max_hp_loss":0,"event_name":"Back to Basics","floor":28,"gold_loss":0},{"damage_healed":0,"gold_gain":0,"player_choice":"Memory 3","damage_taken":10,"max_hp_gain":0,"max_hp_loss":0,"event_name":"SensoryStone","floor":37,"gold_loss":0},{"damage_healed":0,"gold_gain":0,"player_choice":"Fight","damage_taken":0,"max_hp_gain":0,"max_hp_loss":0,"event_name":"Mysterious Sphere","floor":38,"gold_loss":0},{"damage_healed":27,"gold_gain":0,"player_choice":"Writhe","damage_taken":0,"max_hp_gain":0,"max_hp_loss":0,"event_name":"Winding Halls","floor":47,"gold_loss":0,"cards_obtained":["Writhe"]}],"is_beta":false,"boss_relics":[{"not_picked":["SacredBark","Black Blood"],"picked":"Fusion Hammer"},{"not_picked":["Velvet Choker","Cursed Key"],"picked":"SlaversCollar"}],"items_purged_floors":[31],"is_endless":false,"potions_floor_spawned":[2,4,13,16,24,27,29,30,33,38,44],"ascension_level":20,"potion_discard_per_floor":[[],[],[],[],["ElixirPotion"],[],[],[],[],[],[],[],[],[],[],[],[],[],[],[],[],[],[],[],[],[],[],[],[],[],[],[],[],[],[],[],[],[],[],[],[],[],[],["SteroidPotion"],[],[],[],[],[],[],[],[],[],[],[],[],[]]}