{"neow_bonuses_skipped_log":["TEN_PERCENT_HP_BONUS","RANDOM_COLORLESS_2","BOSS_RELIC"],"potions_obtained_entropic_brew":[[],[],[],[],[],[],[],[],[],[],[],[],[],[],[],[],[],[],[],[],[],[],[],[],[],[],[],[],[],[],[],[],[],[],[],[],[],[],[],[],[],[],[],[],[],[],[],[],[],[],[],[],[],[],[],[],[]],"neow_costs_skipped_log":["NONE","NO_GOLD","NONE"],"gold_per_floor":[119,135,146,43,43,73,38,63,89,121,135,153,178,178,178,255,255,269,269,269,286,296,331,331,356,356,356,389,409,32,50,50,128,128,141,154,169,214,1213,1239,1255,1255,1279,1293,1320,805,805,817,817,817,817,817,817,75,103,103],"floor_reached":57,"playtime":9419,"items_purged":["Iron Wave","Normality","Normality"],"score":2879,"play_id":"6a329a20-e6f3-4aa9-9e10-f383b333630b","local_time":"20220930155036","score_breakdown":["Floors Climbed (57): 285","Enemies Slain (16): 32","Exordium Elites Killed (4): 40","City Elites Killed (3): 60","Beyond Elites Killed (2): 60","Bosses Slain (5): 750","Money Money (1856): 25","Champion (3): 75","Ascension (20): 1302","Heartbreaker: 250"],"is_ascension_mode":true,"potions_obtained_alchemize":[[],[],[],[],[],[],[],[],[],[],[],[],[],[],[],[],[],[],[],[],[],[],[],[],[],[],[],[],[],[],[],[],[],[],[],[],[],[],[],[],[],[],[],[],[],[],[],[],[],[],[],[],[],[],[],[],[]],"campfire_choices":[{"data":"Fiend Fire","floor":15,"key":"SMITH"},{"data":"1","floor":24,"key":"LIFT"},{"data":"2","floor":27,"key":"LIFT"},{"data":"3","floor":32,"key":"LIFT"},{"floor":47,"key":"RECALL"},{"data":"Disarm","floor":49,"key":"SMITH"},{"data":"Feel No Pain","floor":53,"key":"SMITH"}],"lesson_learned_per_floor":[[],[],[],[],[],[],[],[],[],[],[],[],[],[],[],[],[],[],[],[],[],[],[],[],[],[],[],[],[],[],[],[],[],[],[],[],[],[],[],[],[],[],[],[],[],[],[],[],[],[],[],[],[],[],[],[],[]],"neow_cost":"NONE","improvable_cards":{},"seed_source_timestamp":745877911524000,"shop_contents":[{"floor":4,"relics":["Turnip","Self Forming Clay","Medical Kit"],"cards":["Twin Strike","Pummel","Armaments","Havoc","Metallicize","Master of Strategy"],"potions":["FairyPotion","DuplicationPotion","GamblersBrew"]},{"floor":30,"relics":["Dream Catcher","Whetstone"],"cards":["Clash","Rampage","Inflame+1","Blind+1","Transmutation+1"],"potions":["SpeedPotion","Weak Potion","CultistPotion"]},{"floor":46,"relics":["Meat on the Bone","Regal Pillow"],"cards":["Cleave","Headbutt","True Grit+1","Purity+1","Metamorphosis+1"],"potions":["Strength Potion","DistilledChaos","SpeedPotion"]},{"floor":54,"relics":["PrismaticShard"],"cards":["Headbutt","Havoc+1","Dramatic Entrance","Secret Technique+1"],"potions":["BloodPotion","Weak Potion","Ancient Potion"]}],"circlet_count":0,"master_deck":["AscendersBane","Strike_R+1","Strike_R+1","Strike_R+1","Strike_R+1","Strike_R+1","Defend_R+1","Defend_R+1","Defend_R+1","Defend_R+1","Bash+1","Fiend Fire+1","Dramatic Entrance","Hemokinesis","Spot Weakness","Uppercut","Disarm+1","Pommel Strike","Exhume","Feel No Pain+1","Shrug It Off","Reaper","Perfected Strike+1","Shockwave+1","Shrug It Off+1","Inflame+1","Demon Form+1","Fiend Fire","Double Tap+1","Brutality+1","Pummel","Evolve+1","Shockwave+1","Fiend Fire"],"potion_use_per_floor":[[],[],[],[],[],[],[],[],[],[],[],[],[],[],[],[],[],[],[],[],[],[],[],[],[],[],[],[],[],[],[],[],[],[],[],[],[],[],[],[],[],[],[],[],[],[],[],[],[],[],[],[],[],[],[],["PowerPotion"],[]],"relics":["Burning Blood","Ornamental Fan","Orichalcum","PreservedInsect","Blood Vial","Pantograph","Bronze Scales","Snecko Eye","Girya","Bag of Preparation","Frozen Egg 2","Toxic Egg 2","Frozen Eye","Coffee Dripper","Thread and Needle","Ancient Tea Set","Lantern","Unceasing Top","Toolbox","Vajra","Art of War","Centennial Puzzle"],"potions_floor_usage":[56],"damage_taken":[{"damage":7,"enemies":"Cultist","floor":1,"turns":4},{"damage":7,"enemies":"Jaw Worm","floor":2,"turns":4},{"damage":0,"enemies":"2 Louse","floor":3,"turns":3},{"damage":41,"enemies":"3 Sentries","floor":6,"turns":10},{"damage":19,"enemies":"Gremlin Nob","floor":8,"turns":4},{"damage":9,"enemies":"Lagavulin","floor":10,"turns":5},{"damage":0,"enemies":"Lots of Slimes","floor":11,"turns":2},{"damage":7,"enemies":"Exordium Thugs","floor":12,"turns":4},{"damage":3,"enemies":"Gremlin Nob","floor":13,"turns":3},{"damage":34,"enemies":"Slime Boss","floor":16,"turns":10},{"damage":9,"enemies":"Shell Parasite","floor":18,"turns":2},{"damage":9,"enemies":"2 Thieves","floor":21,"turns":2},{"damage":13,"enemies":"3 Cultists","floor":22,"turns":5},{"damage":0,"enemies":"Gremlin Leader","floor":23,"turns":3},{"damage":1,"enemies":"Slavers","floor":25,"turns":2},{"damage":3,"enemies":"Book of Stabbing","floor":28,"turns":3},{"damage":0,"enemies":"Snake Plant","floor":29,"turns":1},{"damage":0,"enemies":"Sentry and Sphere","floor":31,"turns":3},{"damage":64,"enemies":"Champ","floor":33,"turns":8},{"damage":0,"enemies":"Orb Walker","floor":35,"turns":1},{"damage":6,"enemies":"3 Darklings","floor":36,"turns":3},{"damage":3,"enemies":"Jaw Worm Horde","floor":37,"turns":3},{"damage":16,"enemies":"2 Orb Walkers","floor":38,"turns":4},{"damage":28,"enemies":"Nemesis","floor":40,"turns":5},{"damage":20,"enemies":"Maw","floor":41,"turns":5},{"damage":8,"enemies":"Transient","floor":44,"turns":6},{"damage":0,"enemies":"Giant Head","floor":45,"turns":4},{"damage":0,"enemies":"Spire Growth","floor":48,"turns":2},{"damage":76,"enemies":"Awakened One","floor":50,"turns":11},{"damage":38,"enemies":"Time Eater","floor":51,"turns":7},{"damage":3,"enemies":"Shield and Spear","floor":55,"turns":2},{"damage":84,"enemies":"The Heart","floor":56,"turns":8}],"green_key_taken_log":28,"seed_played":"-7540941148143490859","neow_bonus_log":{"cardsObtained":[],"cardsUpgraded":["Bash"],"cardsRemoved":[],"cardsTransformed":[],"relicsObtained":[],"maxHpGained":0,"goldGained":0,"damageTaken":0,"goldLost":0,"maxHpLost":0},"potions_obtained":[{"floor":3,"key":"FairyPotion"},{"floor":6,"key":"Explosive Potion"},{"floor":8,"key":"AttackPotion"},{"floor":22,"key":"Swift Potion"},{"floor":31,"key":"PowerPotion"}],"is_trial":false,"path_per_floor":["M","M","M","$","?","E","?","E","T","E","M","M","E","T","R","B",null,"M","?","?","M","M","E","R","E","T","R","E","M","$","M","R","B",null,"M","M","M","?","?","E","M","?","T","M","E","$","R","M","R","B","B",null,"R","$","E","B",null],"character_chosen":"IRONCLAD","items_purchased":["Dramatic Entrance","Shockwave+1","Shrug It Off+1","Frozen Eye","Toolbox","Double Tap+1","Brutality+1","Evolve+1","Shockwave+1","Vajra","Art of War","Fiend Fire"],"campfire_rested":0,"item_purchase_floors":[4,30,30,30,46,46,46,54,54,54,54,54],"current_hp_per_floor":[67,66,72,72,54,19,37,24,24,23,31,32,37,37,37,36,65,64,64,64,63,58,66,66,73,73,73,75,75,75,75,75,28,63,71,75,75,65,65,53,65,55,55,75,75,75,75,75,75,56,69,74,74,74,75,19],"gold":103,"neow_bonus":"UPGRADE_CARD","is_prod":false,"is_daily":false,"rewards_skipped":[{"floor":11,"relics":[],"potions":["GamblersBrew"]},{"floor":25,"relics":[],"potions":["LiquidMemories"]},{"floor":28,"relics":[],"potions":["SpeedPotion"]},{"floor":33,"relics":[],"potions":["SkillPotion"]},{"floor":36,"relics":[],"potions":["Block Potion"]},{"floor":40,"relics":[],"potions":["ColorlessPotion"]},{"floor":45,"relics":[],"potions":["FearPotion"]}],"chose_seed":false,"campfire_upgraded":3,"win_rate":0,"floor_exit_playtime":[607,793,962,1111,1287,1648,1658,2038,2052,2185,2396,2532,2577,2695,2733,3130,3276,3345,3671,3759,3838,4065,4242,4297,4464,4482,4489,4855,4904,4995,5096,5116,5329,5429,5490,5580,5664,5751,5854,6025,6147,6317,6321,6458,6532,6969,6979,7099,7107,7728,8010,8028,8106,8292,8616,9419],"timestamp":1664567436,"blue_key_relic_skipped_log":{"floor":14,"relicID":"Bottled Lightning"},"path_taken":["M","M","M","$","?","E","?","E","T","E","M","M","E","?","R","BOSS","M","?","?","M","M","E","R","E","T","R","E","M","$","M","R","BOSS","M","M","M","?","?","E","?","?","T","M","E","$","R","?","R","BOSS","BOSS","R","$","E","BOSS"],"build_version":"2022-03-07","purchased_purges":3,"victory":true,"max_hp_per_floor":[75,75,75,75,75,75,75,75,75,75,75,75,75,75,75,75,75,75,75,75,75,75,75,75,75,75,75,75,75,75,75,75,75,75,75,75,75,75,75,75,75,75,75,75,75,75,75,75,75,75,75,75,75,75,75,75],"card_choices":[{"not_picked":["Thunderclap","Havoc"],"picked":"Iron Wave","floor":1},{"not_picked":["Pommel Strike","Perfected Strike"],"picked":"Fiend Fire","floor":2},{"not_picked":["Perfected Strike","Warcry","Thunderclap"],"picked":"SKIP","floor":3},{"not_picked":["Body Slam","Wild Strike"],"picked":"Hemokinesis","floor":6},{"not_picked":["Juggernaut","Uppercut"],"picked":"Spot Weakness","floor":8},{"not_picked":["True Grit","Flex"],"picked":"Uppercut","floor":10},{"not_picked":["Cleave","Armaments"],"picked":"Disarm","floor":11},{"not_picked":["Havoc","Cleave"],"picked":"Pommel Strike","floor":12},{"not_picked":["Clash","Cleave","Sever Soul"],"picked":"SKIP","floor":13},{"not_picked":["Bludgeon","Berserk"],"picked":"Exhume","floor":16},{"not_picked":["Warcry","Cleave"],"picked":"Feel No Pain","floor":18},{"not_picked":["Clash","Headbutt","Anger"],"picked":"SKIP","floor":21},{"not_picked":["Ghostly Armor","Wild Strike"],"picked":"Shrug It Off","floor":22},{"not_picked":["Ghostly Armor","Twin Strike","Thunderclap"],"picked":"SKIP","floor":23},{"not_picked":["Ghostly Armor","Twin Strike","Thunderclap"],"picked":"SKIP","floor":23},{"not_picked":["Perfected Strike","Power Through+1"],"picked":"Reaper","floor":25},{"not_picked":["Whirlwind","Combust+1"],"picked":"Perfected Strike+1","floor":28},{"not_picked":["Anger","Sever Soul+1","Body Slam"],"picked":"SKIP","floor":29},{"not_picked":["Pommel Strike","Reckless Charge"],"picked":"Inflame+1","floor":31},{"not_picked":["Bludgeon","Reaper"],"picked":"Demon Form+1","floor":33},{"not_picked":["Seeing Red+1","Sword Boomerang","Perfected Strike"],"picked":"SKIP","floor":35},{"not_picked":["Rampage+1","Twin Strike+1","Headbutt+1"],"picked":"SKIP","floor":36},{"not_picked":["Armaments+1","Flex+1","Body Slam+1"],"picked":"SKIP","floor":37},{"not_picked":["Body Slam+1","Wild Strike","Flex+1"],"picked":"SKIP","floor":38},{"not_picked":["Sentinel+1","Cleave","Armaments+1"],"picked":"SKIP","floor":40},{"not_picked":["Hemokinesis+1","Pommel Strike"],"picked":"Fiend Fire","floor":41},{"not_picked":["Panacea+1","Secret Weapon+1","Forethought+1"],"picked":"SKIP","floor":42},{"not_picked":["Panacea+1","Swift Strike","Enlightenment+1"],"picked":"SKIP","floor":42},{"not_picked":["Violence+1","Impatience+1","Trip+1"],"picked":"SKIP","floor":42},{"not_picked":["Clothesline","Clash","Cleave"],"picked":"SKIP","floor":44},{"not_picked":["Iron Wave","Flex+1","Thunderclap"],"picked":"SKIP","floor":45},{"not_picked":["Entrench+1","True Grit+1"],"picked":"Pummel","floor":48},{"not_picked":["Rampage+1","True Grit+1","Searing Blow+1"],"picked":"SKIP","floor":55}],"player_experience":128976,"relics_obtained":[{"floor":6,"key":"Orichalcum"},{"floor":8,"key":"PreservedInsect"},{"floor":9,"key":"Blood Vial"},{"floor":10,"key":"Pantograph"},{"floor":13,"key":"Bronze Scales"},{"floor":23,"key":"Girya"},{"floor":25,"key":"Bag of Preparation"},{"floor":26,"key":"Frozen Egg 2"},{"floor":28,"key":"Toxic Egg 2"},{"floor":38,"key":"Thread and Needle"},{"floor":40,"key":"Ancient Tea Set"},{"floor":43,"key":"Lantern"},{"floor":45,"key":"Unceasing Top"},{"floor":55,"key":"Centennial Puzzle"}],"event_choices":[{"damage_healed":0,"gold_gain":0,"player_choice":"Success","damage_taken":18,"relics_obtained":["Ornamental Fan"],"max_hp_gain":0,"max_hp_loss":0,"event_name":"Scrap Ooze","floor":5,"gold_loss":0},{"damage_healed":18,"gold_gain":0,"player_choice":"Healed","damage_taken":0,"max_hp_gain":0,"max_hp_loss":0,"event_name":"The Cleric","floor":7,"gold_loss":35},{"damage_healed":0,"gold_gain":0,"player_choice":"Ignored","damage_taken":0,"max_hp_gain":0,"max_hp_loss":0,"event_name":"The Mausoleum","floor":19,"gold_loss":0},{"damage_healed":0,"gold_gain":0,"player_choice":"Simplicity","damage_taken":0,"max_hp_gain":0,"max_hp_loss":0,"event_name":"Back to Basics","floor":20,"gold_loss":0,"cards_upgraded":["Strike_R","Strike_R","Strike_R","Strike_R","Strike_R","Defend_R","Defend_R","Defend_R","Defend_R"]},{"damage_healed":0,"gold_gain":0,"player_choice":"Fight","damage_taken":0,"max_hp_gain":0,"max_hp_loss":0,"event_name":"Mysterious Sphere","floor":38,"gold_loss":0},{"damage_healed":0,"gold_gain":999,"player_choice":"Gold","damage_taken":0,"max_hp_gain":0,"max_hp_loss":0,"event_name":"MindBloom","floor":39,"gold_loss":0,"cards_obtained":["Normality","Normality"]},{"damage_healed":0,"gold_gain":0,"player_choice":"Memory 3","damage_taken":10,"max_hp_gain":0,"max_hp_loss":0,"event_name":"SensoryStone","floor":42,"gold_loss":0}],"is_beta":false,"boss_relics":[{"not_picked":["Busted Crown","Empty Cage"],"picked":"Snecko Eye"},{"not_picked":["Runic Cube","Fusion Hammer"],"picked":"Coffee Dripper"}],"items_purged_floors":[30,46,54],"is_endless":false,"potions_floor_spawned":[3,6,8,11,22,25,28,31,33,36,40,45],"ascension_level":20,"potion_discard_per_floor":[[],[],[],[],[],[],[],["Explosive Potion"],[],[],[],[],[],[],[],[],[],[],[],[],[],["AttackPotion"],[],[],[],[],[],[],[],[],["Swift Potion"],[],[],[],[],[],[],[],[],[],[],[],[],[],[],[],[],[],[],[],[],[],[],[],[],[],[]]}