{"neow_bonuses_skipped_log":["RANDOM_COLORLESS","TWENTY_PERCENT_HP_BONUS","BOSS_RELIC"],"neow_costs_skipped_log":["NONE","PERCENT_DAMAGE","NONE"],"potions_obtained_entropic_brew":[[],[],[],[],[],[],[],[],[],[],[],[],[],[],[],[],[],[],[],[],[],[],[],[],[],[],[],[],[],[],[],[],[],[],[],[],[],[],[],[],[],[],[],[],[],[],[],[],[],[],[],[],[],[],[],[],[]],"gold_per_floor":[211,211,224,236,27,56,56,85,97,184,206,251,18,52,52,129,129,142,18,18,33,47,47,67,67,67,80,98,133,151,179,179,250,250,266,146,165,179,179,179,189,220,220,233,245,245,30,47,47,47,47,47,47,1,28,28],"floor_reached":57,"playtime":7194,"items_purged":["Strike_R","Strike_R"],"score":2712,"play_id":"d3ebe706-aeb2-4cf1-8398-ce9179bb173c","local_time":"20221016165829","score_breakdown":["Floors Climbed (57): 285","Enemies Slain (18): 36","Exordium Elites Killed (4): 40","City Elites Killed (2): 40","Beyond Elites Killed (1): 30","Bosses Slain (5): 750","Champion (1): 25","Overkill: 25","Ascension (20): 1231","Heartbreaker: 250"],"is_ascension_mode":true,"potions_obtained_alchemize":[[],[],[],[],[],[],[],[],[],[],[],[],[],[],[],[],[],[],[],[],[],[],[],[],[],[],[],[],[],[],[],[],[],[],[],[],[],[],[],[],[],[],[],[],[],[],[],[],[],[],[],[],[],[],[],[],[]],"campfire_choices":[{"data":"Armaments","floor":7.0,"key":"SMITH"},{"data":"Offering","floor":15.0,"key":"SMITH"},{"data":"Pommel Strike","floor":23,"key":"SMITH"},{"data":"Uppercut","floor":32,"key":"SMITH"},{"floor":40,"key":"RECALL"},{"floor":49,"key":"REST"},{"floor":53,"key":"REST"}],"lesson_learned_per_floor":[[],[],[],[],[],[],[],[],[],[],[],[],[],[],[],[],[],[],[],[],[],[],[],[],[],[],[],[],[],[],[],[],[],[],[],[],[],[],[],[],[],[],[],[],[],[],[],[],[],[],[],[],[],[],[],[],[]],"neow_cost":"NONE","improvable_cards":{},"seed_source_timestamp":339332696668900,"shop_contents":[{"floor":5,"relics":["Boot","Singing Bowl"],"cards":["Blood for Blood","Carnage","Armaments","Rupture","Forethought","Transmutation"],"potions":["Dexterity Potion","Explosive Potion","BlessingOfTheForge"]},{"floor":13,"relics":["Letter Opener"],"cards":["Iron Wave","Body Slam","Armaments","Flex","Evolve","Mind Blast","Sadistic Nature"],"potions":["Fruit Juice","ColorlessPotion","ElixirPotion"]},{"floor":19,"relics":["Gambling Chip","Toy Ornithopter"],"cards":["Body Slam","Bludgeon","Sentinel","Rage","Combust","The Bomb"],"potions":["Energy Potion","EssenceOfSteel","AttackPotion"]},{"floor":36,"relics":["Champion Belt","Medical Kit"],"cards":["Blood for Blood","Clash","Ghostly Armor","Warcry","Inflame","Finesse","Violence"],"potions":["SteroidPotion","ElixirPotion","Fruit Juice"]},{"floor":47,"relics":["Bottled Flame","PrismaticShard"],"cards":["Clothesline","Anger","Flex","Exhume","Inflame","Bandage Up","Master of Strategy"],"potions":["Dexterity Potion","Explosive Potion"]},{"floor":54,"relics":["Mummified Hand","Red Skull","Strange Spoon"],"cards":["Reaper","Reckless Charge","Flex","Havoc","Dark Shackles","Sadistic Nature"],"potions":["Fire Potion","Explosive Potion"]}],"circlet_count":0,"master_deck":["AscendersBane","Strike_R","Strike_R","Defend_R","Defend_R","Defend_R","Defend_R","Bash","Pommel Strike+1","Perfected Strike","Armaments+1","Battle Trance","Headbutt","Anger","Shrug It Off","Offering+1","Demon Form","Pummel+1","Dark Shackles","Power Through","Uppercut+1","Limit Break","Evolve","Shrug It Off+1","Exhume","Feel No Pain","Dark Embrace","Battle Trance+1"],"special_seed":0,"potion_use_per_floor":[[],[],[],[],[],[],[],[],[],[],[],[],[],[],[],[],[],[],[],[],[],[],[],[],[],[],[],[],[],[],["BloodPotion"],[],[],[],[],[],[],[],[],[],[],[],[],[],[],[],[],[],[],[],[],[],[],[],["DistilledChaos"],["SpeedPotion","SpeedPotion","PowerPotion"],[]],"relics":["Black Blood","Sling","Anchor","MawBank","Bag of Preparation","Question Card","Membership Card","Happy Flower","Kunai","OrangePellets","MutagenicStrength","Turnip","Pocketwatch","Art of War","Fusion Hammer","Potion Belt","Bag of Marbles","Paper Frog","HornCleat"],"potions_floor_usage":[31,55,56,56,56],"damage_taken":[{"damage":5.0,"enemies":"Small Slimes","floor":1.0,"turns":3.0},{"damage":4.0,"enemies":"Jaw Worm","floor":3.0,"turns":5.0},{"damage":1.0,"enemies":"Cultist","floor":4.0,"turns":3.0},{"damage":8.0,"enemies":"Gremlin Nob","floor":6.0,"turns":3.0},{"damage":25.0,"enemies":"3 Sentries","floor":8.0,"turns":8.0},{"damage":1.0,"enemies":"Looter","floor":11.0,"turns":2.0},{"damage":6.0,"enemies":"Gremlin Nob","floor":12.0,"turns":3.0},{"damage":5.0,"enemies":"3 Sentries","floor":14.0,"turns":5.0},{"damage":11.0,"enemies":"Slime Boss","floor":16.0,"turns":6.0},{"damage":6.0,"enemies":"3 Byrds","floor":18.0,"turns":6.0},{"damage":8,"enemies":"Spheric Guardian","floor":21,"turns":3},{"damage":8,"enemies":"Centurion and Healer","floor":22,"turns":6},{"damage":21,"enemies":"Snake Plant","floor":24,"turns":3},{"damage":14,"enemies":"3 Cultists","floor":27,"turns":5},{"damage":6,"enemies":"Chosen and Byrds","floor":28,"turns":5},{"damage":6,"enemies":"Gremlin Leader","floor":29,"turns":6},{"damage":10,"enemies":"Shelled Parasite and Fungi","floor":30,"turns":5},{"damage":18,"enemies":"Slavers","floor":31,"turns":6},{"damage":65,"enemies":"Champ","floor":33,"turns":9},{"damage":0,"enemies":"Orb Walker","floor":35,"turns":3},{"damage":17,"enemies":"3 Darklings","floor":37,"turns":3},{"damage":0,"enemies":"4 Shapes","floor":38,"turns":4},{"damage":9,"enemies":"Writhing Mass","floor":41,"turns":3},{"damage":10,"enemies":"Nemesis","floor":42,"turns":5},{"damage":13,"enemies":"Sphere and 2 Shapes","floor":44,"turns":5},{"damage":6,"enemies":"Spire Growth","floor":45,"turns":4},{"damage":3,"enemies":"Writhing Mass","floor":48,"turns":6},{"damage":28,"enemies":"Donu and Deca","floor":50,"turns":6},{"damage":37,"enemies":"Time Eater","floor":51,"turns":8},{"damage":12,"enemies":"Shield and Spear","floor":55,"turns":9},{"damage":43,"enemies":"The Heart","floor":56,"turns":7}],"green_key_taken_log":8,"seed_played":"7049224976557440296","neow_bonus_log":{"cardsObtained":[],"cardsUpgraded":[],"cardsRemoved":[],"cardsTransformed":[],"relicsObtained":[],"maxHpGained":0,"goldGained":100,"damageTaken":0,"goldLost":0,"maxHpLost":0},"potions_obtained":[{"floor":3.0,"key":"LiquidMemories"},{"floor":8.0,"key":"LiquidBronze"},{"floor":16.0,"key":"BloodPotion"},{"floor":31,"key":"DistilledChaos"},{"floor":38,"key":"Swift Potion"},{"floor":41,"key":"Energy Potion"},{"floor":44,"key":"SpeedPotion"}],"is_trial":false,"path_per_floor":["M","?","M","M","$","E","R","E","T","?","M","E","$","E","R","B",null,"M","$","?","M","M","R","M","?","T","M","M","E","M","E","R","B",null,"M","$","M","M","?","R","M","E","T","M","M","?","$","M","R","B","B",null,"R","$","E","B",null],"character_chosen":"IRONCLAD","items_purchased":["Sling","Battle Trance","Membership Card","Happy Flower","Dark Shackles","OrangePellets","Potion Belt","SpeedPotion","Paper Frog","Dark Embrace","PowerPotion"],"campfire_rested":2,"item_purchase_floors":[5,5,13,13,19,19,36,47,47,54,54],"current_hp_per_floor":[69,69,71,75,75,73,73,54,54,43,48,48,48,49,49,44,67,73,73,73,75,75,75,66,66,66,64,70,75,75,75,75,22,62,74,74,69,75,71,71,74,75,75,74,75,71,71,71,71,55,30,61,71,71,71,40],"gold":28,"neow_bonus":"HUNDRED_GOLD","is_prod":false,"is_daily":false,"rewards_skipped":[{"floor":22,"relics":[],"potions":["ColorlessPotion"]},{"floor":24,"relics":[],"potions":["Fire Potion"]},{"floor":33,"relics":[],"potions":["Weak Potion"]},{"floor":35,"relics":[],"potions":["Weak Potion"]}],"chose_seed":false,"campfire_upgraded":4,"win_rate":0,"floor_exit_playtime":[126,132,321,502,546,683,691,889,896,924,991,1096,1164,1271,1371,1806,2063,2349,2417,2500,2670,2821,2884,3074,3168,3181,3340,3456,3619,3773,3927,3940,4317,4392,4462,4599,4754,4856,4906,4921,5085,5198,5203,5397,5474,5527,5727,5864,5876,6135,6423,6440,6490,6605,6917,7194],"timestamp":1665953909,"blue_key_relic_skipped_log":{"floor":43,"relicID":"Prayer Wheel"},"path_taken":["M","?","M","M","$","E","R","E","T","?","M","E","$","E","R","BOSS","M","$","?","M","M","R","M","?","T","M","M","E","M","E","R","BOSS","M","$","M","M","?","R","?","E","T","?","M","?","$","M","R","BOSS","BOSS","R","$","E","BOSS"],"build_version":"2022-10-04","purchased_purges":2,"victory":true,"max_hp_per_floor":[75,75,75,75,75,75,75,75,75,75,75,75,75,75,75,75,75,75,75,75,75,75,75,75,75,75,75,75,75,75,75,75,75,75,75,75,75,75,75,75,75,75,75,75,75,71,71,71,71,71,71,71,71,71,71,71],"card_choices":[{"not_picked":["Headbutt","True Grit"],"picked":"Pommel Strike","floor":1.0},{"not_picked":["Rampage","True Grit"],"picked":"Perfected Strike","floor":3.0},{"not_picked":["Sever Soul","Clothesline"],"picked":"Armaments","floor":4.0},{"not_picked":["Blood for Blood","Barricade"],"picked":"Headbutt","floor":6.0},{"not_picked":["Rampage","Sword Boomerang"],"picked":"Anger","floor":8.0},{"not_picked":["Body Slam","Ghostly Armor"],"picked":"Shrug It Off","floor":11.0},{"not_picked":["Dual Wield","Anger","Twin Strike"],"picked":"SKIP","floor":12.0},{"not_picked":["Combust","Perfected Strike","Cleave"],"picked":"Offering","floor":14.0},{"not_picked":["Exhume","Reaper","Juggernaut"],"picked":"Demon Form","floor":16.0},{"not_picked":["Havoc","Body Slam","Carnage"],"picked":"Pummel+1","floor":18.0},{"not_picked":["Body Slam","Clothesline","Cleave","Iron Wave","Searing Blow","Anger","Reckless Charge","Pommel Strike","Entrench","Warcry","Shrug It Off","Rage","Perfected Strike","Ghostly Armor","Spot Weakness","Armaments","Flex","Thunderclap","Infernal Blade"],"picked":"Power Through","floor":20},{"not_picked":["Reckless Charge+1","Thunderclap","Dropkick","Cleave+1"],"picked":"SKIP","floor":21},{"not_picked":["Cleave+1","Heavy Blade","Body Slam","Sword Boomerang"],"picked":"SKIP","floor":22},{"not_picked":["Hemokinesis","Perfected Strike","Twin Strike","Power Through"],"picked":"SKIP","floor":24},{"not_picked":["Pummel","Dropkick","Twin Strike","Metallicize"],"picked":"SKIP","floor":27},{"not_picked":["Dual Wield","Twin Strike","Iron Wave","Blood for Blood"],"picked":"SKIP","floor":28},{"not_picked":["Flex","Armaments+1","Bludgeon","Wild Strike"],"picked":"SKIP","floor":29},{"not_picked":["Clash","Heavy Blade","Power Through"],"picked":"Uppercut","floor":30},{"not_picked":["Reckless Charge","Uppercut","Cleave+1","Clash"],"picked":"SKIP","floor":31},{"not_picked":["Fiend Fire","Bludgeon","Immolate"],"picked":"Limit Break","floor":33},{"not_picked":["Flex","Seeing Red","Thunderclap"],"picked":"Evolve","floor":35},{"not_picked":["Searing Blow","Flex+1","Havoc"],"picked":"Shrug It Off+1","floor":37},{"not_picked":["Carnage","Iron Wave","Clash","Warcry"],"picked":"SKIP","floor":38},{"not_picked":["Cleave","Shrug It Off","Flame Barrier+1"],"picked":"Exhume","floor":41},{"not_picked":["Anger","Iron Wave+1","Cleave","Infernal Blade"],"picked":"SKIP","floor":42},{"not_picked":["Combust","Spot Weakness","Clothesline","Rage"],"picked":"SKIP","floor":44},{"not_picked":["Cleave","Searing Blow","Twin Strike","Clothesline"],"picked":"SKIP","floor":45},{"not_picked":["Pommel Strike","Thunderclap","Sever Soul+1"],"picked":"Feel No Pain","floor":48},{"not_picked":["Rage","Pummel","Whirlwind+1"],"picked":"Battle Trance+1","floor":55}],"player_experience":172911,"relics_obtained":[{"floor":6.0,"key":"Anchor"},{"floor":8.0,"key":"MawBank"},{"floor":9.0,"key":"Bag of Preparation"},{"floor":12.0,"key":"Question Card"},{"floor":14.0,"key":"Kunai"},{"floor":26,"key":"Turnip"},{"floor":29,"key":"Pocketwatch"},{"floor":31,"key":"Art of War"},{"floor":42,"key":"Bag of Marbles"},{"floor":55,"key":"HornCleat"}],"event_choices":[{"cards_removed":["Strike_R"],"damage_healed":0.0,"max_hp_gain":0.0,"max_hp_loss":0.0,"gold_gain":0.0,"event_name":"Purifier","player_choice":"Purged","floor":2.0,"gold_loss":0.0,"damage_taken":0.0},{"damage_healed":0.0,"max_hp_gain":0.0,"max_hp_loss":0.0,"gold_gain":75.0,"event_name":"World of Goop","player_choice":"Gather Gold","floor":10.0,"gold_loss":0.0,"damage_taken":11.0},{"damage_healed":0,"gold_gain":0,"player_choice":"Read","damage_taken":0,"max_hp_gain":0,"max_hp_loss":0,"event_name":"The Library","floor":20,"gold_loss":0,"cards_obtained":["Power Through"]},{"damage_healed":0,"gold_gain":0,"player_choice":"Inject Mutagens","damage_taken":0,"relics_obtained":["MutagenicStrength"],"max_hp_gain":0,"max_hp_loss":0,"event_name":"Drug Dealer","floor":25,"gold_loss":0},{"damage_healed":0,"gold_gain":0,"player_choice":"Bought 0 Potions","damage_taken":0,"max_hp_gain":0,"max_hp_loss":0,"event_name":"The Woman in Blue","floor":39,"gold_loss":0},{"damage_healed":0,"gold_gain":0,"player_choice":"Max HP","damage_taken":0,"max_hp_gain":0,"max_hp_loss":4,"event_name":"Winding Halls","floor":46,"gold_loss":0}],"is_beta":false,"boss_relics":[{"not_picked":["SacredBark","Ectoplasm"],"picked":"Black Blood"},{"not_picked":["Calling Bell","Tiny House"],"picked":"Fusion Hammer"}],"items_purged_floors":[36,47],"is_endless":false,"potions_floor_spawned":[3,8,16,22,24,31,33,35,38,41,44],"ascension_level":20,"potion_discard_per_floor":[[],[],[],[],[],[],[],[],[],[],[],[],[],[],[],["LiquidBronze"],[],[],[],[],[],[],[],[],[],[],[],[],[],[],[],[],[],[],[],[],[],[],[],[],[],[],[],["Energy Potion"],[],[],["Swift Potion"],[],[],[],[],[],[],["LiquidMemories"],[],[],[]]}