{"neow_bonuses_skipped_log":["RANDOM_COLORLESS","TEN_PERCENT_HP_BONUS","BOSS_RELIC"],"neow_costs_skipped_log":["NONE","NONE","NONE"],"potions_obtained_entropic_brew":[[],[],[],[],[],[],[],[],[],[],[],[],[],[],[],[],[],[],[],[],[],[],[],[],[],[],[],[],[],[],[],[],[],[],[],[],[]],"gold_per_floor":[366,34,47,47,70,104,104,140,140,175,175,196,209,224,224,314,314,334,20,44,44,69,103,123,123,123,123,136,180,194,227,227,321,321,340,340,340],"floor_reached":37,"playtime":4567,"items_purged":["Strike_R"],"score":902,"play_id":"644bc927-f5d7-480c-b82c-c8f857a2f635","local_time":"20221016181915","score_breakdown":["Floors Climbed (37): 185","Enemies Slain (13): 26","Exordium Elites Killed (3): 30","City Elites Killed (3): 60","Beyond Elites Killed (0): 0","Bosses Slain (2): 150","Ascension (20): 451"],"is_ascension_mode":true,"potions_obtained_alchemize":[[],[],[],[],[],[],[],[],[],[],[],[],[],[],[],[],[],[],[],[],[],[],[],[],[],[],[],[],[],[],[],[],[],[],[],[],[]],"campfire_choices":[{"data":"Blood for Blood","floor":11.0,"key":"SMITH"},{"data":"Uppercut","floor":15.0,"key":"SMITH"},{"data":"Whirlwind","floor":27.0,"key":"SMITH"},{"data":"Armaments","floor":32.0,"key":"SMITH"}],"lesson_learned_per_floor":[[],[],[],[],[],[],[],[],[],[],[],[],[],[],[],[],[],[],[],[],[],[],[],[],[],[],[],[],[],[],[],[],[],[],[],[],[]],"neow_cost":"TEN_PERCENT_HP_LOSS","improvable_cards":{},"seed_source_timestamp":346781832245700,"shop_contents":[{"floor":2,"relics":["Girya","Cauldron"],"cards":["Dropkick","Sentinel","Ghostly Armor","Forethought","Metamorphosis"],"potions":["SmokeBomb","SkillPotion","FearPotion"]},{"floor":19,"relics":["Juzu Bracelet","Prayer Wheel","Orrery"],"cards":["Wild Strike","Sever Soul","Havoc","PanicButton","Sadistic Nature"],"potions":["Swift Potion","SneckoOil"]}],"circlet_count":0,"master_deck":["AscendersBane","Bash","Spot Weakness","Feel No Pain","Twin Strike","Hemokinesis","Pummel","Offering","Blood for Blood+1","Uppercut+1","Ghostly Armor","Dark Embrace","Exhume","Thunderclap","Evolve","Whirlwind+1","Power Through","Dark Embrace","Combust","Shrug It Off","Corruption","Offering","Armaments+1","Power Through+1","Writhe","Shrug It Off","Entrench","Spot Weakness+1","Madness","Madness"],"special_seed":0,"potion_use_per_floor":[[],[],[],[],[],["LiquidBronze"],[],[],[],[],[],[],[],[],[],["Strength Potion"],[],[],[],[],[],[],["Energy Potion"],[],[],[],[],[],[],[],["Fire Potion"],[],[],[],[],[],[]],"relics":["Burning Blood","Centennial Puzzle","Golden Idol","Bag of Marbles","Orichalcum","Vajra","Pandora\u0027s Box","Eternal Feather","Smiling Mask","Meat on the Bone","Bottled Lightning","Regal Pillow","Runic Pyramid"],"potions_floor_usage":[],"damage_taken":[{"damage":14.0,"enemies":"Small Slimes","floor":1.0,"turns":4.0},{"damage":0.0,"enemies":"Cultist","floor":3.0,"turns":3.0},{"damage":2.0,"enemies":"2 Louse","floor":5.0,"turns":2.0},{"damage":19.0,"enemies":"3 Sentries","floor":6.0,"turns":7.0},{"damage":19.0,"enemies":"Lagavulin","floor":8.0,"turns":3.0},{"damage":7.0,"enemies":"Gremlin Nob","floor":10.0,"turns":3.0},{"damage":12.0,"enemies":"Large Slime","floor":12.0,"turns":2.0},{"damage":3.0,"enemies":"Blue Slaver","floor":13.0,"turns":2.0},{"damage":0.0,"enemies":"Gremlin Gang","floor":14.0,"turns":5.0},{"damage":27.0,"enemies":"The Guardian","floor":16.0,"turns":5.0},{"damage":7.0,"enemies":"3 Byrds","floor":18.0,"turns":4.0},{"damage":6.0,"enemies":"Chosen","floor":20.0,"turns":3.0},{"damage":21.0,"enemies":"Centurion and Healer","floor":22.0,"turns":5.0},{"damage":17.0,"enemies":"Slavers","floor":23.0,"turns":4.0},{"damage":0.0,"enemies":"Snecko","floor":24.0,"turns":5.0},{"damage":22.0,"enemies":"Snake Plant","floor":28.0,"turns":4.0},{"damage":24.0,"enemies":"Gremlin Leader","floor":29.0,"turns":4.0},{"damage":6.0,"enemies":"3 Cultists","floor":30.0,"turns":1.0},{"damage":19.0,"enemies":"Book of Stabbing","floor":31.0,"turns":4.0},{"damage":35.0,"enemies":"Collector","floor":33.0,"turns":6.0},{"damage":28.0,"enemies":"3 Darklings","floor":35.0,"turns":8.0},{"damage":46,"enemies":"2 Orb Walkers","floor":37,"turns":4}],"seed_played":"2650147488665288169","neow_bonus_log":{"cardsObtained":[],"cardsUpgraded":[],"cardsRemoved":[],"cardsTransformed":[],"relicsObtained":[],"maxHpGained":0,"goldGained":250,"damageTaken":0,"goldLost":0,"maxHpLost":7},"potions_obtained":[{"floor":3.0,"key":"LiquidBronze"},{"floor":5.0,"key":"Strength Potion"},{"floor":10.0,"key":"EssenceOfSteel"},{"floor":12.0,"key":"Fire Potion"},{"floor":23.0,"key":"Ancient Potion"},{"floor":31.0,"key":"SteroidPotion"}],"is_trial":false,"path_per_floor":["M","$","M","?","M","E","?","E","T","E","R","M","M","M","R","B",null,"M","$","M","?","M","E","M","?","T","R","M","E","M","E","R","B",null,"M","?","?"],"character_chosen":"IRONCLAD","items_purchased":["Centennial Puzzle","Feel No Pain","Twin Strike","Corruption","Offering","Energy Potion"],"campfire_rested":0,"item_purchase_floors":[2,2,2,19,19,19],"current_hp_per_floor":[60,60,66,62,62,49,49,36,36,35,35,29,32,38,38,17,51,50,50,50,50,35,24,30,30,30,45,41,35,47,46,61,44,58,48,37,0],"gold":340,"neow_bonus":"TWO_FIFTY_GOLD","is_prod":false,"is_daily":false,"rewards_skipped":[{"floor":22,"relics":[],"potions":["ColorlessPotion"]},{"floor":24,"relics":[],"potions":["Strength Potion"]},{"floor":33,"relics":[],"potions":["LiquidMemories"]}],"chose_seed":false,"campfire_upgraded":4,"win_rate":0,"floor_exit_playtime":[155,434,477,489,567,683,690,770,783,851,859,912,966,1079,1105,1499,1937,2012,2101,2182,2224,2391,2701,2804,2926,3021,3030,3139,3330,3378,3491,3510,3945,4021,4326,4393],"timestamp":1665958755,"blue_key_relic_skipped_log":{"floor":9,"relicID":"Bottled Tornado"},"path_taken":["M","$","M","?","M","E","?","E","T","E","R","M","?","M","R","BOSS","M","$","M","?","M","E","M","?","T","R","?","E","M","E","R","BOSS","M","?","?"],"build_version":"2022-10-04","purchased_purges":1,"victory":false,"max_hp_per_floor":[68,68,68,62,62,62,62,62,62,62,62,62,62,62,62,62,62,62,62,62,62,62,62,62,62,62,62,62,62,62,62,62,62,62,62,62,62],"card_choices":[{"not_picked":["Thunderclap","Body Slam"],"picked":"Spot Weakness","floor":1.0},{"not_picked":["Sword Boomerang","Clash"],"picked":"Hemokinesis","floor":3.0},{"not_picked":["Evolve","Cleave"],"picked":"Pummel","floor":5.0},{"not_picked":["Disarm","Twin Strike"],"picked":"Offering","floor":6.0},{"not_picked":["Clothesline","Disarm"],"picked":"Blood for Blood","floor":8.0},{"not_picked":["Entrench","Hemokinesis"],"picked":"Uppercut","floor":10.0},{"not_picked":["Pommel Strike","Clothesline"],"picked":"Ghostly Armor","floor":12.0},{"not_picked":["Clothesline","Anger"],"picked":"Dark Embrace","floor":13.0},{"not_picked":["Perfected Strike","Clothesline","Anger"],"picked":"SKIP","floor":14.0},{"not_picked":["Brutality","Juggernaut"],"picked":"Exhume","floor":16.0},{"not_picked":["Warcry","Clash"],"picked":"Shrug It Off","floor":18.0},{"not_picked":["Sword Boomerang","Perfected Strike","Pommel Strike"],"picked":"SKIP","floor":20.0},{"not_picked":["Sword Boomerang","Flex"],"picked":"Armaments","floor":22.0},{"not_picked":["Dropkick+1","Dual Wield"],"picked":"Power Through+1","floor":23.0},{"not_picked":["Warcry","Ghostly Armor","Evolve+1"],"picked":"SKIP","floor":24.0},{"not_picked":["Thunderclap","Wild Strike"],"picked":"Shrug It Off","floor":28.0},{"not_picked":["Berserk","Carnage","Heavy Blade+1"],"picked":"SKIP","floor":29.0},{"not_picked":["Berserk","Carnage","Heavy Blade+1"],"picked":"SKIP","floor":29.0},{"not_picked":["Sword Boomerang","Anger+1"],"picked":"Entrench","floor":30.0},{"not_picked":["Heavy Blade","Havoc","Headbutt+1"],"picked":"SKIP","floor":31.0},{"not_picked":["Twin Strike","Thunderclap"],"picked":"Spot Weakness+1","floor":35.0}],"player_experience":180105,"relics_obtained":[{"floor":6.0,"key":"Bag of Marbles"},{"floor":8.0,"key":"Orichalcum"},{"floor":10.0,"key":"Vajra"},{"floor":23.0,"key":"Eternal Feather"},{"floor":26.0,"key":"Meat on the Bone"},{"floor":29.0,"key":"Bottled Lightning"},{"floor":31.0,"key":"Regal Pillow"}],"event_choices":[{"damage_healed":0.0,"max_hp_gain":0.0,"max_hp_loss":6.0,"gold_gain":0.0,"event_name":"Golden Idol","player_choice":"Lose Max HP","floor":4.0,"gold_loss":0.0,"damage_taken":0.0,"relics_obtained":["Golden Idol"]},{"cards_removed":["Strike_R"],"damage_healed":0.0,"max_hp_gain":0.0,"max_hp_loss":0.0,"gold_gain":0.0,"event_name":"Purifier","player_choice":"Purged","floor":7.0,"gold_loss":0.0,"damage_taken":0.0},{"cards_removed":["Combust"],"damage_healed":0.0,"max_hp_gain":0.0,"max_hp_loss":0.0,"gold_gain":0.0,"event_name":"Back to Basics","player_choice":"Elegance","floor":21.0,"gold_loss":0.0,"damage_taken":0.0},{"damage_healed":0.0,"max_hp_gain":0.0,"max_hp_loss":0.0,"gold_gain":0.0,"event_name":"The Mausoleum","player_choice":"Opened","floor":25.0,"gold_loss":0.0,"damage_taken":0.0,"relics_obtained":["Smiling Mask"],"cards_obtained":["Writhe"]},{"damage_healed":0.0,"max_hp_gain":0.0,"max_hp_loss":0.0,"gold_gain":0.0,"event_name":"Winding Halls","player_choice":"Embrace Madness","floor":36.0,"gold_loss":0.0,"damage_taken":11.0,"cards_obtained":["Madness","Madness"]},{"damage_healed":0,"gold_gain":0,"player_choice":"Fight","damage_taken":0,"max_hp_gain":0,"max_hp_loss":0,"event_name":"Mysterious Sphere","floor":37,"gold_loss":0}],"is_beta":false,"boss_relics":[{"not_picked":["Black Star","Ectoplasm"],"picked":"Pandora\u0027s Box"},{"not_picked":["Coffee Dripper","Fusion Hammer"],"picked":"Runic Pyramid"}],"items_purged_floors":[2],"is_endless":false,"potions_floor_spawned":[3,5,10,12,22,23,24,31,33],"killed_by":"2 Orb Walkers","ascension_level":20,"potion_discard_per_floor":[[],[],[],[],[],[],[],[],[],[],[],["EssenceOfSteel"],[],[],[],[],[],[],[],[],[],[],[],[],[],[],[],[],[],[],[],[],[],[],[],[],[]]}