{"neow_bonuses_skipped_log":["TEN_PERCENT_HP_BONUS","TWENTY_PERCENT_HP_BONUS","BOSS_RELIC"],"neow_costs_skipped_log":["NONE","CURSE","NONE"],"potions_obtained_entropic_brew":[[],[],[],[],[],[],[],[],[],[],[],[],[],[],[],[],[],["Block Potion","Swift Potion"],[],[],[],[],[],[],[],[],[],[],[],[],[],[],[],[],[],[],[],[],[],[],[],[],[],[],[],[],[],[],[],[]],"gold_per_floor":[114,125,24,38,57,57,84,100,168,168,185,185,201,201,201,276,276,291,323,336,21,21,49,49,49,49,49,49,91,100,130,130,210,210,225,62,284,159,178,178,212,272,281,303,329,369,378,397,397,397],"floor_reached":50,"playtime":4584,"items_purged":["Strike_R","Strike_R","Strike_R"],"score":1191,"play_id":"81c0a273-3285-4b8f-8cdb-b5eb3fd7da47","local_time":"20221014153536","score_breakdown":["Floors Climbed (50): 250","Enemies Slain (14): 28","Exordium Elites Killed (1): 10","City Elites Killed (3): 60","Beyond Elites Killed (2): 60","Bosses Slain (2): 150","Money Money (1051): 25","Champion (1): 25","Ascension (20): 583"],"is_ascension_mode":true,"potions_obtained_alchemize":[[],[],[],[],[],[],[],[],[],[],[],[],[],[],[],[],[],[],[],[],[],[],[],[],[],[],[],[],[],[],[],[],[],[],[],[],[],[],[],[],[],[],[],[],[],[],[],[],[],[]],"campfire_choices":[{"data":"Blood for Blood","floor":6,"key":"SMITH"},{"data":"Double Tap","floor":12,"key":"SMITH"},{"floor":15,"key":"REST"},{"data":"Shockwave","floor":25,"key":"SMITH"},{"data":"Battle Trance","floor":32,"key":"SMITH"},{"floor":40,"key":"RECALL"},{"floor":49,"key":"REST"}],"lesson_learned_per_floor":[[],[],[],[],[],[],[],[],[],[],[],[],[],[],[],[],[],[],[],[],[],[],[],[],[],[],[],[],[],[],[],[],[],[],[],[],[],[],[],[],[],[],[],[],[],[],[],[],[],[]],"neow_cost":"NONE","improvable_cards":{},"seed_source_timestamp":164311989665300,"shop_contents":[{"floor":3,"relics":["Ginger","Red Skull","DollysMirror"],"cards":["Rampage","Warcry","Rage","Fire Breathing","Deep Breath","HandOfGreed"],"potions":["Weak Potion","LiquidMemories","Energy Potion"]},{"floor":21,"relics":["Dream Catcher","Brimstone"],"cards":["Clash","Twin Strike","Armaments","Evolve","Flash of Steel","Thinking Ahead"],"potions":["BloodPotion","Strength Potion","EssenceOfSteel"]},{"floor":28,"relics":["Kunai","Pear","Lee\u0027s Waffle"],"cards":["Clash","Immolate","Warcry","Armaments","Evolve","Swift Strike","Master of Strategy"],"potions":["AttackPotion","Fire Potion","SpeedPotion"]},{"floor":36,"relics":["Thread and Needle","PreservedInsect","OrangePellets"],"cards":["Headbutt","Anger","Rage","Inflame","Impatience","Secret Weapon"],"potions":["Explosive Potion","ElixirPotion","Strength Potion"]},{"floor":38,"relics":["Dead Branch","Matryoshka","Sling"],"cards":["Uppercut","Heavy Blade","Double Tap","Ghostly Armor","Rupture","Deep Breath","Mayhem"],"potions":["SkillPotion","Explosive Potion","Fire Potion"]}],"circlet_count":0,"master_deck":["AscendersBane","Strike_R","Strike_R","Defend_R","Defend_R","Defend_R","Defend_R","Bash+1","Blood for Blood+1","Iron Wave","Clothesline","Double Tap+1","Anger","Pommel Strike+1","Reaper","Shockwave+1","Bloodletting","Shrug It Off","Necronomicurse","Shockwave","Battle Trance+1","Feed","Impervious","Evolve","Pain","Shrug It Off+1","Immolate","Rupture","Master of Strategy","Disarm"],"potion_use_per_floor":[[],[],[],[],[],[],[],[],[],[],[],[],[],[],[],["FearPotion","LiquidBronze"],[],["EntropicBrew","Block Potion"],[],[],[],[],["LiquidMemories"],[],[],[],[],[],[],[],[],[],[],[],[],[],[],[],[],[],[],["PowerPotion"],[],[],[],["Block Potion"],[],[],[],["FairyPotion"]],"relics":["Burning Blood","Bag of Preparation","Shuriken","SlaversCollar","Red Mask","Happy Flower","Blood Vial","Necronomicon","Lantern","CeramicFish","Pen Nib","Cursed Key","Turnip","Girya","Bronze Scales"],"potions_floor_usage":[16,16,18,18,23,42,46],"damage_taken":[{"damage":7,"enemies":"Jaw Worm","floor":1,"turns":4},{"damage":0,"enemies":"Cultist","floor":2,"turns":3},{"damage":5,"enemies":"2 Louse","floor":4,"turns":4},{"damage":34,"enemies":"Large Slime","floor":5,"turns":6},{"damage":32,"enemies":"Gremlin Nob","floor":7,"turns":4},{"damage":2,"enemies":"Looter","floor":8,"turns":3},{"damage":9,"enemies":"Red Slaver","floor":11,"turns":2},{"damage":16,"enemies":"Exordium Wildlife","floor":13,"turns":5},{"damage":28,"enemies":"Hexaghost","floor":16,"turns":6},{"damage":23,"enemies":"Shell Parasite","floor":18,"turns":5},{"damage":45,"enemies":"Masked Bandits","floor":19,"turns":4},{"damage":14,"enemies":"Chosen","floor":20,"turns":5},{"damage":0,"enemies":"Gremlin Leader","floor":23,"turns":2},{"damage":18,"enemies":"Book of Stabbing","floor":29,"turns":3},{"damage":19,"enemies":"Gremlin Leader","floor":31,"turns":4},{"damage":43,"enemies":"Collector","floor":33,"turns":6},{"damage":14,"enemies":"3 Darklings","floor":35,"turns":4},{"damage":35,"enemies":"3 Shapes","floor":39,"turns":5},{"damage":107,"enemies":"Reptomancer","floor":41,"turns":9},{"damage":17,"enemies":"2 Orb Walkers","floor":42,"turns":4},{"damage":28,"enemies":"Spire Growth","floor":44,"turns":4},{"damage":13,"enemies":"Maw","floor":45,"turns":6},{"damage":21,"enemies":"Nemesis","floor":46,"turns":5},{"damage":12,"enemies":"4 Shapes","floor":48,"turns":3},{"damage":111,"enemies":"Time Eater","floor":50,"turns":11}],"green_key_taken_log":31,"seed_played":"5497962446852050493","neow_bonus_log":{"cardsObtained":[],"cardsUpgraded":["Bash"],"cardsRemoved":[],"cardsTransformed":[],"relicsObtained":[],"maxHpGained":0,"goldGained":0,"damageTaken":0,"goldLost":0,"maxHpLost":0},"potions_obtained":[{"floor":7,"key":"FearPotion"},{"floor":11,"key":"Dexterity Potion"},{"floor":13,"key":"LiquidBronze"},{"floor":16,"key":"EntropicBrew"},{"floor":18,"key":"FairyPotion"},{"floor":19,"key":"LiquidMemories"},{"floor":23,"key":"HeartOfIron"},{"floor":39,"key":"PowerPotion"},{"floor":42,"key":"Block Potion"},{"floor":46,"key":"Strength Potion"}],"is_trial":false,"path_per_floor":["M","M","$","M","M","R","E","M","T","?","M","R","M","?","R","B",null,"M","?","M","$","?","E","?","R","T","?","$","E","?","E","R","B",null,"M","$","?","$","M","R","E","?","T","M","M","E","?","M","R","B"],"character_chosen":"IRONCLAD","items_purchased":["Iron Wave","Happy Flower","Shrug It Off","Impervious"],"campfire_rested":2,"item_purchase_floors":[3,21,21,36],"current_hp_per_floor":[67,73,73,74,46,46,20,24,24,29,26,26,16,16,40,18,65,48,33,28,28,28,52,31,31,31,31,31,33,33,58,58,50,73,70,70,70,70,78,78,34,52,52,32,39,26,16,15,42,0],"gold":397,"neow_bonus":"UPGRADE_CARD","is_prod":false,"is_daily":false,"rewards_skipped":[{"floor":33,"relics":[],"potions":["Swift Potion"]},{"floor":35,"relics":[],"potions":["Fire Potion"]}],"chose_seed":false,"campfire_upgraded":4,"win_rate":0,"floor_exit_playtime":[159,242,298,425,598,639,696,858,862,929,995,1002,1182,1269,1369,1551,1692,1878,1959,2078,2178,2210,2365,2404,2436,2443,2456,2462,2533,2578,2692,2705,2967,3031,3147,3190,3197,3283,3438,3455,3684,3793,3812,3887,4014,4148,4174,4254,4259],"timestamp":1665776136,"blue_key_relic_skipped_log":{"floor":43,"relicID":"Art of War"},"path_taken":["M","M","?","M","M","R","E","M","T","?","M","R","?","?","R","BOSS","M","?","M","$","?","E","?","R","T","?","$","E","?","E","R","BOSS","M","$","?","$","M","R","E","?","T","?","M","E","?","M","R","BOSS"],"build_version":"2022-10-04","purchased_purges":3,"victory":false,"max_hp_per_floor":[75,75,75,75,75,75,75,75,75,80,80,80,80,80,80,80,80,80,80,80,80,80,80,80,80,80,80,80,80,80,80,80,80,80,83,83,83,83,86,86,86,89,89,89,89,89,89,92,92,92],"card_choices":[{"not_picked":["Clothesline","Pummel"],"picked":"Blood for Blood","floor":1},{"not_picked":["Sword Boomerang","Rage","Rupture"],"picked":"SKIP","floor":2},{"not_picked":["Cleave","Burning Pact","Heavy Blade"],"picked":"SKIP","floor":4},{"not_picked":["Second Wind","Shrug It Off"],"picked":"Clothesline","floor":5},{"not_picked":["True Grit","Iron Wave"],"picked":"Double Tap","floor":7},{"not_picked":["Uppercut","Seeing Red"],"picked":"Anger","floor":8},{"not_picked":["Rupture","Entrench"],"picked":"Pommel Strike","floor":11},{"not_picked":["True Grit","Clothesline","Twin Strike"],"picked":"SKIP","floor":13},{"not_picked":["Bludgeon","Double Tap"],"picked":"Reaper","floor":16},{"not_picked":["Flex","Rampage","Wild Strike"],"picked":"SKIP","floor":18},{"not_picked":["Warcry","Havoc"],"picked":"Shockwave","floor":19},{"not_picked":["Battle Trance","Pommel Strike"],"picked":"Bloodletting","floor":20},{"not_picked":["Blood for Blood","Uppercut","Seeing Red"],"picked":"SKIP","floor":23},{"not_picked":["Intimidate","Ghostly Armor"],"picked":"Shockwave","floor":29},{"not_picked":["Iron Wave","Hemokinesis","True Grit","Anger","Thunderclap","Dropkick","Twin Strike","Barricade","Intimidate","Headbutt","Sword Boomerang","Uppercut","Clash","Infernal Blade","Wild Strike","Ghostly Armor","Flex","Armaments","Warcry"],"picked":"Battle Trance","floor":30},{"not_picked":["Intimidate","Warcry","Havoc+1"],"picked":"SKIP","floor":31},{"not_picked":["Exhume","Offering"],"picked":"Feed","floor":33},{"not_picked":["Thunderclap","Clash+1","Clothesline"],"picked":"SKIP","floor":35},{"not_picked":["Wild Strike","Sever Soul","Armaments"],"picked":"SKIP","floor":39},{"not_picked":["Searing Blow","Dual Wield","Armaments"],"picked":"SKIP","floor":41},{"not_picked":["Rampage","Headbutt"],"picked":"Evolve","floor":42},{"not_picked":["Pummel","True Grit"],"picked":"Shrug It Off+1","floor":44},{"not_picked":["Cleave+1","Hemokinesis+1"],"picked":"Immolate","floor":45},{"not_picked":["Feel No Pain+1","Blood for Blood+1"],"picked":"Rupture","floor":46},{"not_picked":["Sadistic Nature","Mind Blast"],"picked":"Master of Strategy","floor":47},{"not_picked":["Forethought","Dramatic Entrance","HandOfGreed"],"picked":"SKIP","floor":47},{"not_picked":["Purity","Mayhem","Madness"],"picked":"SKIP","floor":47},{"not_picked":["Clash","Pummel"],"picked":"Disarm","floor":48}],"player_experience":161260,"relics_obtained":[{"floor":7,"key":"Bag of Preparation"},{"floor":9,"key":"Shuriken"},{"floor":19,"key":"Red Mask"},{"floor":23,"key":"Blood Vial"},{"floor":24,"key":"Necronomicon"},{"floor":26,"key":"Lantern"},{"floor":29,"key":"CeramicFish"},{"floor":31,"key":"Pen Nib"},{"floor":41,"key":"Turnip"},{"floor":42,"key":"Girya"},{"floor":46,"key":"Bronze Scales"}],"event_choices":[{"damage_healed":0,"gold_gain":0,"player_choice":"Donut","damage_taken":0,"max_hp_gain":5,"max_hp_loss":0,"event_name":"Big Fish","floor":10,"gold_loss":0},{"damage_healed":0,"gold_gain":0,"player_choice":"Searched \u00270\u0027 times","damage_taken":0,"max_hp_gain":0,"max_hp_loss":0,"event_name":"Dead Adventurer","floor":14,"gold_loss":0},{"damage_healed":0,"gold_gain":0,"player_choice":"Fought Bandits","damage_taken":0,"max_hp_gain":0,"max_hp_loss":0,"event_name":"Masked Bandits","floor":19,"gold_loss":0},{"damage_healed":0,"gold_gain":0,"player_choice":"Upgraded","damage_taken":0,"max_hp_gain":0,"max_hp_loss":0,"event_name":"Upgrade Shrine","floor":22,"gold_loss":0,"cards_upgraded":["Pommel Strike"]},{"damage_healed":0,"gold_gain":0,"player_choice":"Obtained Book","damage_taken":21,"max_hp_gain":0,"max_hp_loss":0,"event_name":"Cursed Tome","floor":24,"gold_loss":0},{"damage_healed":0,"gold_gain":0,"player_choice":"Ignored","damage_taken":0,"max_hp_gain":0,"max_hp_loss":0,"event_name":"The Mausoleum","floor":27,"gold_loss":0},{"damage_healed":0,"gold_gain":0,"player_choice":"Read","damage_taken":0,"max_hp_gain":0,"max_hp_loss":0,"event_name":"The Library","floor":30,"gold_loss":0,"cards_obtained":["Battle Trance"]},{"damage_healed":0,"gold_gain":222,"player_choice":"Wore Mask","damage_taken":0,"max_hp_gain":0,"max_hp_loss":0,"event_name":"Tomb of Lord Red Mask","floor":37,"gold_loss":0},{"damage_healed":0,"gold_gain":0,"player_choice":"Fight","damage_taken":0,"max_hp_gain":0,"max_hp_loss":0,"event_name":"Mysterious Sphere","floor":42,"gold_loss":0},{"damage_healed":0,"gold_gain":0,"player_choice":"Memory 3","damage_taken":10,"max_hp_gain":0,"max_hp_loss":0,"event_name":"SensoryStone","floor":47,"gold_loss":0}],"is_beta":false,"boss_relics":[{"not_picked":["SacredBark","Sozu"],"picked":"SlaversCollar"},{"not_picked":["Tiny House","Velvet Choker"],"picked":"Cursed Key"}],"items_purged_floors":[3,21,38],"is_endless":false,"potions_floor_spawned":[7,11,13,16,18,19,23,33,35,39,42,46],"killed_by":"Time Eater","ascension_level":20,"potion_discard_per_floor":[[],[],[],[],[],[],[],[],[],[],[],[],["Dexterity Potion"],[],[],[],[],[],["Swift Potion"],[],[],[],[],[],[],[],[],[],[],[],[],[],[],[],[],[],[],[],["HeartOfIron"],[],[],[],[],[],[],[],[],[],[],[]]}