{"neow_bonuses_skipped_log":["RANDOM_COLORLESS","TEN_PERCENT_HP_BONUS","BOSS_RELIC"],"neow_costs_skipped_log":["NONE","NONE","NONE"],"potions_obtained_entropic_brew":[[],[],[],[],[],[],[],[],[],[],[],[],[],[],[],[],[],[],[],[],[],[],[]],"gold_per_floor":[118,130,143,159,159,159,187,214,226,250,262,142,170,187,187,260,260,275,225,235,259,276,276],"floor_reached":23,"playtime":4849,"items_purged":["Strike_R"],"score":410,"play_id":"e88b7a7f-7efb-47f3-b195-46bc349048dc","local_time":"20221014112627","score_breakdown":["Floors Climbed (23): 115","Enemies Slain (10): 20","Exordium Elites Killed (2): 20","City Elites Killed (0): 0","Bosses Slain (1): 50","Ascension (20): 205"],"is_ascension_mode":true,"potions_obtained_alchemize":[[],[],[],[],[],[],[],[],[],[],[],[],[],[],[],[],[],[],[],[],[],[],[]],"campfire_choices":[{"data":"Sever Soul","floor":6,"key":"SMITH"},{"floor":11,"key":"REST"},{"data":"Body Slam","floor":15,"key":"SMITH"}],"lesson_learned_per_floor":[[],[],[],[],[],[],[],[],[],[],[],[],[],[],[],[],[],[],[],[],[],[],[]],"neow_cost":"TEN_PERCENT_HP_LOSS","improvable_cards":{},"seed_source_timestamp":149097761422100,"shop_contents":[{"floor":12,"relics":["Pear","Mango","HandDrill"],"cards":["Whirlwind","Flex+1","Dual Wield+1","Barricade","Blind+1","Sadistic Nature"],"potions":["SmokeBomb","Dexterity Potion","ColorlessPotion"]},{"floor":19,"relics":["HornCleat","Paper Frog","Chemical X"],"cards":["Anger","Uppercut","Entrench+1","Combust","Madness+1","HandOfGreed"],"potions":["LiquidBronze","Weak Potion","DuplicationPotion"]}],"circlet_count":0,"master_deck":["AscendersBane","Bash","Sever Soul+1","Shockwave","Combust","Pommel Strike","Flame Barrier+1","Shrug It Off+1","Body Slam+1","Anger","Corruption","Armaments+1","Feed","Rupture","Fire Breathing","Headbutt","Inflame","Clothesline","Reckless Charge","True Grit+1","Warcry+1","Havoc+1"],"potion_use_per_floor":[[],[],[],[],[],[],["ColorlessPotion"],["Energy Potion"],[],[],[],[],[],[],[],[],[],["DuplicationPotion"],[],[],[],[],["CultistPotion","FearPotion"]],"relics":["Burning Blood","Toxic Egg 2","MawBank","Eternal Feather","Strawberry","Pandora\u0027s Box","Bronze Scales"],"potions_floor_usage":[7,8,18,23,23],"damage_taken":[{"damage":2,"enemies":"Cultist","floor":1,"turns":4},{"damage":3,"enemies":"2 Louse","floor":2,"turns":3},{"damage":2,"enemies":"Jaw Worm","floor":3,"turns":4},{"damage":26,"enemies":"Exordium Thugs","floor":4,"turns":3},{"damage":35,"enemies":"3 Sentries","floor":7,"turns":7},{"damage":4,"enemies":"3 Louse","floor":8,"turns":4},{"damage":2,"enemies":"2 Fungi Beasts","floor":10,"turns":4},{"damage":17,"enemies":"Gremlin Nob","floor":13,"turns":4},{"damage":5,"enemies":"Large Slime","floor":14,"turns":4},{"damage":30,"enemies":"The Guardian","floor":16,"turns":15},{"damage":2,"enemies":"Spheric Guardian","floor":18,"turns":3},{"damage":12,"enemies":"Chosen","floor":20,"turns":4},{"damage":30,"enemies":"Shelled Parasite and Fungi","floor":22,"turns":6},{"damage":40,"enemies":"Book of Stabbing","floor":23,"turns":4}],"seed_played":"5052191552286841161","neow_bonus_log":{"cardsObtained":[],"cardsUpgraded":[],"cardsRemoved":["Strike_R","Strike_R"],"cardsTransformed":[],"relicsObtained":[],"maxHpGained":0,"goldGained":0,"damageTaken":0,"goldLost":0,"maxHpLost":7},"potions_obtained":[{"floor":3,"key":"Energy Potion"},{"floor":4,"key":"ColorlessPotion"},{"floor":7,"key":"CultistPotion"},{"floor":14,"key":"DuplicationPotion"},{"floor":18,"key":"FearPotion"}],"is_trial":false,"path_per_floor":["M","M","M","M","?","R","E","M","T","M","R","$","E","M","R","B",null,"M","$","M","T","M","E"],"character_chosen":"IRONCLAD","items_purchased":["Anger","True Grit+1"],"campfire_rested":1,"item_purchase_floors":[12,19],"current_hp_per_floor":[68,68,68,48,37,37,8,10,10,14,43,43,39,40,49,25,63,67,67,61,61,37,0],"gold":276,"neow_bonus":"REMOVE_TWO","is_prod":false,"is_daily":false,"rewards_skipped":[],"chose_seed":false,"campfire_upgraded":2,"win_rate":0,"floor_exit_playtime":[710,769,877,1236,1313,1360,1826,2003,2050,2264,2269,2497,2545,2616,2625,2951,3250,3659,3996,4194,4200,4447],"timestamp":1665761187,"path_taken":["M","?","M","M","?","R","E","M","T","M","R","$","E","M","R","BOSS","M","?","M","?","M","E"],"build_version":"2022-10-04","purchased_purges":1,"victory":false,"max_hp_per_floor":[68,68,68,68,68,68,68,68,68,68,68,68,75,75,75,75,75,75,75,75,75,75,75],"card_choices":[{"not_picked":["Perfected Strike","Havoc"],"picked":"Sever Soul","floor":1},{"not_picked":["Entrench","Ghostly Armor"],"picked":"Shockwave","floor":2},{"not_picked":["Pummel","Sentinel"],"picked":"Combust","floor":3},{"not_picked":["Warcry","Disarm"],"picked":"Pommel Strike","floor":4},{"not_picked":["Dropkick","Anger"],"picked":"Flame Barrier+1","floor":7},{"not_picked":["Blood for Blood","Warcry+1"],"picked":"Shrug It Off+1","floor":8},{"not_picked":["Evolve","Pummel"],"picked":"Body Slam","floor":10},{"not_picked":["Uppercut","Flex+1"],"picked":"Corruption","floor":13},{"not_picked":["Combust","Twin Strike"],"picked":"Armaments+1","floor":14},{"not_picked":["Corruption","Offering+1"],"picked":"Feed","floor":16},{"not_picked":["Heavy Blade","Clothesline","Armaments+1"],"picked":"SKIP","floor":18},{"not_picked":["Metallicize","Sword Boomerang"],"picked":"Warcry+1","floor":20},{"not_picked":["Thunderclap","Carnage+1"],"picked":"Havoc+1","floor":22}],"player_experience":146896,"relics_obtained":[{"floor":7,"key":"MawBank"},{"floor":9,"key":"Eternal Feather"},{"floor":13,"key":"Strawberry"},{"floor":21,"key":"Bronze Scales"}],"event_choices":[{"damage_healed":0,"gold_gain":0,"player_choice":"Success","damage_taken":11,"relics_obtained":["Toxic Egg 2"],"max_hp_gain":0,"max_hp_loss":0,"event_name":"Scrap Ooze","floor":5,"gold_loss":0}],"is_beta":false,"boss_relics":[{"not_picked":["Velvet Choker","Calling Bell"],"picked":"Pandora\u0027s Box"}],"items_purged_floors":[12],"is_endless":false,"potions_floor_spawned":[3,4,7,14,18],"killed_by":"Book of Stabbing","ascension_level":20,"potion_discard_per_floor":[[],[],[],[],[],[],[],[],[],[],[],[],[],[],[],[],[],[],[],[],[],[],[]]}