{"neow_bonuses_skipped_log":["REMOVE_CARD","THREE_ENEMY_KILL","BOSS_RELIC"],"neow_costs_skipped_log":["NONE","NONE","NONE"],"potions_obtained_entropic_brew":[[],[],[],[],[],[],[],[],[],[],[],[],[],[],[],[],[],[],[],[],[],[],[],[],[],[],[],[],[],[],[],[],[],[],[],[],[],[],[],[],[],[],[],[],[],[],[],[],[],[],[],[],[],[],[],[]],"gold_per_floor":[369,384,398,418,434,460,460,476,476,493,19,46,78,90,90,165,165,175,175,175,192,212,242,242,256,556,576,590,590,515,527,527,598,598,616,288,315,326,326,10,22,22,22,38,72,72,91,120,120,120,120,120,120,10,37,37],"floor_reached":56,"playtime":9515,"items_purged":["Strike_R"],"score":1939,"play_id":"aec18715-0c31-4aff-88ce-4c51c552b323","local_time":"20221014141036","falling_options_log":["Impervious","Inflame"],"score_breakdown":["Floors Climbed (56): 280","Enemies Slain (20): 40","Exordium Elites Killed (2): 20","City Elites Killed (1): 20","Beyond Elites Killed (2): 60","Bosses Slain (4): 500","Poopy: -1","Money Money (1301): 25","Well Fed: 25","Champion (1): 25","Ascension (20): 945"],"is_ascension_mode":true,"potions_obtained_alchemize":[[],[],[],[],[],[],[],[],[],[],[],[],[],[],[],[],[],[],[],[],[],[],[],[],[],[],[],[],[],[],[],[],[],[],[],[],[],[],[],[],[],[],[],[],[],[],[],[],[],[],[],[],[],[],[],[]],"campfire_choices":[{"data":"Armaments","floor":7,"key":"SMITH"},{"data":"Pommel Strike","floor":15,"key":"SMITH"},{"data":"Pommel Strike","floor":24,"key":"SMITH"},{"data":"Demon Form","floor":32,"key":"SMITH"},{"data":"Burning Pact","floor":42,"key":"SMITH"},{"floor":49,"key":"RECALL"},{"data":"Evolve","floor":53,"key":"SMITH"}],"lesson_learned_per_floor":[[],[],[],[],[],[],[],[],[],[],[],[],[],[],[],[],[],[],[],[],[],[],[],[],[],[],[],[],[],[],[],[],[],[],[],[],[],[],[],[],[],[],[],[],[],[],[],[],[],[],[],[],[],[],[],[]],"neow_cost":"PERCENT_DAMAGE","improvable_cards":{},"seed_source_timestamp":154267797492500,"shop_contents":[{"floor":11,"relics":["Nunchaku"],"cards":["Hemokinesis","Heavy Blade","Second Wind","Flex","Deep Breath","Master of Strategy"],"potions":["DuplicationPotion"]},{"floor":36,"relics":["Orichalcum","Brimstone"],"cards":["Rampage","True Grit","Fire Breathing","Mind Blast","Secret Weapon"],"potions":["Regen Potion","Regen Potion","FearPotion"]},{"floor":40,"relics":["Dream Catcher","Strange Spoon"],"cards":["Pommel Strike","Dropkick","True Grit","Rage","Swift Strike","Master of Strategy"],"potions":["Dexterity Potion","EssenceOfSteel"]},{"floor":46,"relics":["Omamori","CaptainsWheel","Lee\u0027s Waffle"],"cards":["Reaper","Whirlwind","Flex","Shrug It Off","Rupture","Dark Shackles","Thinking Ahead"],"potions":["Energy Potion","FearPotion","SkillPotion"]},{"floor":54,"relics":["Champion Belt","HornCleat","Orrery"],"cards":["Headbutt","Whirlwind","Havoc","Seeing Red","Barricade","Impatience","Thinking Ahead"],"potions":["Regen Potion"]}],"circlet_count":0,"master_deck":["AscendersBane","Strike_R","Strike_R+1","Strike_R","Defend_R","Defend_R","Defend_R","Defend_R","Bash","Twin Strike","Armaments+1","Pommel Strike+1","Twin Strike","Clash+1","Inflame","Inflame","Impervious","Burning Pact","Pommel Strike+1","Demon Form+1","Disarm+1","Corruption","Burning Pact+1","Shrug It Off","Clothesline","Evolve+1","Parasite","Shockwave+1","Uppercut","Pommel Strike+1"],"potion_use_per_floor":[[],[],[],[],[],["GamblersBrew"],[],["Weak Potion"],[],["GamblersBrew"],["BloodPotion"],[],["FearPotion"],[],[],[],[],[],[],[],[],[],["PowerPotion","AttackPotion"],[],[],[],[],[],[],[],[],[],["Weak Potion"],[],[],[],[],[],[],[],[],[],[],[],["EssenceOfSteel","SteroidPotion"],[],[],["GamblersBrew"],[],[],[],[],[],[],["ColorlessPotion","BlessingOfTheForge"],["BlessingOfTheForge"]],"relics":["Burning Blood","Pantograph","Mummified Hand","Medical Kit","Whetstone","Odd Mushroom","Blue Candle","Coffee Dripper","Singing Bowl","Self Forming Clay","Bag of Marbles","Old Coin","Spirit Poop","Runic Dome","Vajra","Potion Belt","Shuriken","Strawberry","Lizard Tail","Bronze Scales"],"potions_floor_usage":[6,8,10,11,13,23,23,33,45,45,48,55,55,56],"damage_taken":[{"damage":7,"enemies":"Cultist","floor":1,"turns":4},{"damage":7,"enemies":"Jaw Worm","floor":2,"turns":4},{"damage":4,"enemies":"Small Slimes","floor":3,"turns":3},{"damage":3,"enemies":"Looter","floor":4,"turns":5},{"damage":17,"enemies":"Exordium Wildlife","floor":5,"turns":5},{"damage":25,"enemies":"3 Sentries","floor":6,"turns":9},{"damage":21,"enemies":"Exordium Thugs","floor":8,"turns":6},{"damage":6,"enemies":"3 Louse","floor":10,"turns":4},{"damage":20,"enemies":"The Mushroom Lair","floor":12,"turns":3},{"damage":0,"enemies":"Gremlin Nob","floor":13,"turns":2},{"damage":8,"enemies":"Exordium Wildlife","floor":14,"turns":3},{"damage":30,"enemies":"Hexaghost","floor":16,"turns":7},{"damage":8,"enemies":"Chosen","floor":18,"turns":3},{"damage":1,"enemies":"Spheric Guardian","floor":21,"turns":4},{"damage":25,"enemies":"3 Cultists","floor":22,"turns":6},{"damage":12,"enemies":"Book of Stabbing","floor":23,"turns":3},{"damage":19,"enemies":"Snake Plant","floor":25,"turns":3},{"damage":1,"enemies":"Shelled Parasite and Fungi","floor":27,"turns":3},{"damage":13,"enemies":"Chosen and Byrds","floor":28,"turns":5},{"damage":9,"enemies":"Centurion and Healer","floor":31,"turns":5},{"damage":41,"enemies":"Automaton","floor":33,"turns":8},{"damage":8,"enemies":"Orb Walker","floor":35,"turns":3},{"damage":0,"enemies":"3 Shapes","floor":38,"turns":12},{"damage":32,"enemies":"Sphere and 2 Shapes","floor":41,"turns":5},{"damage":6,"enemies":"Writhing Mass","floor":44,"turns":4},{"damage":17,"enemies":"Reptomancer","floor":45,"turns":7},{"damage":15,"enemies":"4 Shapes","floor":47,"turns":5},{"damage":11,"enemies":"Nemesis","floor":48,"turns":5},{"damage":53,"enemies":"Donu and Deca","floor":50,"turns":6},{"damage":76,"enemies":"Time Eater","floor":51,"turns":7},{"damage":70,"enemies":"Shield and Spear","floor":55,"turns":7},{"damage":53,"enemies":"The Heart","floor":56,"turns":2}],"green_key_taken_log":13,"seed_played":"-8324690883371636421","neow_bonus_log":{"cardsObtained":[],"cardsUpgraded":[],"cardsRemoved":[],"cardsTransformed":[],"relicsObtained":[],"maxHpGained":0,"goldGained":250,"damageTaken":18,"goldLost":0,"maxHpLost":0},"potions_obtained":[{"floor":2,"key":"Weak Potion"},{"floor":5,"key":"GamblersBrew"},{"floor":8,"key":"GamblersBrew"},{"floor":10,"key":"FearPotion"},{"floor":13,"key":"ElixirPotion"},{"floor":18,"key":"PowerPotion"},{"floor":27,"key":"Weak Potion"},{"floor":31,"key":"SteroidPotion"},{"floor":35,"key":"EssenceOfSteel"},{"floor":41,"key":"GamblersBrew"},{"floor":47,"key":"BlessingOfTheForge"}],"is_trial":false,"path_per_floor":["M","M","M","M","M","E","R","M","T","M","$","?","E","M","R","B",null,"M","?","T","M","M","E","R","M","T","M","M","?","?","M","R","B",null,"M","$","T","M","?","$","M","R","T","M","E","$","M","E","R","B","B",null,"R","$","E","B"],"character_chosen":"IRONCLAD","items_purchased":["Inflame","BloodPotion","AttackPotion","Medical Kit","Whetstone","Shrug It Off","Clothesline","Vajra","Evolve","Potion Belt","DuplicationPotion","ColorlessPotion","BlessingOfTheForge"],"campfire_rested":0,"item_purchase_floors":[11,11,11,11,11,36,36,36,40,40,40,54,54],"current_hp_per_floor":[49,48,50,53,42,23,23,8,8,8,23,9,15,13,13,14,60,58,58,58,63,44,38,38,27,27,34,27,27,27,26,26,16,65,63,63,63,71,71,71,47,47,47,49,45,45,36,31,31,9,27,77,77,77,15,0],"gold":37,"neow_bonus":"TWO_FIFTY_GOLD","is_prod":false,"is_daily":false,"rewards_skipped":[{"floor":44,"relics":[],"potions":["EssenceOfSteel"]}],"chose_seed":false,"campfire_upgraded":6,"win_rate":0,"floor_exit_playtime":[190,262,318,383,478,749,842,1076,1080,1695,1866,2129,2266,2385,2442,2580,2882,2985,3002,3015,3144,3452,3725,3757,3849,3854,3997,4172,4225,4248,4400,4428,5024,5255,5349,5626,5693,5892,5924,6150,6377,6396,6406,6633,6872,6927,7177,7450,7454,7818,8285,8301,8373,8580,9068],"timestamp":1665771036,"blue_key_relic_skipped_log":{"floor":37,"relicID":"MealTicket"},"path_taken":["M","M","M","M","M","E","R","M","T","M","$","?","E","M","R","BOSS","M","?","?","?","M","E","R","M","T","M","M","?","?","M","R","BOSS","M","$","?","M","?","?","M","R","T","?","E","?","M","E","R","BOSS","BOSS","R","$","E","BOSS"],"build_version":"2022-10-04","purchased_purges":1,"victory":false,"max_hp_per_floor":[75,75,75,75,75,75,75,75,75,75,75,75,75,75,75,75,75,75,75,75,75,75,75,75,77,77,79,79,79,79,81,81,81,81,81,81,81,83,83,83,85,85,85,87,94,94,94,94,94,94,94,94,94,94,96,96],"card_choices":[{"not_picked":["Entrench","Body Slam"],"picked":"Twin Strike","floor":1},{"not_picked":["Cleave","Thunderclap"],"picked":"Armaments","floor":2},{"not_picked":["Warcry","Wild Strike"],"picked":"Pommel Strike","floor":3},{"not_picked":["Juggernaut","Havoc"],"picked":"Twin Strike","floor":4},{"not_picked":["Dropkick","Warcry","Thunderclap"],"picked":"SKIP","floor":5},{"not_picked":["Clash","Rampage","Heavy Blade"],"picked":"SKIP","floor":6},{"not_picked":["Carnage","Sword Boomerang","Clash"],"picked":"SKIP","floor":8},{"not_picked":["Carnage","Sword Boomerang"],"picked":"Clash","floor":8},{"not_picked":["Heavy Blade","Rage"],"picked":"Headbutt","floor":10},{"not_picked":["Iron Wave","Headbutt"],"picked":"Inflame","floor":12},{"not_picked":["Cleave","Sword Boomerang","Pommel Strike"],"picked":"SKIP","floor":13},{"not_picked":["Intimidate","Rampage","Inflame"],"picked":"SKIP","floor":14},{"not_picked":["Juggernaut","Brutality"],"picked":"Impervious","floor":16},{"not_picked":["Bloodletting+1","Blood for Blood","Infernal Blade+1"],"picked":"SKIP","floor":18},{"not_picked":["Ghostly Armor","Cleave"],"picked":"Burning Pact","floor":21},{"not_picked":["Clash","Burning Pact"],"picked":"Pommel Strike","floor":22},{"not_picked":["Dual Wield","Burning Pact"],"picked":"Demon Form","floor":23},{"not_picked":["Wild Strike","Twin Strike","Clash"],"picked":"Singing Bowl","floor":25},{"not_picked":["Flex","Berserk","Pummel"],"picked":"Singing Bowl","floor":27},{"not_picked":["Pommel Strike","Twin Strike"],"picked":"Disarm+1","floor":28},{"not_picked":["Sword Boomerang","Perfected Strike","Rupture"],"picked":"Singing Bowl","floor":31},{"not_picked":["Limit Break","Exhume"],"picked":"Corruption","floor":33},{"not_picked":["Perfected Strike","Headbutt"],"picked":"Burning Pact","floor":35},{"not_picked":["Carnage","Pommel Strike","Heavy Blade+1"],"picked":"Singing Bowl","floor":38},{"not_picked":["Fire Breathing","Cleave","Anger"],"picked":"Singing Bowl","floor":41},{"not_picked":["Anger+1","Metallicize","Rupture+1"],"picked":"Singing Bowl","floor":44},{"not_picked":["Armaments","Fire Breathing"],"picked":"Shockwave+1","floor":45},{"not_picked":["Headbutt+1","Thunderclap"],"picked":"Uppercut","floor":47},{"not_picked":["Ghostly Armor+1","Havoc"],"picked":"Pommel Strike+1","floor":48},{"not_picked":["Sever Soul","Anger","Seeing Red"],"picked":"Singing Bowl","floor":55}],"player_experience":151745,"relics_obtained":[{"floor":6,"key":"Pantograph"},{"floor":9,"key":"Mummified Hand"},{"floor":12,"key":"Odd Mushroom"},{"floor":13,"key":"Blue Candle"},{"floor":20,"key":"Self Forming Clay"},{"floor":23,"key":"Bag of Marbles"},{"floor":26,"key":"Old Coin"},{"floor":43,"key":"Shuriken"},{"floor":45,"key":"Strawberry"},{"floor":48,"key":"Lizard Tail"},{"floor":55,"key":"Bronze Scales"}],"event_choices":[{"damage_healed":0,"gold_gain":0,"player_choice":"Fought Mushrooms","damage_taken":0,"max_hp_gain":0,"max_hp_loss":0,"event_name":"Mushrooms","floor":12,"gold_loss":0},{"damage_healed":0,"gold_gain":0,"player_choice":"Opened","damage_taken":0,"relics_obtained":["Singing Bowl"],"max_hp_gain":0,"max_hp_loss":0,"event_name":"The Mausoleum","floor":19,"gold_loss":0,"cards_obtained":["Writhe"]},{"cards_removed":["Writhe"],"damage_healed":0,"gold_gain":0,"player_choice":"Offered Curse","damage_taken":0,"relics_obtained":["Spirit Poop"],"max_hp_gain":0,"max_hp_loss":0,"event_name":"Bonfire Elementals","floor":29,"gold_loss":0},{"cards_removed":["Strike_R"],"damage_healed":0,"gold_gain":0,"player_choice":"Gave Gold","damage_taken":0,"max_hp_gain":0,"max_hp_loss":0,"event_name":"Beggar","floor":30,"gold_loss":75},{"cards_removed":["Headbutt"],"damage_healed":0,"gold_gain":0,"player_choice":"Removed Attack","damage_taken":0,"max_hp_gain":0,"max_hp_loss":0,"event_name":"Falling","floor":39,"gold_loss":0}],"is_beta":false,"boss_relics":[{"not_picked":["Ectoplasm","Calling Bell"],"picked":"Coffee Dripper"},{"not_picked":["Sozu","Velvet Choker"],"picked":"Runic Dome"}],"items_purged_floors":[36],"is_endless":false,"potions_floor_spawned":[2,5,8,10,13,18,27,31,35,41,44,47],"killed_by":"The Heart","ascension_level":20,"potion_discard_per_floor":[[],[],[],[],[],[],[],[],[],[],[],[],[],[],[],[],[],["ElixirPotion"],[],[],[],[],[],[],[],[],[],[],[],[],[],[],[],[],[],[],[],[],[],[],[],[],[],[],[],[],[],[],[],[],[],[],[],[],[],[]]}