{"neow_bonuses_skipped_log":["THREE_ENEMY_KILL","RANDOM_COLORLESS_2","BOSS_RELIC"],"neow_costs_skipped_log":["NONE","CURSE","NONE"],"potions_obtained_entropic_brew":[[],[],[],[],[],[],[],[],[],[],[],[],[],[],[],[],[],[],[],[],[],[],[],[],[],[],[],[],[],[],[],[],[],[],[],[],[],[],[],[],[],[],[],[],[],[],[],[],[],[],[],[],[],[],[],[],[]],"gold_per_floor":[119,137,137,153,168,168,201,214,214,226,226,242,270,420,420,497,497,514,464,239,239,35,61,74,104,172,184,184,194,211,241,241,318,318,328,1327,863,873,405,435,435,467,467,492,509,546,570,591,591,591,591,591,591,106,141,141],"floor_reached":57,"playtime":7067,"items_purged":["Strike_R","Normality","Normality","Strike_R"],"score":3382,"play_id":"d4250abd-9273-4b0c-8298-f069477dc5c8","local_time":"20221016145426","score_breakdown":["Floors Climbed (57): 285","Enemies Slain (18): 36","Exordium Elites Killed (2): 20","City Elites Killed (3): 60","Beyond Elites Killed (3): 90","Bosses Slain (5): 750","I Like Shiny: 50","Raining Money (2014): 50","Collector (1): 25","Librarian: 25","Curses!: 100","Champion (4): 100","Perfect (1): 50","Overkill: 25","C-c-c-combo: 25","Ascension (20): 1441","Heartbreaker: 250"],"is_ascension_mode":true,"potions_obtained_alchemize":[[],[],[],[],[],[],[],[],[],[],[],[],[],[],[],[],[],[],[],[],[],[],[],[],[],[],[],[],[],[],[],[],[],[],[],[],[],[],[],[],[],[],[],[],[],[],[],[],[],[],[],[],[],[],[],[],[]],"campfire_choices":[{"data":"Uppercut","floor":11,"key":"SMITH"},{"data":"Armaments","floor":15,"key":"SMITH"},{"data":"Body Slam","floor":28,"key":"SMITH"},{"data":"Corruption","floor":32,"key":"SMITH"},{"floor":49,"key":"RECALL"},{"data":"Dual Wield","floor":53,"key":"SMITH"}],"lesson_learned_per_floor":[[],[],[],[],[],[],[],[],[],[],[],[],[],[],[],[],[],[],[],[],[],[],[],[],[],[],[],[],[],[],[],[],[],[],[],[],[],[],[],[],[],[],[],[],[],[],[],[],[],[],[],[],[],[],[],[],[]],"neow_cost":"NONE","improvable_cards":{},"seed_source_timestamp":332130812299100,"shop_contents":[{"floor":20,"relics":["Ginger","Regal Pillow","Brimstone"],"cards":["Rampage","Seeing Red","Flame Barrier","Inflame","Panacea","Magnetism"],"potions":["SpeedPotion","EssenceOfSteel","Block Potion"]},{"floor":22,"relics":["Toxic Egg 2","Turnip"],"cards":["Perfected Strike","Havoc","Rage","Fire Breathing","Deep Breath","Panache"],"potions":["LiquidBronze","PowerPotion","SmokeBomb"]},{"floor":37,"relics":["Mercury Hourglass","Juzu Bracelet"],"cards":["Iron Wave","Pummel","Finesse","Magnetism"],"potions":["FearPotion","Block Potion","FearPotion"]},{"floor":39,"relics":["Shovel"],"cards":["Clash","Thunderclap","Intimidate","Magnetism"],"potions":["Fruit Juice","AttackPotion","SpeedPotion"]},{"floor":54,"relics":[],"cards":["Heavy Blade","Feed","Sadistic Nature"],"potions":["Regen Potion","DistilledChaos","EntropicBrew"]}],"circlet_count":0,"master_deck":["AscendersBane","Strike_R","Strike_R","Defend_R","Defend_R","Defend_R","Defend_R","Bash","Body Slam+1","Uppercut+1","Battle Trance","Corruption+1","Armaments+1","Power Through","Flame Barrier","Offering","Doubt","Offering","Flame Barrier","Immolate","Shame","Whirlwind+1","Disarm","Blood for Blood+1","Impervious","Dual Wield+1","Exhume","Barricade","CurseOfTheBell","Warcry+1","Dark Embrace","Dark Embrace","Bloodletting","Shrug It Off","Dark Embrace","Dark Shackles","Seeing Red","Reaper","Writhe","Shrug It Off","Spot Weakness","Headbutt+1","Ghostly Armor+1","Dark Embrace","Dark Shackles","Entrench","Shrug It Off","Sentinel"],"potion_use_per_floor":[[],[],[],[],[],[],[],["Explosive Potion"],[],[],[],[],[],[],[],["SneckoOil"],[],[],[],[],[],[],[],[],[],[],[],[],[],[],[],[],[],[],[],[],[],[],[],[],[],[],[],[],[],[],[],[],[],[],[],[],[],[],[],["Ancient Potion","SpeedPotion"],[]],"relics":["Burning Blood","Art of War","Blue Candle","Unceasing Top","Du-Vu Doll","Runic Cube","Bird Faced Urn","Chemical X","Thread and Needle","Whetstone","Question Card","Calling Bell","Oddly Smooth Stone","Paper Frog","StoneCalendar","DollysMirror","Membership Card","Bottled Tornado","Bronze Scales","CeramicFish","Anchor","Frozen Eye","Nunchaku","Gremlin Horn","Strawberry"],"potions_floor_usage":[8,16,56,56],"damage_taken":[{"damage":2,"enemies":"2 Louse","floor":1,"turns":4},{"damage":6,"enemies":"Small Slimes","floor":2,"turns":4},{"damage":6,"enemies":"Jaw Worm","floor":4,"turns":3},{"damage":14,"enemies":"Blue Slaver","floor":5,"turns":6},{"damage":45,"enemies":"3 Sentries","floor":7,"turns":11},{"damage":1,"enemies":"Lots of Slimes","floor":8,"turns":2},{"damage":15,"enemies":"Exordium Wildlife","floor":10,"turns":4},{"damage":1,"enemies":"Looter","floor":12,"turns":4},{"damage":0,"enemies":"Lagavulin","floor":13,"turns":5},{"damage":18,"enemies":"The Guardian","floor":16,"turns":10},{"damage":7,"enemies":"Shell Parasite","floor":18,"turns":4},{"damage":17,"enemies":"Book of Stabbing","floor":23,"turns":4},{"damage":3,"enemies":"Spheric Guardian","floor":24,"turns":5},{"damage":12,"enemies":"Slavers","floor":25,"turns":4},{"damage":16,"enemies":"Snake Plant","floor":27,"turns":3},{"damage":8,"enemies":"Centurion and Healer","floor":29,"turns":5},{"damage":7,"enemies":"Chosen and Byrds","floor":30,"turns":3},{"damage":9,"enemies":"Book of Stabbing","floor":31,"turns":4},{"damage":20,"enemies":"Champ","floor":33,"turns":7},{"damage":7,"enemies":"Orb Walker","floor":35,"turns":3},{"damage":1,"enemies":"3 Shapes","floor":38,"turns":3},{"damage":8,"enemies":"Giant Head","floor":40,"turns":3},{"damage":25,"enemies":"Reptomancer","floor":42,"turns":2},{"damage":13,"enemies":"Sphere and 2 Shapes","floor":44,"turns":4},{"damage":18,"enemies":"Jaw Worm Horde","floor":45,"turns":1},{"damage":14,"enemies":"Nemesis","floor":46,"turns":3},{"damage":20,"enemies":"Maw","floor":47,"turns":2},{"damage":22,"enemies":"Writhing Mass","floor":48,"turns":7},{"damage":20,"enemies":"Awakened One","floor":50,"turns":5},{"damage":34,"enemies":"Time Eater","floor":51,"turns":7},{"damage":74,"enemies":"Shield and Spear","floor":55,"turns":7},{"damage":43,"enemies":"The Heart","floor":56,"turns":6}],"green_key_taken_log":46,"seed_played":"-1535064231351672500","neow_bonus_log":{"cardsObtained":["Body Slam"],"cardsUpgraded":[],"cardsRemoved":[],"cardsTransformed":["Strike_R"],"relicsObtained":[],"maxHpGained":0,"goldGained":0,"damageTaken":0,"goldLost":0,"maxHpLost":0},"potions_obtained":[{"floor":1,"key":"FairyPotion"},{"floor":5,"key":"Swift Potion"},{"floor":7,"key":"Explosive Potion"},{"floor":13,"key":"SneckoOil"},{"floor":27,"key":"EntropicBrew"},{"floor":29,"key":"ElixirPotion"},{"floor":33,"key":"SpeedPotion"},{"floor":48,"key":"Ancient Potion"}],"is_trial":false,"path_per_floor":["M","M","?","M","M","?","E","M","T","M","R","M","E","?","R","B",null,"M","?","$","?","$","E","M","E","T","M","R","M","M","E","R","B",null,"M","?","$","M","$","E","?","E","T","M","M","E","M","M","R","B","B",null,"R","$","E","B",null],"character_chosen":"IRONCLAD","items_purchased":["Immolate","Whirlwind","Chemical X","Dark Embrace","DollysMirror","Bloodletting","Shrug It Off","Membership Card","Dark Embrace","Bottled Tornado","Dark Shackles","Seeing Red","Frozen Eye","Dark Embrace","Dark Shackles","Entrench","Shrug It Off","Nunchaku","Gremlin Horn"],"campfire_rested":0,"item_purchase_floors":[20,22,22,37,37,37,37,39,39,39,39,39,54,54,54,54,54,54,54],"current_hp_per_floor":[72,72,67,67,59,64,25,30,30,21,21,26,32,32,32,20,65,64,64,64,64,64,55,60,54,54,46,46,46,45,44,44,32,68,69,69,69,78,78,78,80,80,80,80,80,80,71,63,63,80,71,78,78,78,87,67],"gold":141,"neow_bonus":"TRANSFORM_CARD","is_prod":false,"is_daily":false,"rewards_skipped":[{"floor":31,"relics":["Omamori"],"potions":["Explosive Potion"]},{"floor":38,"relics":[],"potions":["BlessingOfTheForge"]},{"floor":42,"relics":[],"potions":["Regen Potion"]},{"floor":45,"relics":[],"potions":["SteroidPotion"]},{"floor":46,"relics":[],"potions":["Strength Potion"]}],"chose_seed":false,"campfire_upgraded":5,"win_rate":0,"floor_exit_playtime":[370,530,546,804,984,1036,1293,1370,1407,1514,1570,1674,1766,1794,1859,2210,2391,2480,2687,2980,3062,3122,3266,3414,3672,3680,3794,3832,3982,4077,4193,4207,4648,4743,4811,4834,4910,4974,5055,5124,5173,5287,5290,5409,5484,5669,5784,5979,5985,6208,6419,6432,6442,6484,6814,7067],"timestamp":1665946466,"blue_key_relic_skipped_log":{"floor":43,"relicID":"Singing Bowl"},"path_taken":["M","M","?","M","M","?","E","M","T","M","R","?","E","?","R","BOSS","M","?","?","?","?","E","?","E","T","M","R","M","M","E","R","BOSS","M","?","$","M","$","E","?","E","T","?","M","E","?","M","R","BOSS","BOSS","R","$","E","BOSS"],"build_version":"2022-10-04","purchased_purges":4,"victory":true,"max_hp_per_floor":[75,75,75,75,75,80,80,80,80,80,80,80,80,80,80,80,80,80,80,80,80,80,80,80,80,80,80,80,80,80,80,80,80,80,80,80,80,80,80,80,80,80,80,80,80,80,80,80,80,80,80,80,80,80,87,87],"card_choices":[{"not_picked":["Flex","Ghostly Armor"],"picked":"Uppercut","floor":1},{"not_picked":["Inflame","Disarm"],"picked":"Battle Trance","floor":2},{"not_picked":["Flex","Cleave","Wild Strike"],"picked":"SKIP","floor":4},{"not_picked":["Body Slam","Twin Strike","Sword Boomerang"],"picked":"SKIP","floor":5},{"not_picked":["Headbutt","Searing Blow"],"picked":"Corruption","floor":7},{"not_picked":["Wild Strike","Body Slam"],"picked":"Armaments","floor":8},{"not_picked":["Havoc","Thunderclap"],"picked":"Power Through","floor":10},{"not_picked":["Pommel Strike","Perfected Strike"],"picked":"Flame Barrier","floor":12},{"not_picked":["Pommel Strike","Sword Boomerang"],"picked":"Offering","floor":13},{"not_picked":["Berserk","Bludgeon"],"picked":"Offering","floor":16},{"not_picked":["Armaments","Twin Strike"],"picked":"Flame Barrier","floor":18},{"not_picked":["True Grit","Flex"],"picked":"Disarm","floor":23},{"not_picked":["Metallicize","Dropkick","Searing Blow"],"picked":"SKIP","floor":24},{"not_picked":["Uppercut","Sever Soul"],"picked":"Blood for Blood","floor":25},{"not_picked":["Thunderclap","Cleave","Sword Boomerang+1"],"picked":"Impervious","floor":27},{"not_picked":["Sword Boomerang","Havoc","Clothesline+1"],"picked":"Dual Wield","floor":29},{"not_picked":["Clash","Warcry","Wild Strike","True Grit"],"picked":"SKIP","floor":30},{"not_picked":["Combust","Clash","Second Wind"],"picked":"Exhume","floor":31},{"not_picked":["Bludgeon","Limit Break","Berserk"],"picked":"Barricade","floor":33},{"not_picked":["Sever Soul","Clothesline+1","True Grit"],"picked":"Warcry+1","floor":35},{"not_picked":["Rage","Armaments","Havoc","Iron Wave"],"picked":"SKIP","floor":38},{"not_picked":["Iron Wave","Clash","Battle Trance"],"picked":"Reaper","floor":40},{"not_picked":["Hemokinesis","Clash","Searing Blow+1","Cleave"],"picked":"SKIP","floor":42},{"not_picked":["Cleave","Havoc+1","Heavy Blade"],"picked":"Shrug It Off","floor":44},{"not_picked":["Body Slam","Hemokinesis","Havoc","Uppercut+1"],"picked":"SKIP","floor":45},{"not_picked":["Anger+1","Cleave","Inflame"],"picked":"Spot Weakness","floor":46},{"not_picked":["Uppercut","Armaments","Metallicize"],"picked":"Headbutt+1","floor":47},{"not_picked":["Rupture","Demon Form","Pommel Strike"],"picked":"Ghostly Armor+1","floor":48},{"not_picked":["Sword Boomerang","Armaments","Berserk"],"picked":"Sentinel","floor":55}],"player_experience":165844,"relics_obtained":[{"floor":7,"key":"Blue Candle"},{"floor":9,"key":"Unceasing Top"},{"floor":13,"key":"Du-Vu Doll"},{"floor":23,"key":"Thread and Needle"},{"floor":25,"key":"Whetstone"},{"floor":26,"key":"Question Card"},{"floor":34,"key":"Oddly Smooth Stone"},{"floor":34,"key":"Paper Frog"},{"floor":34,"key":"StoneCalendar"},{"floor":40,"key":"Bronze Scales"},{"floor":42,"key":"CeramicFish"},{"floor":46,"key":"Anchor"},{"floor":55,"key":"Strawberry"}],"event_choices":[{"damage_healed":0,"gold_gain":0,"player_choice":"Success","damage_taken":5,"relics_obtained":["Art of War"],"max_hp_gain":0,"max_hp_loss":0,"event_name":"Scrap Ooze","floor":3,"gold_loss":0},{"damage_healed":0,"gold_gain":0,"player_choice":"Donut","damage_taken":0,"max_hp_gain":5,"max_hp_loss":0,"event_name":"Big Fish","floor":6,"gold_loss":0},{"damage_healed":0,"gold_gain":150,"player_choice":"AGREE","damage_taken":0,"max_hp_gain":0,"max_hp_loss":0,"event_name":"Liars Game","floor":14,"gold_loss":0,"cards_obtained":["Doubt"]},{"damage_healed":0,"gold_gain":0,"player_choice":"Bet on Owner","damage_taken":0,"max_hp_gain":0,"max_hp_loss":0,"event_name":"The Joust","floor":19,"gold_loss":50},{"damage_healed":0,"gold_gain":0,"player_choice":"Stole Relic","damage_taken":0,"relics_obtained":["Bird Faced Urn"],"max_hp_gain":0,"max_hp_loss":0,"event_name":"Addict","floor":21,"gold_loss":0,"cards_obtained":["Shame"]},{"damage_healed":0,"gold_gain":999,"player_choice":"Gold","damage_taken":0,"max_hp_gain":0,"max_hp_loss":0,"event_name":"MindBloom","floor":36,"gold_loss":0,"cards_obtained":["Normality","Normality"]},{"damage_healed":16,"gold_gain":0,"player_choice":"Writhe","damage_taken":0,"max_hp_gain":0,"max_hp_loss":0,"event_name":"Winding Halls","floor":41,"gold_loss":0,"cards_obtained":["Writhe"]}],"is_beta":false,"boss_relics":[{"not_picked":["Empty Cage","Mark of Pain"],"picked":"Runic Cube"},{"not_picked":["Tiny House","Coffee Dripper"],"picked":"Calling Bell"}],"items_purged_floors":[20,37,39,54],"is_endless":false,"potions_floor_spawned":[1,5,7,13,27,29,31,33,38,42,45,46,48],"ascension_level":20,"potion_discard_per_floor":[[],[],[],[],[],[],["Swift Potion"],[],[],[],[],[],[],[],[],[],[],[],[],[],[],[],[],[],[],[],[],[],["EntropicBrew"],[],[],[],["ElixirPotion"],[],[],[],[],[],[],[],[],[],[],[],[],[],[],["FairyPotion"],[],[],[],[],[],[],[],[],[]]}