{"neow_bonuses_skipped_log":["TRANSFORM_CARD","THREE_ENEMY_KILL","BOSS_RELIC"],"potions_obtained_entropic_brew":[[],[],[],[],[],[],[],[],[],[],[],[],[],[],[],[],[],[],[],[],[],[],[],[],[],[],[],[],[],[],[],[],[],[],[],[],[],[],[],[],[],[],[],[],[],[],[],[],[],[],[],[],[],[],[],[],[]],"neow_costs_skipped_log":["NONE","NONE","NONE"],"gold_per_floor":[115,128,9,9,9,38,38,72,99,99,99,116,150,179,179,262,262,282,282,305,325,609,646,646,676,755,511,401,421,440,173,173,253,253,275,197,197,219,244,280,296,338,402,427,456,221,112,134,134,134,134,134,134,62,95,95],"floor_reached":57,"playtime":10636,"items_purged":["Strike_R","Strike_R","Strike_R","Strike_R"],"score":2925,"play_id":"3ff7914b-9a11-4e1a-83c8-18e4dfe7a32f","local_time":"20221026045509","score_breakdown":["Floors Climbed (57): 285","Enemies Slain (15): 30","Exordium Elites Killed (3): 30","City Elites Killed (2): 40","Beyond Elites Killed (3): 90","Bosses Slain (5): 750","Money Money (1257): 25","Stuffed: 50","Champion (2): 50","Overkill: 25","Ascension (20): 1300","Heartbreaker: 250"],"is_ascension_mode":true,"potions_obtained_alchemize":[[],[],[],[],[],[],[],[],[],[],[],[],[],[],[],[],[],[],[],[],[],[],[],[],[],[],[],[],[],[],[],[],[],[],[],[],[],[],[],[],[],[],[],[],[],[],[],[],[],[],[],[],[],[],[],[],[]],"campfire_choices":[{"data":"Fiend Fire","floor":7,"key":"SMITH"},{"data":"Uppercut","floor":10,"key":"SMITH"},{"data":"Power Through","floor":15,"key":"SMITH"},{"data":"Burning Pact","floor":24,"key":"SMITH"},{"data":"Heavy Blade","floor":32,"key":"SMITH"},{"floor":49,"key":"RECALL"},{"data":"Clothesline","floor":53,"key":"SMITH"}],"lesson_learned_per_floor":[[],[],[],[],[],[],[],[],[],[],[],[],[],[],[],[],[],[],[],[],[],[],[],[],[],[],[],[],[],[],[],[],[],[],[],[],[],[],[],[],[],[],[],[],[],[],[],[],[],[],[],[],[],[],[],[],[]],"neow_cost":"TEN_PERCENT_HP_LOSS","improvable_cards":{},"seed_source_timestamp":569302459264200,"shop_contents":[{"floor":3,"relics":["Blood Vial","Strawberry","OrangePellets"],"cards":["Cleave","Shockwave","Dark Embrace","Mind Blast","Sadistic Nature"],"potions":["Dexterity Potion","Regen Potion","SkillPotion"]},{"floor":27,"relics":["Oddly Smooth Stone","Sundial"],"cards":["Sever Soul","Pommel Strike","Havoc","Warcry","Inflame","Bandage Up","Secret Weapon"],"potions":["FearPotion","Regen Potion","GamblersBrew"]},{"floor":31,"relics":["Bottled Flame","Meat on the Bone"],"cards":["Carnage","Body Slam","Shrug It Off","Sentinel","Metallicize","Swift Strike","HandOfGreed"],"potions":["LiquidMemories","Weak Potion","EssenceOfSteel"]},{"floor":36,"relics":["Shovel","MealTicket","Cauldron"],"cards":["Sword Boomerang","Blood for Blood","Warcry","Ghostly Armor","Flash of Steel","The Bomb"],"potions":["FearPotion","BlessingOfTheForge","Weak Potion"]},{"floor":46,"relics":["Vajra","Anchor"],"cards":["Clash","Pommel Strike","Warcry","Shrug It Off","Rupture","Discovery","Mayhem"],"potions":["CultistPotion","Weak Potion","FearPotion"]},{"floor":47,"relics":["StrikeDummy","Letter Opener","Sling"],"cards":["Rampage","Wild Strike","Intimidate","Shrug It Off","Enlightenment","HandOfGreed"],"potions":["Fire Potion","ElixirPotion","Explosive Potion"]},{"floor":54,"relics":["Pear","Pantograph","TheAbacus"],"cards":["Heavy Blade","Ghostly Armor","Sentinel","Rupture","Purity","Metamorphosis"],"potions":["SneckoOil","GamblersBrew","FearPotion"]}],"circlet_count":0,"master_deck":["AscendersBane","Defend_R","Defend_R","Defend_R","Defend_R","Bash","Impervious","Reckless Charge","Uppercut+1","Whirlwind+1","Disarm","Fiend Fire+1","Spot Weakness","Power Through+1","Feed","Heavy Blade+1","Burning Pact+1","Regret","Impervious+1","Whirlwind+1","Reaper","Second Wind","Feel No Pain","Body Slam","Dark Embrace+1","Fiend Fire","Shrug It Off+1","Pain","Armaments+1","Dark Embrace","Clothesline+1","Reaper"],"potion_use_per_floor":[[],[],[],[],[],[],[],["Weak Potion"],[],[],[],[],[],[],[],[],[],[],[],[],[],[],["SteroidPotion"],[],["DuplicationPotion"],[],[],[],[],[],[],[],[],[],["Explosive Potion"],[],[],[],[],["EssenceOfSteel"],[],[],[],[],[],[],[],[],[],[],[],[],[],[],[],["Regen Potion","DuplicationPotion"],[]],"relics":["Burning Blood","CaptainsWheel","CeramicFish","Centennial Puzzle","StoneCalendar","Shuriken","Snecko Eye","TungstenRod","Nunchaku","Blue Candle","Strange Spoon","ClockworkSouvenir","Cursed Key","Bag of Marbles","Magic Flower","Pen Nib","Membership Card","Eternal Feather"],"potions_floor_usage":[8,23,25,35,40,56,56],"damage_taken":[{"damage":4,"enemies":"2 Louse","floor":1,"turns":3},{"damage":6,"enemies":"Cultist","floor":2,"turns":3},{"damage":20,"enemies":"3 Sentries","floor":6,"turns":6},{"damage":8,"enemies":"Gremlin Nob","floor":8,"turns":4},{"damage":12,"enemies":"Small Slimes","floor":12,"turns":2},{"damage":13,"enemies":"Lagavulin","floor":13,"turns":5},{"damage":4,"enemies":"2 Fungi Beasts","floor":14,"turns":2},{"damage":22,"enemies":"The Guardian","floor":16,"turns":9},{"damage":2,"enemies":"Chosen","floor":18,"turns":4},{"damage":6,"enemies":"Shell Parasite","floor":20,"turns":4},{"damage":2,"enemies":"Snecko","floor":21,"turns":6},{"damage":4,"enemies":"Book of Stabbing","floor":23,"turns":4},{"damage":10,"enemies":"Slavers","floor":25,"turns":2},{"damage":3,"enemies":"Centurion and Healer","floor":29,"turns":6},{"damage":0,"enemies":"Snake Plant","floor":30,"turns":4},{"damage":34,"enemies":"Automaton","floor":33,"turns":11},{"damage":9,"enemies":"Orb Walker","floor":35,"turns":3},{"damage":0,"enemies":"3 Shapes","floor":38,"turns":4},{"damage":3,"enemies":"Transient","floor":39,"turns":6},{"damage":34,"enemies":"Nemesis","floor":40,"turns":7},{"damage":9,"enemies":"4 Shapes","floor":41,"turns":7},{"damage":0,"enemies":"Reptomancer","floor":42,"turns":3},{"damage":10,"enemies":"3 Darklings","floor":44,"turns":7},{"damage":26,"enemies":"Nemesis","floor":45,"turns":7},{"damage":26,"enemies":"Transient","floor":48,"turns":6},{"damage":2,"enemies":"Donu and Deca","floor":50,"turns":9},{"damage":85,"enemies":"Awakened One","floor":51,"turns":10},{"damage":19,"enemies":"Shield and Spear","floor":55,"turns":8},{"damage":76,"enemies":"The Heart","floor":56,"turns":7}],"green_key_taken_log":42,"seed_played":"9201388213782142404","neow_bonus_log":{"cardsObtained":[],"cardsUpgraded":[],"cardsRemoved":[],"cardsTransformed":[],"relicsObtained":[],"maxHpGained":0,"goldGained":0,"damageTaken":0,"goldLost":0,"maxHpLost":7},"potions_obtained":[{"floor":2,"key":"Weak Potion"},{"floor":6,"key":"Dexterity Potion"},{"floor":12,"key":"ColorlessPotion"},{"floor":13,"key":"DuplicationPotion"},{"floor":20,"key":"SteroidPotion"},{"floor":25,"key":"Explosive Potion"},{"floor":29,"key":"Regen Potion"},{"floor":38,"key":"EssenceOfSteel"},{"floor":42,"key":"Explosive Potion"},{"floor":44,"key":"DuplicationPotion"}],"is_trial":false,"path_per_floor":["M","M","$","?","?","E","R","E","T","R","?","M","E","M","R","B",null,"M","?","M","M","?","E","R","E","T","$","?","M","M","$","R","B",null,"M","$","?","M","M","E","M","E","T","M","E","$","$","M","R","B","B",null,"R","$","E","B",null],"character_chosen":"IRONCLAD","items_purchased":["Whirlwind","Disarm","Strange Spoon","ClockworkSouvenir","Feel No Pain","Membership Card","Dark Embrace","Reaper"],"campfire_rested":0,"item_purchase_floors":[3,3,27,31,36,46,47,54],"current_hp_per_floor":[68,68,68,73,73,59,59,57,57,57,46,40,33,35,35,19,60,67,45,48,55,55,57,57,56,56,56,56,62,71,71,71,46,86,93,93,93,105,105,77,74,107,107,108,91,91,91,74,74,110,114,114,114,114,114,86],"gold":95,"neow_bonus":"THREE_RARE_CARDS","is_prod":false,"is_daily":false,"rewards_skipped":[{"floor":45,"relics":[],"potions":["ElixirPotion"]},{"floor":55,"relics":[],"potions":["Ancient Potion"]}],"chose_seed":false,"campfire_upgraded":6,"win_rate":0,"floor_exit_playtime":[357,518,694,709,747,890,905,1113,1123,1148,1161,1251,1510,1558,1628,1933,2665,2922,2947,3146,3363,3570,3790,3890,4118,4557,4906,4989,5258,5322,5467,5479,5868,5964,6134,6181,6197,6404,6689,7053,7309,7409,7430,7823,8042,8200,8271,8559,8564,9045,9556,9571,9647,9728,10053,10636],"timestamp":1666774509,"blue_key_relic_skipped_log":{"floor":43,"relicID":"Orichalcum"},"path_taken":["M","M","$","?","?","E","R","E","T","R","?","M","E","M","R","BOSS","M","?","M","M","?","E","R","E","T","$","?","M","?","$","R","BOSS","M","$","?","M","M","E","M","E","T","M","E","?","$","M","R","BOSS","BOSS","R","$","E","BOSS"],"build_version":"2022-10-04","purchased_purges":4,"victory":true,"max_hp_per_floor":[68,68,68,73,73,73,73,73,73,73,73,73,73,73,73,73,73,76,81,84,87,87,87,87,90,90,90,90,93,96,96,96,99,99,102,102,102,105,105,105,105,108,108,108,108,108,108,108,108,111,114,114,114,114,114,114],"card_choices":[{"not_picked":["Limit Break","Reaper"],"picked":"Impervious","floor":0},{"not_picked":["Havoc","Entrench"],"picked":"Reckless Charge","floor":1},{"not_picked":["Evolve","Thunderclap"],"picked":"Uppercut","floor":2},{"not_picked":["Battle Trance","Heavy Blade"],"picked":"Fiend Fire","floor":6},{"not_picked":["Sword Boomerang","Anger"],"picked":"Spot Weakness","floor":8},{"not_picked":["Clash","Warcry","Iron Wave"],"picked":"SKIP","floor":12},{"not_picked":["Headbutt","Bludgeon","Inflame"],"picked":"SKIP","floor":13},{"not_picked":["Havoc","Second Wind"],"picked":"Power Through","floor":14},{"not_picked":["Exhume","Juggernaut"],"picked":"Feed","floor":16},{"not_picked":["Clash","Rage"],"picked":"Heavy Blade","floor":18},{"not_picked":["Headbutt","Bloodletting"],"picked":"Burning Pact","floor":20},{"not_picked":["Twin Strike","Armaments","Sword Boomerang"],"picked":"SKIP","floor":21},{"not_picked":["Flame Barrier","Entrench"],"picked":"Impervious","floor":23},{"not_picked":["Pummel","Seeing Red","Juggernaut"],"picked":"SKIP","floor":25},{"not_picked":["Cleave","Intimidate"],"picked":"Whirlwind+1","floor":29},{"not_picked":["Thunderclap","Flex","Twin Strike"],"picked":"SKIP","floor":30},{"not_picked":["Feed","Limit Break"],"picked":"Reaper","floor":33},{"not_picked":["True Grit","Power Through"],"picked":"Second Wind","floor":35},{"not_picked":["Clothesline","Seeing Red"],"picked":"Body Slam","floor":38},{"not_picked":["Infernal Blade","Brutality"],"picked":"Dark Embrace+1","floor":39},{"not_picked":["Warcry+1","Rage"],"picked":"Fiend Fire","floor":40},{"not_picked":["Anger","Wild Strike","Perfected Strike"],"picked":"SKIP","floor":41},{"not_picked":["Searing Blow","Bloodletting"],"picked":"Shrug It Off+1","floor":42},{"not_picked":["Thunderclap","Body Slam"],"picked":"Armaments+1","floor":44},{"not_picked":["Feed","Flex+1","Infernal Blade"],"picked":"SKIP","floor":45},{"not_picked":["Headbutt","Heavy Blade"],"picked":"Clothesline","floor":48},{"not_picked":["Fire Breathing+1","Body Slam","Flex+1"],"picked":"SKIP","floor":55}],"player_experience":249840,"relics_obtained":[{"floor":6,"key":"CaptainsWheel"},{"floor":8,"key":"CeramicFish"},{"floor":9,"key":"Centennial Puzzle"},{"floor":13,"key":"Shuriken"},{"floor":23,"key":"TungstenRod"},{"floor":25,"key":"Nunchaku"},{"floor":26,"key":"Blue Candle"},{"floor":40,"key":"Bag of Marbles"},{"floor":42,"key":"Magic Flower"},{"floor":45,"key":"Pen Nib"},{"floor":55,"key":"Eternal Feather"}],"event_choices":[{"damage_healed":0,"gold_gain":0,"player_choice":"Donut","damage_taken":0,"max_hp_gain":5,"max_hp_loss":0,"event_name":"Big Fish","floor":4,"gold_loss":0},{"damage_healed":0,"gold_gain":0,"player_choice":"Grow","damage_taken":0,"max_hp_gain":0,"max_hp_loss":0,"event_name":"Living Wall","floor":5,"gold_loss":0,"cards_upgraded":["Whirlwind"]},{"damage_healed":0,"gold_gain":0,"player_choice":"Success","damage_taken":11,"relics_obtained":["StoneCalendar"],"max_hp_gain":0,"max_hp_loss":0,"event_name":"Scrap Ooze","floor":11,"gold_loss":0},{"damage_healed":0,"gold_gain":0,"player_choice":"Shed Blood","damage_taken":27,"max_hp_gain":5,"max_hp_loss":0,"event_name":"Forgotten Altar","floor":19,"gold_loss":0},{"damage_healed":0,"gold_gain":275,"player_choice":"Desecrate","damage_taken":0,"max_hp_gain":0,"max_hp_loss":0,"event_name":"Golden Shrine","floor":22,"gold_loss":0,"cards_obtained":["Regret"]},{"cards_removed":["Strike_R"],"damage_healed":0,"gold_gain":0,"player_choice":"Upgrade and Remove","damage_taken":0,"max_hp_gain":0,"max_hp_loss":0,"event_name":"Designer","floor":28,"gold_loss":110,"cards_upgraded":["Impervious"]},{"damage_healed":0,"gold_gain":0,"player_choice":"Ignored","damage_taken":0,"max_hp_gain":0,"max_hp_loss":0,"event_name":"Tomb of Lord Red Mask","floor":37,"gold_loss":0}],"is_beta":false,"boss_relics":[{"not_picked":["Empty Cage","Coffee Dripper"],"picked":"Snecko Eye"},{"not_picked":["Philosopher\u0027s Stone","Tiny House"],"picked":"Cursed Key"}],"items_purged_floors":[27,31,46,47],"is_endless":false,"potions_floor_spawned":[2,6,12,13,20,25,29,38,42,44,45,55],"ascension_level":20,"potion_discard_per_floor":[[],[],[],[],[],[],[],[],[],[],[],[],["Dexterity Potion"],[],[],[],[],[],[],["ColorlessPotion"],[],[],[],[],[],[],[],[],[],[],[],[],[],[],[],[],[],[],[],[],[],[],[],["Explosive Potion"],[],[],[],[],[],[],[],[],[],[],[],[],[]]}