{"neow_bonuses_skipped_log":["THREE_CARDS","HUNDRED_GOLD","BOSS_RELIC"],"potions_obtained_entropic_brew":[[],[],[],[],[],[],[],[],[],[],[],[],[],[],[],[],[],[],[],[],[],[],[],[],[],[],[],[],[],[],[],[],[],[],[],[],[],[],[],[],[],[],[],[],[],[],[],[],[],[],[],[],[],[],[],[],[]],"neow_costs_skipped_log":["NONE","NONE","NONE"],"gold_per_floor":[14,14,14,30,43,68,82,114,114,114,134,167,167,196,196,273,273,290,27,27,27,41,68,68,99,99,111,111,145,164,174,174,251,251,261,273,19,33,51,78,98,126,126,137,163,179,213,226,226,226,226,226,226,13,40,40],"floor_reached":57,"playtime":7332,"items_purged":["Wild Strike","Wild Strike"],"score":3382,"play_id":"5b6d4881-642f-42f0-8c8b-dd96952b3b9f","local_time":"20221024040356","score_breakdown":["Floors Climbed (57): 285","Enemies Slain (18): 36","Exordium Elites Killed (4): 40","City Elites Killed (3): 60","Beyond Elites Killed (4): 120","Bosses Slain (5): 750","Collector (1): 25","Librarian: 25","Champion (7): 175","Perfect (1): 50","C-c-c-combo: 25","Ascension (20): 1541","Heartbreaker: 250"],"is_ascension_mode":true,"potions_obtained_alchemize":[[],[],[],[],[],[],[],[],[],[],[],[],[],[],[],[],[],[],[],[],[],[],[],[],[],[],[],[],[],[],[],[],[],[],[],[],[],[],[],[],[],[],[],[],[],[],[],[],[],[],[],[],[],[],[],[],[]],"campfire_choices":[{"floor":10,"key":"REST"},{"data":"Armaments","floor":15,"key":"SMITH"},{"data":"Corruption","floor":24,"key":"SMITH"},{"data":"Bloodletting","floor":32,"key":"SMITH"},{"floor":49,"key":"RECALL"},{"data":"Barricade","floor":53,"key":"SMITH"}],"lesson_learned_per_floor":[[],[],[],[],[],[],[],[],[],[],[],[],[],[],[],[],[],[],[],[],[],[],[],[],[],[],[],[],[],[],[],[],[],[],[],[],[],[],[],[],[],[],[],[],[],[],[],[],[],[],[],[],[],[],[],[],[]],"neow_cost":"NO_GOLD","improvable_cards":{},"seed_source_timestamp":396766242006700,"shop_contents":[{"floor":19,"relics":["Ancient Tea Set","Potion Belt","Charon\u0027s Ashes"],"cards":["Cleave","Hemokinesis","Armaments","Shrug It Off","Combust","Blind","Secret Weapon"],"potions":["ColorlessPotion","AttackPotion","ColorlessPotion"]},{"floor":37,"relics":["Singing Bowl","Whetstone","Pen Nib"],"cards":["Uppercut","Iron Wave","Flex","Power Through","Fire Breathing","Good Instincts","Secret Weapon"],"potions":["Regen Potion","SpeedPotion","Fire Potion"]},{"floor":54,"relics":["Blue Candle","Oddly Smooth Stone","StoneCalendar"],"cards":["Anger","Sword Boomerang","Havoc","Sentinel","Rupture","Enlightenment","Panache"],"potions":["Strength Potion","Weak Potion","Block Potion"]}],"circlet_count":0,"master_deck":["AscendersBane","Bash","Offering+1","Perfected Strike","Bloodletting+1","Burning Pact","Twin Strike","Spot Weakness","Armaments+1","Shrug It Off","Headbutt","Corruption+1","Dark Embrace","Offering+1","Spot Weakness","Seeing Red","Pommel Strike","Blood for Blood","Barricade+1","Second Wind+1","Impervious","Battle Trance","Reckless Charge","Berserk","Thunderclap","Impervious","Carnage","Shrug It Off+1","Reaper","Warcry+1","Shrug It Off","Bloodletting","Shockwave","Rupture+1","Corruption+1","Shrug It Off"],"potion_use_per_floor":[[],[],[],[],[],[],[],["DistilledChaos","FairyPotion"],[],[],[],[],[],["Regen Potion"],[],[],[],[],[],[],[],[],[],[],["FearPotion"],[],["BloodPotion"],[],[],[],[],[],[],[],["BloodPotion"],[],[],[],[],[],[],[],[],[],[],[],[],[],[],[],[],[],[],[],[],["GamblersBrew","SpeedPotion"],[]],"relics":["Burning Blood","PreservedInsect","Darkstone Periapt","The Courier","Bird Faced Urn","Lantern","Runic Pyramid","Happy Flower","ClockworkSouvenir","Enchiridion","White Beast Statue","InkBottle","Shuriken","Dream Catcher","Pandora\u0027s Box","TheAbacus","Blood Vial","War Paint","Dead Branch","Akabeko","DollysMirror","Strawberry"],"potions_floor_usage":[8,14,25,27,35,56,56],"damage_taken":[{"damage":8,"enemies":"Jaw Worm","floor":1,"turns":2},{"damage":1,"enemies":"Small Slimes","floor":4,"turns":3},{"damage":7,"enemies":"Cultist","floor":5,"turns":3},{"damage":34,"enemies":"3 Sentries","floor":6,"turns":8},{"damage":16,"enemies":"Blue Slaver","floor":7,"turns":3},{"damage":42,"enemies":"Lagavulin","floor":8,"turns":8},{"damage":16,"enemies":"Lots of Slimes","floor":11,"turns":5},{"damage":3,"enemies":"Gremlin Nob","floor":12,"turns":2},{"damage":19,"enemies":"3 Sentries","floor":14,"turns":6},{"damage":20,"enemies":"The Guardian","floor":16,"turns":8},{"damage":0,"enemies":"Chosen","floor":18,"turns":4},{"damage":0,"enemies":"3 Byrds","floor":22,"turns":4},{"damage":15,"enemies":"Book of Stabbing","floor":23,"turns":2},{"damage":9,"enemies":"Gremlin Leader","floor":25,"turns":2},{"damage":15,"enemies":"Shelled Parasite and Fungi","floor":27,"turns":2},{"damage":6,"enemies":"Book of Stabbing","floor":29,"turns":3},{"damage":3,"enemies":"Snake Plant","floor":30,"turns":3},{"damage":9,"enemies":"Cultist and Chosen","floor":31,"turns":4},{"damage":32,"enemies":"Automaton","floor":33,"turns":4},{"damage":22,"enemies":"3 Shapes","floor":35,"turns":5},{"damage":13,"enemies":"Orb Walker","floor":36,"turns":3},{"damage":18,"enemies":"Maw","floor":38,"turns":5},{"damage":26,"enemies":"Writhing Mass","floor":39,"turns":4},{"damage":15,"enemies":"Nemesis","floor":40,"turns":3},{"damage":18,"enemies":"Transient","floor":41,"turns":6},{"damage":20,"enemies":"Reptomancer","floor":42,"turns":4},{"damage":6,"enemies":"Spire Growth","floor":44,"turns":5},{"damage":17,"enemies":"Giant Head","floor":45,"turns":3},{"damage":18,"enemies":"Writhing Mass","floor":46,"turns":4},{"damage":21,"enemies":"Reptomancer","floor":47,"turns":2},{"damage":3,"enemies":"Maw","floor":48,"turns":3},{"damage":13,"enemies":"Time Eater","floor":50,"turns":5},{"damage":9,"enemies":"Donu and Deca","floor":51,"turns":4},{"damage":66,"enemies":"Shield and Spear","floor":55,"turns":14},{"damage":78,"enemies":"The Heart","floor":56,"turns":8}],"green_key_taken_log":8,"seed_played":"-594061480196745487","neow_bonus_log":{"cardsObtained":[],"cardsUpgraded":[],"cardsRemoved":[],"cardsTransformed":[],"relicsObtained":[],"maxHpGained":0,"goldGained":0,"damageTaken":0,"goldLost":99,"maxHpLost":0},"potions_obtained":[{"floor":4,"key":"FairyPotion"},{"floor":7,"key":"DistilledChaos"},{"floor":11,"key":"Regen Potion"},{"floor":16,"key":"Block Potion"},{"floor":18,"key":"FearPotion"},{"floor":25,"key":"BloodPotion"},{"floor":27,"key":"AttackPotion"},{"floor":29,"key":"BloodPotion"},{"floor":35,"key":"DistilledChaos"},{"floor":36,"key":"SpeedPotion"},{"floor":42,"key":"PowerPotion"},{"floor":45,"key":"GamblersBrew"}],"is_trial":false,"path_per_floor":["M","?","?","M","M","E","M","E","T","R","M","E","?","E","R","B",null,"M","$","?","?","M","E","R","E","T","M","?","E","M","M","R","B",null,"M","M","$","M","M","E","M","E","T","M","E","M","E","M","R","B","B",null,"R","$","E","B",null],"character_chosen":"IRONCLAD","items_purchased":["Happy Flower","ClockworkSouvenir","Reaper","TheAbacus","DollysMirror"],"campfire_rested":1,"item_purchase_floors":[19,19,37,37,54],"current_hp_per_floor":[66,43,43,48,47,19,9,14,14,36,26,29,29,31,31,17,61,69,69,69,48,60,53,53,56,56,68,68,74,75,74,74,55,70,75,72,72,75,75,72,75,75,75,75,75,75,75,75,75,75,75,75,75,75,81,58],"gold":40,"neow_bonus":"THREE_RARE_CARDS","is_prod":false,"is_daily":false,"rewards_skipped":[{"floor":30,"relics":[],"potions":["Dexterity Potion"]},{"floor":31,"relics":[],"potions":["AttackPotion"]},{"floor":33,"relics":[],"potions":["Block Potion"]},{"floor":38,"relics":[],"potions":["HeartOfIron"]},{"floor":39,"relics":[],"potions":["Block Potion"]},{"floor":40,"relics":[],"potions":["Regen Potion"]},{"floor":41,"relics":[],"potions":["Block Potion"]},{"floor":44,"relics":[],"potions":["PowerPotion"]},{"floor":46,"relics":[],"potions":["LiquidBronze"]},{"floor":47,"relics":[],"potions":["Fruit Juice"]},{"floor":48,"relics":[],"potions":["Ancient Potion"]},{"floor":55,"relics":[],"potions":["SkillPotion"]}],"chose_seed":false,"campfire_upgraded":4,"win_rate":0,"floor_exit_playtime":[402,418,499,609,759,939,1211,1600,1603,1619,1779,1863,1912,2073,2079,2320,2464,2551,2671,2787,2822,2989,3073,3107,3270,3274,3409,3455,3566,3659,3775,3824,4077,4193,4542,4618,4886,5017,5188,5313,5515,5664,5667,5763,5910,6067,6172,6272,6286,6506,6670,6683,6696,6714,7042,7332],"timestamp":1666598636,"blue_key_relic_skipped_log":{"floor":43,"relicID":"Mango"},"path_taken":["M","?","?","M","M","E","?","E","T","R","M","E","?","E","R","BOSS","M","$","?","?","?","E","R","E","T","M","?","E","M","M","R","BOSS","M","M","$","M","?","E","M","E","T","M","E","M","E","M","R","BOSS","BOSS","R","$","E","BOSS"],"build_version":"2022-10-04","purchased_purges":2,"victory":true,"max_hp_per_floor":[75,75,75,75,75,75,75,75,75,75,75,75,75,75,75,75,75,75,75,75,75,75,75,75,75,75,75,75,75,75,75,75,75,75,75,75,75,75,75,75,75,75,75,75,75,75,75,75,75,75,75,75,75,75,82,82],"card_choices":[{"not_picked":["Berserk","Impervious"],"picked":"Offering","floor":0},{"not_picked":["Wild Strike","Clash"],"picked":"Perfected Strike","floor":1},{"not_picked":["Reckless Charge","Warcry"],"picked":"Burning Pact","floor":4},{"not_picked":["Fire Breathing","Thunderclap"],"picked":"Twin Strike","floor":5},{"not_picked":["Entrench","True Grit","Brutality"],"picked":"SKIP","floor":6},{"not_picked":["Sword Boomerang","Thunderclap","Clash"],"picked":"SKIP","floor":7},{"not_picked":["Clash","Whirlwind"],"picked":"Spot Weakness","floor":8},{"not_picked":["Flame Barrier","Flex"],"picked":"Armaments","floor":11},{"not_picked":["Reckless Charge","Metallicize"],"picked":"Shrug It Off","floor":12},{"not_picked":["Reckless Charge","Body Slam"],"picked":"Headbutt","floor":14},{"not_picked":["Demon Form","Offering"],"picked":"Corruption","floor":16},{"not_picked":["Iron Wave","Pommel Strike"],"picked":"Dark Embrace","floor":18},{"not_picked":["Pommel Strike","Shrug It Off"],"picked":"Spot Weakness","floor":22},{"not_picked":["Pummel","Carnage"],"picked":"Seeing Red","floor":23},{"not_picked":["Headbutt","Body Slam"],"picked":"Pommel Strike","floor":25},{"not_picked":["Wild Strike","Searing Blow"],"picked":"Blood for Blood","floor":27},{"not_picked":["Anger+1","Sword Boomerang","Immolate"],"picked":"SKIP","floor":29},{"not_picked":["Spot Weakness","Clothesline","Evolve"],"picked":"SKIP","floor":30},{"not_picked":["Infernal Blade","Headbutt","Sword Boomerang"],"picked":"SKIP","floor":31},{"not_picked":["Berserk","Offering"],"picked":"Impervious","floor":33},{"not_picked":["Body Slam","Carnage+1","Uppercut"],"picked":"SKIP","floor":35},{"not_picked":["Clash","Ghostly Armor"],"picked":"Shrug It Off","floor":36},{"not_picked":["Thunderclap+1","Clash"],"picked":"Warcry+1","floor":38},{"not_picked":["Twin Strike","Cleave+1","Spot Weakness"],"picked":"SKIP","floor":39},{"not_picked":["Blood for Blood+1","Heavy Blade","Headbutt+1"],"picked":"SKIP","floor":40},{"not_picked":["Combust","Perfected Strike","Reaper"],"picked":"SKIP","floor":41},{"not_picked":["Wild Strike+1","Rampage"],"picked":"Shrug It Off","floor":42},{"not_picked":["Anger","Cleave","Flex"],"picked":"SKIP","floor":44},{"not_picked":["Wild Strike","Cleave","Sword Boomerang"],"picked":"SKIP","floor":45},{"not_picked":["Sword Boomerang","Wild Strike"],"picked":"Bloodletting","floor":46},{"not_picked":["Iron Wave","Clash"],"picked":"Shockwave","floor":47},{"not_picked":["Burning Pact","Power Through"],"picked":"Rupture+1","floor":48},{"not_picked":["Infernal Blade","Warcry"],"picked":"Shrug It Off","floor":55}],"player_experience":239046,"relics_obtained":[{"floor":6,"key":"PreservedInsect"},{"floor":8,"key":"Darkstone Periapt"},{"floor":9,"key":"The Courier"},{"floor":12,"key":"Bird Faced Urn"},{"floor":14,"key":"Lantern"},{"floor":21,"key":"Enchiridion"},{"floor":23,"key":"White Beast Statue"},{"floor":25,"key":"InkBottle"},{"floor":26,"key":"Shuriken"},{"floor":29,"key":"Dream Catcher"},{"floor":40,"key":"Blood Vial"},{"floor":42,"key":"War Paint"},{"floor":45,"key":"Dead Branch"},{"floor":47,"key":"Akabeko"},{"floor":55,"key":"Strawberry"}],"event_choices":[{"damage_healed":0,"gold_gain":0,"player_choice":"Entered Light","damage_taken":23,"max_hp_gain":0,"max_hp_loss":0,"event_name":"Shining Light","floor":2,"gold_loss":0,"cards_upgraded":["Offering","Strike_R"]},{"damage_healed":0,"gold_gain":0,"cards_transformed":["Strike_R"],"player_choice":"Change","damage_taken":0,"max_hp_gain":0,"max_hp_loss":0,"event_name":"Living Wall","floor":3,"gold_loss":0,"cards_obtained":["Bloodletting"]},{"damage_healed":0,"gold_gain":0,"player_choice":"Ignored","damage_taken":0,"max_hp_gain":0,"max_hp_loss":0,"event_name":"Liars Game","floor":13,"gold_loss":0},{"damage_healed":0,"gold_gain":0,"player_choice":"Copied","damage_taken":0,"max_hp_gain":0,"max_hp_loss":0,"event_name":"Duplicator","floor":20,"gold_loss":0,"cards_obtained":["Offering"]},{"damage_healed":0,"gold_gain":0,"player_choice":"Obtained Book","damage_taken":21,"max_hp_gain":0,"max_hp_loss":0,"event_name":"Cursed Tome","floor":21,"gold_loss":0},{"damage_healed":0,"gold_gain":0,"player_choice":"2 cards matched","damage_taken":0,"max_hp_gain":0,"max_hp_loss":0,"event_name":"Match and Keep!","floor":28,"gold_loss":0,"cards_obtained":["Barricade","Second Wind"]}],"is_beta":false,"boss_relics":[{"not_picked":["Mark of Pain","Calling Bell"],"picked":"Runic Pyramid"},{"not_picked":["Black Star","Empty Cage"],"picked":"Pandora\u0027s Box"}],"items_purged_floors":[37,54],"is_endless":false,"potions_floor_spawned":[4,7,11,16,18,25,27,29,30,31,33,35,36,38,39,40,41,42,44,45,46,47,48,55],"ascension_level":20,"potion_discard_per_floor":[[],[],[],[],[],[],[],[],[],[],[],[],[],[],[],[],[],[],[],[],[],[],[],[],[],[],[],[],["AttackPotion"],[],[],[],[],[],[],["Block Potion"],[],[],[],[],[],["DistilledChaos"],[],[],["PowerPotion"],[],[],[],[],[],[],[],[],[],[],[],[]]}