{"neow_bonuses_skipped_log":["THREE_SMALL_POTIONS","TWENTY_PERCENT_HP_BONUS","BOSS_RELIC"],"potions_obtained_entropic_brew":[[],[],[],[],[],[],[],[],[],[],[],[],[],[],[],[],[],[],[],[],[],[],[],[],[],[],[],[],[],[],[],[],[],[],[],[],[],[],[],[],[],[],[],[],[],[],[],[],[],[],[],[],[],[],[],[],[]],"neow_costs_skipped_log":["NONE","CURSE","NONE"],"gold_per_floor":[116,116,136,136,150,150,161,188,188,223,239,269,194,220,220,295,295,309,324,78,90,90,123,123,150,177,177,177,177,211,211,211,286,286,296,296,296,35,54,87,0,33,57,57,90,90,104,120,120,120,120,120,120,120,154,154],"floor_reached":57,"playtime":6029,"items_purged":["Defend_R","Reckless Charge"],"score":3048,"play_id":"8f7fd3c3-cd99-46c9-b195-de5823dc1d59","local_time":"20221018203621","falling_options_log":["Discovery","Barricade"],"score_breakdown":["Floors Climbed (57): 285","Enemies Slain (12): 24","Exordium Elites Killed (4): 40","City Elites Killed (3): 60","Beyond Elites Killed (3): 90","Bosses Slain (5): 750","Stuffed: 50","Champion (2): 50","Perfect (1): 50","Overkill: 25","Ascension (20): 1374","Heartbreaker: 250"],"is_ascension_mode":true,"potions_obtained_alchemize":[[],[],[],[],[],[],[],[],[],[],[],[],[],[],[],[],[],[],[],[],[],[],[],[],[],[],[],[],[],[],[],[],[],[],[],[],[],[],[],[],[],[],[],[],[],[],[],[],[],[],[],[],[],[],[],[],[]],"campfire_choices":[{"floor":6,"key":"REST"},{"data":"Warcry","floor":15,"key":"SMITH"},{"data":"Pommel Strike","floor":24,"key":"SMITH"},{"floor":29,"key":"REST"},{"data":"Evolve","floor":32,"key":"SMITH"},{"data":"Impervious","floor":44,"key":"SMITH"},{"floor":49,"key":"RECALL"},{"data":"Reckless Charge","floor":53,"key":"PURGE"}],"lesson_learned_per_floor":[[],[],[],[],[],[],[],[],[],[],[],[],[],[],[],[],[],[],[],[],[],[],[],[],[],[],[],[],[],[],[],[],[],[],[],[],[],[],[],[],[],[],[],[],[],[],[],[],[],[],[],[],[],[],[],[],[]],"neow_cost":"NONE","improvable_cards":{},"seed_source_timestamp":107504530450800,"shop_contents":[{"floor":20,"relics":["Sundial","Brimstone"],"cards":["Headbutt","Sword Boomerang","True Grit","Limit Break","Metallicize","Deep Breath","Secret Weapon"],"potions":["EntropicBrew","SkillPotion","PowerPotion"]},{"floor":38,"relics":["Red Skull","Nunchaku"],"cards":["Heavy Blade","Whirlwind","True Grit","Shrug It Off","Combust","Panacea","Chrysalis"],"potions":["SpeedPotion","BlessingOfTheForge","FearPotion"]},{"floor":54,"relics":["Incense Burner","White Beast Statue","PrismaticShard"],"cards":["Pummel","Clothesline","Havoc","Warcry","Fire Breathing","Blind","Master of Strategy"],"potions":["BloodPotion","Block Potion","Fire Potion"]}],"circlet_count":0,"master_deck":["AscendersBane","Defend_R+1","Defend_R+1","Discovery","Pommel Strike+1","Inflame","Evolve+1","Warcry","Warcry+1","Impervious","Feed+1","Bloodletting","Armaments+1","Sentinel","Entrench","Intimidate","Impervious+1","Barricade","Offering","Body Slam","Entrench","Headbutt+1","Shockwave"],"potion_use_per_floor":[[],[],[],[],[],[],[],[],[],["Swift Potion"],[],["Explosive Potion"],[],[],[],[],[],["BloodPotion"],[],[],[],[],["LiquidMemories"],[],[],[],[],[],[],[],[],[],[],[],[],[],[],[],[],["DuplicationPotion"],[],["BloodPotion"],[],[],[],[],[],[],[],[],[],[],[],[],[],[],[]],"relics":["Burning Blood","Dead Branch","War Paint","Omamori","Juzu Bracelet","Pen Nib","Empty Cage","Bag of Preparation","Bottled Flame","Orichalcum","Oddly Smooth Stone","Mercury Hourglass","Bottled Tornado","Snecko Eye","Toolbox","Vajra","Red Mask","Ornamental Fan","Peace Pipe","Whetstone"],"potions_floor_usage":[10,12,18,23,40,42],"damage_taken":[{"damage":15,"enemies":"Small Slimes","floor":1,"turns":4},{"damage":10,"enemies":"2 Louse","floor":3,"turns":3},{"damage":0,"enemies":"Jaw Worm","floor":5,"turns":1},{"damage":11,"enemies":"3 Louse","floor":7,"turns":6},{"damage":11,"enemies":"Gremlin Nob","floor":8,"turns":3},{"damage":22,"enemies":"Lagavulin","floor":10,"turns":7},{"damage":6,"enemies":"Exordium Wildlife","floor":11,"turns":3},{"damage":11,"enemies":"Gremlin Nob","floor":12,"turns":3},{"damage":11,"enemies":"Lagavulin","floor":14,"turns":6},{"damage":8,"enemies":"Slime Boss","floor":16,"turns":4},{"damage":3,"enemies":"Spheric Guardian","floor":18,"turns":4},{"damage":10,"enemies":"3 Byrds","floor":19,"turns":7},{"damage":0,"enemies":"Snake Plant","floor":21,"turns":1},{"damage":38,"enemies":"Gremlin Leader","floor":23,"turns":8},{"damage":27,"enemies":"Slavers","floor":25,"turns":5},{"damage":7,"enemies":"Gremlin Leader","floor":30,"turns":7},{"damage":17,"enemies":"Automaton","floor":33,"turns":17},{"damage":8,"enemies":"Orb Walker","floor":35,"turns":3},{"damage":16,"enemies":"3 Shapes","floor":39,"turns":5},{"damage":27,"enemies":"Giant Head","floor":40,"turns":13},{"damage":0,"enemies":"Nemesis","floor":42,"turns":10},{"damage":0,"enemies":"Giant Head","floor":45,"turns":5},{"damage":24,"enemies":"Maw","floor":47,"turns":15},{"damage":0,"enemies":"4 Shapes","floor":48,"turns":6},{"damage":0,"enemies":"Donu and Deca","floor":50,"turns":19},{"damage":12,"enemies":"Time Eater","floor":51,"turns":5},{"damage":4,"enemies":"Shield and Spear","floor":55,"turns":10},{"damage":75,"enemies":"The Heart","floor":56,"turns":12}],"green_key_taken_log":12,"seed_played":"3180988246478283761","neow_bonus_log":{"cardsObtained":[],"cardsUpgraded":[],"cardsRemoved":[],"cardsTransformed":[],"relicsObtained":[],"maxHpGained":0,"goldGained":0,"damageTaken":0,"goldLost":0,"maxHpLost":0},"potions_obtained":[{"floor":5,"key":"LiquidMemories"},{"floor":7,"key":"Swift Potion"},{"floor":10,"key":"Explosive Potion"},{"floor":14,"key":"Fire Potion"},{"floor":16,"key":"BloodPotion"},{"floor":18,"key":"DuplicationPotion"},{"floor":23,"key":"BlessingOfTheForge"},{"floor":33,"key":"BloodPotion"},{"floor":40,"key":"ElixirPotion"},{"floor":42,"key":"GamblersBrew"}],"is_trial":false,"path_per_floor":["M","?","M","?","M","R","M","E","T","E","M","E","?","E","R","B",null,"M","M","$","M","?","E","R","E","T","?","?","R","E","?","R","B",null,"M","?","?","$","M","E","?","E","T","R","E","?","M","M","R","B","B",null,"R","$","E","B",null],"character_chosen":"IRONCLAD","items_purchased":["Bag of Preparation","Toolbox"],"campfire_rested":2,"item_purchase_floors":[20,38],"current_hp_per_floor":[59,52,48,48,54,75,70,65,65,49,49,44,44,39,39,37,66,78,77,77,81,81,49,49,31,31,31,31,56,58,58,58,50,80,81,81,81,81,75,57,57,86,86,86,92,92,77,86,86,96,90,104,104,104,109,44],"gold":154,"neow_bonus":"RANDOM_COLORLESS","is_prod":false,"is_daily":false,"rewards_skipped":[{"floor":25,"relics":[],"potions":["Weak Potion"]},{"floor":39,"relics":[],"potions":["AttackPotion"]},{"floor":48,"relics":[],"potions":["BlessingOfTheForge"]}],"chose_seed":false,"campfire_upgraded":4,"win_rate":0,"floor_exit_playtime":[157,164,203,279,330,401,662,905,945,1187,1260,1357,1368,1507,1536,1647,1712,1814,1982,2042,2101,2167,2416,2424,2666,2686,2699,2709,2713,2896,2931,2940,3276,3377,3473,3493,3511,3579,3749,4313,4327,4568,4584,4593,4677,4705,4871,4985,4995,5305,5403,5415,5424,5466,5675,6029],"timestamp":1666139781,"blue_key_relic_skipped_log":{"floor":43,"relicID":"Happy Flower"},"path_taken":["M","?","M","?","M","R","M","E","T","E","?","E","?","E","R","BOSS","M","M","$","M","?","E","R","E","T","?","?","R","E","?","R","BOSS","M","?","?","$","M","E","?","E","T","R","E","?","M","M","R","BOSS","BOSS","R","$","E","BOSS"],"build_version":"2022-10-04","purchased_purges":2,"victory":true,"max_hp_per_floor":[75,75,75,75,75,75,75,75,75,75,75,75,75,75,75,75,75,78,81,81,81,81,81,81,84,84,84,84,84,87,87,87,90,90,93,88,88,88,92,95,95,99,99,99,99,99,102,105,105,109,109,109,109,109,112,116],"card_choices":[{"not_picked":["Good Instincts","Impatience"],"picked":"Discovery","floor":0},{"not_picked":["Infernal Blade","Second Wind"],"picked":"Pommel Strike","floor":1},{"not_picked":["Sword Boomerang","Pummel"],"picked":"Headbutt","floor":3},{"not_picked":["Spot Weakness","Body Slam"],"picked":"Inflame","floor":5},{"not_picked":["Body Slam","Rage"],"picked":"Evolve","floor":7},{"not_picked":["True Grit","Perfected Strike"],"picked":"Warcry","floor":8},{"not_picked":["Blood for Blood","Cleave"],"picked":"Reckless Charge","floor":10},{"not_picked":["Clothesline","Flex"],"picked":"Warcry","floor":11},{"not_picked":["Dark Embrace","Thunderclap"],"picked":"Impervious","floor":12},{"not_picked":["Sword Boomerang","Anger"],"picked":"Reckless Charge","floor":14},{"not_picked":["Bludgeon","Brutality"],"picked":"Feed","floor":16},{"not_picked":["True Grit","Twin Strike"],"picked":"Bloodletting","floor":18},{"not_picked":["Twin Strike","Fire Breathing"],"picked":"Armaments+1","floor":19},{"not_picked":["Sword Boomerang","True Grit","Dual Wield"],"picked":"SKIP","floor":21},{"not_picked":["Warcry","Sentinel"],"picked":"Intimidate","floor":23},{"not_picked":["Havoc","Ghostly Armor","Heavy Blade"],"picked":"SKIP","floor":25},{"not_picked":["Anger+1","Cleave","Combust"],"picked":"SKIP","floor":30},{"not_picked":["Immolate","Brutality"],"picked":"Offering","floor":33},{"not_picked":["Anger","Sever Soul","Clothesline"],"picked":"SKIP","floor":35},{"not_picked":["Clash","Havoc","Spot Weakness"],"picked":"SKIP","floor":39},{"not_picked":["Clash","Havoc","Spot Weakness"],"picked":"SKIP","floor":39},{"not_picked":["Wild Strike+1","Feed"],"picked":"Body Slam","floor":40},{"not_picked":["Havoc","Power Through+1"],"picked":"Entrench","floor":42},{"not_picked":["Heavy Blade","Clash"],"picked":"Headbutt","floor":45},{"not_picked":["Cleave","Pommel Strike+1","Iron Wave"],"picked":"SKIP","floor":47},{"not_picked":["Cleave","Sever Soul"],"picked":"Shockwave","floor":48},{"not_picked":["Flex","Blood for Blood","Reckless Charge+1"],"picked":"SKIP","floor":55}],"player_experience":209179,"relics_obtained":[{"floor":8,"key":"Dead Branch"},{"floor":9,"key":"War Paint"},{"floor":10,"key":"Omamori"},{"floor":12,"key":"Juzu Bracelet"},{"floor":14,"key":"Pen Nib"},{"floor":23,"key":"Bottled Flame"},{"floor":25,"key":"Orichalcum"},{"floor":26,"key":"Oddly Smooth Stone"},{"floor":30,"key":"Bottled Tornado"},{"floor":40,"key":"Vajra"},{"floor":42,"key":"Ornamental Fan"},{"floor":45,"key":"Peace Pipe"},{"floor":55,"key":"Whetstone"}],"event_choices":[{"cards_removed":["Strike_R"],"damage_healed":0,"gold_gain":0,"player_choice":"Card Removal","damage_taken":7,"max_hp_gain":0,"max_hp_loss":0,"event_name":"Golden Wing","floor":2,"gold_loss":0},{"cards_removed":["Strike_R"],"damage_healed":0,"gold_gain":0,"player_choice":"Offered Basic","damage_taken":0,"max_hp_gain":0,"max_hp_loss":0,"event_name":"Bonfire Elementals","floor":4,"gold_loss":0},{"cards_removed":["Strike_R"],"damage_healed":0,"gold_gain":0,"player_choice":"Card Removal","damage_taken":0,"max_hp_gain":0,"max_hp_loss":0,"event_name":"The Cleric","floor":13,"gold_loss":75},{"damage_healed":0,"gold_gain":0,"cards_transformed":["Defend_R","Bash"],"player_choice":"Became Test Subject","damage_taken":0,"max_hp_gain":0,"max_hp_loss":0,"event_name":"Drug Dealer","floor":22,"gold_loss":0,"cards_obtained":["Sentinel","Entrench"]},{"damage_healed":0,"gold_gain":0,"player_choice":"Copied","damage_taken":0,"max_hp_gain":0,"max_hp_loss":0,"event_name":"Duplicator","floor":27,"gold_loss":0,"cards_obtained":["Impervious"]},{"damage_healed":0,"gold_gain":0,"player_choice":"Stole Relic","damage_taken":0,"relics_obtained":["Mercury Hourglass"],"max_hp_gain":0,"max_hp_loss":0,"event_name":"Addict","floor":28,"gold_loss":0,"cards_obtained":["Shame"]},{"damage_healed":0,"gold_gain":0,"player_choice":"1 cards matched","damage_taken":0,"max_hp_gain":0,"max_hp_loss":0,"event_name":"Match and Keep!","floor":31,"gold_loss":0,"cards_obtained":["Barricade"]},{"damage_healed":0,"gold_gain":0,"player_choice":"Max HP","damage_taken":0,"max_hp_gain":0,"max_hp_loss":5,"event_name":"Winding Halls","floor":36,"gold_loss":0},{"damage_healed":0,"gold_gain":0,"player_choice":"Cursed","damage_taken":0,"max_hp_gain":0,"max_hp_loss":0,"event_name":"Wheel of Change","floor":37,"gold_loss":0,"cards_obtained":["Decay"]},{"damage_healed":0,"gold_gain":0,"player_choice":"Paid","damage_taken":0,"relics_obtained":["Red Mask"],"max_hp_gain":0,"max_hp_loss":0,"event_name":"Tomb of Lord Red Mask","floor":41,"gold_loss":87},{"cards_removed":["Headbutt"],"damage_healed":0,"gold_gain":0,"player_choice":"Removed Attack","damage_taken":0,"max_hp_gain":0,"max_hp_loss":0,"event_name":"Falling","floor":46,"gold_loss":0}],"is_beta":false,"boss_relics":[{"not_picked":["Velvet Choker","Black Blood"],"picked":"Empty Cage"},{"not_picked":["Busted Crown","Runic Dome"],"picked":"Snecko Eye"}],"items_purged_floors":[20,38],"is_endless":false,"potions_floor_spawned":[5,7,10,14,16,18,23,25,33,39,40,42,48],"ascension_level":20,"potion_discard_per_floor":[[],[],[],[],[],[],[],[],[],[],[],[],[],[],[],["Fire Potion"],[],[],[],[],[],[],[],[],[],[],[],[],[],[],[],[],["BlessingOfTheForge"],[],[],[],[],[],[],[],[],[],[],[],[],[],[],[],[],[],[],[],[],[],[],[],[]]}