{"neow_bonuses_skipped_log":["THREE_CARDS","HUNDRED_GOLD","BOSS_RELIC"],"potions_obtained_entropic_brew":[[],[],[],[],[],[],[],[],[],[],[],[],[],[],[],[],[],[],[],[],[],[],[],[],[],[],[],[],[],[],[],[],[],[],[],[],[],[],[],[],[],[],[],[],[],[],[],[],[],[],[],[],[],[],[],[],[]],"neow_costs_skipped_log":["NONE","NONE","NONE"],"gold_per_floor":[366,16,35,45,45,76,100,100,126,170,170,183,183,196,196,286,286,309,53,76,76,100,139,151,199,211,223,235,287,48,82,82,176,176,196,196,221,13,33,76,76,129,129,129,129,147,168,206,206,206,206,206,206,51,82,82],"floor_reached":57,"playtime":7376,"items_purged":["Perfected Strike","Pain"],"score":3481,"play_id":"3459a774-5601-4b76-bb36-7b0cac31956f","local_time":"20221023184446","falling_options_log":["Offering","Evolve"],"score_breakdown":["Floors Climbed (57): 285","Enemies Slain (14): 28","Exordium Elites Killed (2): 20","City Elites Killed (4): 80","Beyond Elites Killed (3): 90","Bosses Slain (5): 750","Money Money (1316): 25","Champion (4): 100","Beyond Perfect: 200","Overkill: 25","C-c-c-combo: 25","Ascension (20): 1603","Heartbreaker: 250"],"is_ascension_mode":true,"potions_obtained_alchemize":[[],[],[],[],[],[],[],[],[],[],[],[],[],[],[],[],[],[],[],[],[],[],[],[],[],[],[],[],[],[],[],[],[],[],[],[],[],[],[],[],[],[],[],[],[],[],[],[],[],[],[],[],[],[],[],[],[]],"campfire_choices":[{"data":"Armaments","floor":8,"key":"SMITH"},{"data":"Battle Trance","floor":11,"key":"SMITH"},{"data":"Uppercut","floor":15,"key":"SMITH"},{"data":"Body Slam","floor":24,"key":"SMITH"},{"data":"Offering","floor":32,"key":"SMITH"},{"floor":41,"key":"REST"},{"floor":45,"key":"RECALL"},{"data":"Feel No Pain","floor":49,"key":"SMITH"},{"data":"Impervious","floor":53,"key":"SMITH"}],"lesson_learned_per_floor":[[],[],[],[],[],[],[],[],[],[],[],[],[],[],[],[],[],[],[],[],[],[],[],[],[],[],[],[],[],[],[],[],[],[],[],[],[],[],[],[],[],[],[],[],[],[],[],[],[],[],[],[],[],[],[],[],[]],"neow_cost":"PERCENT_DAMAGE","improvable_cards":{},"seed_source_timestamp":363166865283800,"shop_contents":[{"floor":2,"relics":["Lizard Tail"],"cards":["Headbutt","Iron Wave","Flex","Dark Embrace","Discovery","Master of Strategy"],"potions":["DuplicationPotion","SmokeBomb","PowerPotion"]},{"floor":19,"relics":["InkBottle","Anchor","Lee\u0027s Waffle"],"cards":["Pommel Strike","Twin Strike","True Grit","Shrug It Off","Panache"],"potions":["Dexterity Potion","SteroidPotion","Explosive Potion"]},{"floor":30,"relics":["Meat on the Bone","Omamori"],"cards":["Whirlwind","Anger","Havoc","Inflame","Finesse","Secret Technique"],"potions":["Energy Potion","DuplicationPotion","Block Potion"]},{"floor":38,"relics":["Shuriken","Bronze Scales","Chemical X"],"cards":["Bludgeon","Searing Blow","Intimidate","Armaments","Combust","Purity","Metamorphosis"],"potions":["Weak Potion","Block Potion"]},{"floor":54,"relics":["Lantern","Paper Frog","HandDrill"],"cards":["Heavy Blade","Anger","True Grit","Trip","HandOfGreed"],"potions":["ColorlessPotion","Explosive Potion","FearPotion"]}],"circlet_count":0,"master_deck":["AscendersBane","Armaments+1","Double Tap","Battle Trance+1","Rampage","Uppercut+1","Offering","Flame Barrier","Offering+1","Flame Barrier","Corruption","Shockwave","Evolve","Inflame","Second Wind","Dark Shackles+1","Feel No Pain+1","Dark Embrace","Shrug It Off","Body Slam+1","Shockwave","Bloodletting","Dropkick","Exhume","Disarm+1","Impervious+1","Body Slam","Shrug It Off","Barricade","Feel No Pain","Dual Wield"],"potion_use_per_floor":[[],[],[],[],[],[],[],[],[],["Energy Potion"],[],[],[],[],[],[],[],["BloodPotion"],[],[],[],[],[],[],[],[],[],[],[],[],[],[],[],[],[],[],[],[],[],[],[],[],[],[],[],[],[],[],[],[],[],[],[],[],[],[],[]],"relics":["Burning Blood","Bag of Preparation","Frozen Eye","Golden Idol","Dream Catcher","Regal Pillow","Pen Nib","Pandora\u0027s Box","MawBank","Darkstone Periapt","Mummified Hand","Mercury Hourglass","Toolbox","Letter Opener","Runic Cube","WarpedTongs","Ginger","CaptainsWheel","Nunchaku","War Paint"],"potions_floor_usage":[10,18],"damage_taken":[{"damage":7,"enemies":"Cultist","floor":1,"turns":4},{"damage":5,"enemies":"Small Slimes","floor":3,"turns":4},{"damage":1,"enemies":"2 Louse","floor":4,"turns":3},{"damage":8,"enemies":"Gremlin Nob","floor":6,"turns":3},{"damage":6,"enemies":"Looter","floor":7,"turns":4},{"damage":12,"enemies":"Lagavulin","floor":10,"turns":6},{"damage":1,"enemies":"Exordium Wildlife","floor":12,"turns":3},{"damage":3,"enemies":"Large Slime","floor":14,"turns":6},{"damage":37,"enemies":"The Guardian","floor":16,"turns":10},{"damage":12,"enemies":"Spheric Guardian","floor":18,"turns":3},{"damage":4,"enemies":"2 Thieves","floor":20,"turns":4},{"damage":3,"enemies":"Snake Plant","floor":22,"turns":4},{"damage":9,"enemies":"Book of Stabbing","floor":23,"turns":2},{"damage":5,"enemies":"Gremlin Leader","floor":25,"turns":7},{"damage":9,"enemies":"Book of Stabbing","floor":29,"turns":2},{"damage":6,"enemies":"Gremlin Leader","floor":31,"turns":4},{"damage":21,"enemies":"Automaton","floor":33,"turns":1},{"damage":0,"enemies":"Orb Walker","floor":35,"turns":1},{"damage":38,"enemies":"3 Darklings","floor":37,"turns":5},{"damage":33,"enemies":"Transient","floor":39,"turns":4},{"damage":9,"enemies":"Reptomancer","floor":40,"turns":5},{"damage":4,"enemies":"Giant Head","floor":42,"turns":4},{"damage":0,"enemies":"Jaw Worm Horde","floor":46,"turns":5},{"damage":3,"enemies":"4 Shapes","floor":47,"turns":6},{"damage":12,"enemies":"Reptomancer","floor":48,"turns":3},{"damage":9,"enemies":"Time Eater","floor":50,"turns":7},{"damage":9,"enemies":"Awakened One","floor":51,"turns":2},{"damage":15,"enemies":"Shield and Spear","floor":55,"turns":6},{"damage":27,"enemies":"The Heart","floor":56,"turns":5}],"green_key_taken_log":48,"seed_played":"-5121946856591812713","neow_bonus_log":{"cardsObtained":[],"cardsUpgraded":[],"cardsRemoved":[],"cardsTransformed":[],"relicsObtained":[],"maxHpGained":0,"goldGained":250,"damageTaken":18,"goldLost":0,"maxHpLost":0},"potions_obtained":[{"floor":3,"key":"BloodPotion"},{"floor":6,"key":"Energy Potion"},{"floor":10,"key":"SkillPotion"},{"floor":18,"key":"Block Potion"},{"floor":23,"key":"Energy Potion"}],"is_trial":false,"path_per_floor":["M","$","M","M","?","E","M","R","T","E","R","M","?","M","R","B",null,"M","$","M","?","M","E","R","E","T","?","?","E","$","E","R","B",null,"M","?","M","$","M","E","R","E","T","?","R","M","M","E","R","B","B",null,"R","$","E","B",null],"character_chosen":"IRONCLAD","items_purchased":["Bag of Preparation","Frozen Eye","Armaments","Dark Shackles","Feel No Pain","Exhume","Toolbox","FairyPotion","Feel No Pain","Dual Wield"],"campfire_rested":1,"item_purchase_floors":[2,2,2,19,19,30,30,38,54,54],"current_hp_per_floor":[49,49,50,55,55,53,53,53,53,47,47,52,52,55,55,24,57,64,64,66,66,68,65,65,66,66,66,66,63,63,63,63,48,63,68,74,42,42,15,12,49,51,51,51,51,57,60,54,54,51,48,68,68,68,59,38],"gold":82,"neow_bonus":"TWO_FIFTY_GOLD","is_prod":false,"is_daily":false,"rewards_skipped":[{"floor":22,"relics":[],"potions":["BlessingOfTheForge"]},{"floor":33,"relics":[],"potions":["BloodPotion"]},{"floor":39,"relics":[],"potions":["Energy Potion"]},{"floor":42,"relics":[],"potions":["LiquidMemories"]},{"floor":46,"relics":[],"potions":["ColorlessPotion"]}],"chose_seed":false,"campfire_upgraded":7,"win_rate":0,"floor_exit_playtime":[504,816,904,966,971,1135,1335,1344,1356,1692,1851,1931,1956,2200,2207,2499,2694,2943,3065,3201,3346,3432,3654,3662,3867,3878,3927,4055,4217,4278,4387,4440,4650,4725,4804,4866,5119,5199,5402,5604,5621,5809,5829,5841,5845,5984,6145,6342,6412,6588,6805,6828,6851,6914,7141,7376],"timestamp":1666565086,"blue_key_relic_skipped_log":{"floor":43,"relicID":"Incense Burner"},"path_taken":["M","$","M","M","?","E","M","R","T","E","R","?","?","M","R","BOSS","M","$","M","?","M","E","R","E","T","?","?","E","$","E","R","BOSS","M","?","?","$","M","E","R","E","T","?","R","M","?","E","R","BOSS","BOSS","R","$","E","BOSS"],"build_version":"2022-10-04","purchased_purges":2,"victory":true,"max_hp_per_floor":[75,75,75,75,68,68,68,68,68,68,68,68,68,68,68,68,68,68,68,68,68,68,68,68,68,68,68,68,68,68,68,68,68,68,68,74,74,74,74,74,74,74,74,74,74,74,74,74,74,74,74,74,74,74,74,74],"card_choices":[{"not_picked":["Cleave","Blood for Blood"],"picked":"Perfected Strike","floor":1},{"not_picked":["Wild Strike","Clothesline"],"picked":"Double Tap","floor":3},{"not_picked":["Armaments","Sword Boomerang","Clash"],"picked":"SKIP","floor":4},{"not_picked":["Rage","Warcry","Double Tap"],"picked":"SKIP","floor":6},{"not_picked":["Shrug It Off","Cleave"],"picked":"Battle Trance","floor":7},{"not_picked":["Shrug It Off","Reckless Charge"],"picked":"Rampage","floor":10},{"not_picked":["Perfected Strike","Flame Barrier"],"picked":"Uppercut","floor":12},{"not_picked":["Searing Blow","Anger"],"picked":"Flame Barrier","floor":14},{"not_picked":["Double Tap","Barricade"],"picked":"Offering","floor":16},{"not_picked":["Anger","Intimidate"],"picked":"Second Wind","floor":18},{"not_picked":["Flex+1","True Grit"],"picked":"Dark Embrace","floor":20},{"not_picked":["Perfected Strike","Entrench","Reckless Charge","Dual Wield","Shockwave","True Grit","Clothesline","Evolve","Carnage","Hemokinesis","Wild Strike","Armaments","Uppercut","Pummel","Dropkick","Rampage","Clash","Headbutt","Thunderclap"],"picked":"Shrug It Off","floor":21},{"not_picked":["Heavy Blade","True Grit"],"picked":"Body Slam","floor":22},{"not_picked":["Rampage","Juggernaut","Dropkick"],"picked":"SKIP","floor":23},{"not_picked":["Rampage","Juggernaut","Dropkick"],"picked":"SKIP","floor":23},{"not_picked":["Wild Strike","Thunderclap"],"picked":"Shockwave","floor":25},{"not_picked":["Clash","Warcry","Demon Form"],"picked":"SKIP","floor":29},{"not_picked":["Clash","Warcry","Demon Form"],"picked":"SKIP","floor":29},{"not_picked":["Pummel+1","Intimidate"],"picked":"Disarm","floor":31},{"not_picked":["Berserk","Limit Break"],"picked":"Impervious","floor":33},{"not_picked":["Perfected Strike","Heavy Blade+1"],"picked":"Body Slam","floor":35},{"not_picked":["Spot Weakness","Wild Strike+1","Pommel Strike"],"picked":"SKIP","floor":37},{"not_picked":["Heavy Blade","Anger","Spot Weakness"],"picked":"SKIP","floor":39},{"not_picked":["Flex","Twin Strike","Clothesline"],"picked":"SKIP","floor":40},{"not_picked":["Metallicize","Hemokinesis","True Grit+1"],"picked":"SKIP","floor":42},{"not_picked":["Cleave","Pommel Strike"],"picked":"Shrug It Off","floor":46},{"not_picked":["Warcry","Shrug It Off"],"picked":"Barricade","floor":47},{"not_picked":["Body Slam","Rupture","Clothesline"],"picked":"SKIP","floor":48},{"not_picked":["Perfected Strike","Sword Boomerang","Cleave+1"],"picked":"SKIP","floor":55}],"player_experience":231670,"relics_obtained":[{"floor":6,"key":"Dream Catcher"},{"floor":9,"key":"Regal Pillow"},{"floor":10,"key":"Pen Nib"},{"floor":23,"key":"MawBank"},{"floor":25,"key":"Darkstone Periapt"},{"floor":26,"key":"Mummified Hand"},{"floor":29,"key":"Mercury Hourglass"},{"floor":31,"key":"Letter Opener"},{"floor":40,"key":"Ginger"},{"floor":42,"key":"CaptainsWheel"},{"floor":48,"key":"Nunchaku"},{"floor":55,"key":"War Paint"}],"event_choices":[{"damage_healed":0,"gold_gain":0,"player_choice":"Lose Max HP","damage_taken":0,"relics_obtained":["Golden Idol"],"max_hp_gain":0,"max_hp_loss":7,"event_name":"Golden Idol","floor":5,"gold_loss":0},{"damage_healed":0,"gold_gain":0,"cards_transformed":["Strike_R"],"player_choice":"Transformed","damage_taken":0,"max_hp_gain":0,"max_hp_loss":0,"event_name":"Transmorgrifier","floor":13,"gold_loss":0,"cards_obtained":["Offering"]},{"damage_healed":0,"gold_gain":0,"player_choice":"Read","damage_taken":0,"max_hp_gain":0,"max_hp_loss":0,"event_name":"The Library","floor":21,"gold_loss":0,"cards_obtained":["Shrug It Off"]},{"damage_healed":0,"gold_gain":0,"cards_transformed":["Searing Blow","Clash"],"player_choice":"Became Test Subject","damage_taken":0,"max_hp_gain":0,"max_hp_loss":0,"event_name":"Drug Dealer","floor":27,"gold_loss":0,"cards_obtained":["Bloodletting","Dropkick"]},{"cards_removed":["Bash"],"damage_healed":0,"gold_gain":0,"player_choice":"Elegance","damage_taken":0,"max_hp_gain":0,"max_hp_loss":0,"event_name":"Back to Basics","floor":28,"gold_loss":0},{"damage_healed":0,"gold_gain":0,"player_choice":"Rummage","damage_taken":0,"relics_obtained":["WarpedTongs"],"max_hp_gain":0,"max_hp_loss":0,"event_name":"Accursed Blacksmith","floor":36,"gold_loss":0,"cards_obtained":["Pain"]},{"cards_removed":["Reckless Charge"],"damage_healed":0,"gold_gain":0,"player_choice":"Removed Attack","damage_taken":0,"max_hp_gain":0,"max_hp_loss":0,"event_name":"Falling","floor":44,"gold_loss":0}],"is_beta":false,"boss_relics":[{"not_picked":["Busted Crown","SlaversCollar"],"picked":"Pandora\u0027s Box"},{"not_picked":["SacredBark","Fusion Hammer"],"picked":"Runic Cube"}],"items_purged_floors":[19,38],"is_endless":false,"potions_floor_spawned":[3,6,10,18,22,23,33,39,42,46],"ascension_level":20,"potion_discard_per_floor":[[],[],[],[],[],[],[],[],[],[],[],[],[],[],[],[],[],[],[],[],[],[],["SkillPotion"],[],[],[],[],[],[],[],[],[],[],[],[],[],[],["Block Potion"],[],[],[],[],[],[],[],[],[],[],[],[],[],[],[],[],[],[],[]]}