{"neow_bonuses_skipped_log":["THREE_CARDS","TEN_PERCENT_HP_BONUS","BOSS_RELIC"],"potions_obtained_entropic_brew":[[],[],[],[],[],[],[],[],[],[],[],[],[],[],[],[],[],[],[],[],[],[],[],[],[],[],[],[],[],[],[],[],[],[],[],[],[],[],[],[],[],[],[],[],[],[],[],[],[],[],[],[],[],[],[],[],[]],"neow_costs_skipped_log":["NONE","NONE","NONE"],"gold_per_floor":[111,126,126,137,137,170,170,170,196,211,211,224,239,283,283,369,369,396,18,18,27,27,27,66,66,66,66,100,100,141,163,163,249,321,347,359,378,396,239,277,277,317,317,361,378,395,414,428,428,428,428,428,428,3,45,45],"floor_reached":57,"playtime":3462,"items_purged":["Strike_R","Bash","Bludgeon"],"score":2995,"play_id":"6e86990b-52dc-4ae5-9e30-1fd7243b38f9","local_time":"20221024050549","score_breakdown":["Floors Climbed (57): 285","Enemies Slain (15): 30","Exordium Elites Killed (2): 20","City Elites Killed (3): 60","Beyond Elites Killed (3): 90","Bosses Slain (5): 750","Speedster: 25","I Like Shiny: 50","Money Money (1015): 25","Well Fed: 25","Champion (2): 50","Overkill: 25","Ascension (20): 1310","Heartbreaker: 250"],"is_ascension_mode":true,"potions_obtained_alchemize":[[],[],[],[],[],[],[],[],[],[],[],[],[],[],[],[],[],[],[],[],[],[],[],[],[],[],[],[],[],[],[],[],[],[],[],[],[],[],[],[],[],[],[],[],[],[],[],[],[],[],[],[],[],[],[],[],[]],"campfire_choices":[{"floor":8,"key":"REST"},{"data":"1","floor":11,"key":"LIFT"},{"data":"2","floor":15,"key":"LIFT"},{"data":"3","floor":23,"key":"LIFT"},{"data":"RitualDagger","floor":25,"key":"SMITH"},{"data":"Shockwave","floor":27,"key":"SMITH"},{"data":"Offering","floor":32,"key":"SMITH"},{"floor":41,"key":"RECALL"},{"data":"Feel No Pain","floor":49,"key":"SMITH"},{"data":"Power Through","floor":53,"key":"SMITH"}],"lesson_learned_per_floor":[[],[],[],[],[],[],[],[],[],[],[],[],[],[],[],[],[],[],[],[],[],[],[],[],[],[],[],[],[],[],[],[],[],[],[],[],[],[],[],[],[],[],[],[],[],[],[],[],[],[],[],[],[],[],[],[],[]],"neow_cost":"PERCENT_DAMAGE","improvable_cards":{"RitualDagger+1":[88]},"seed_source_timestamp":404362249518900,"shop_contents":[{"floor":19,"relics":["Toxic Egg 2"],"cards":["Headbutt","Reckless Charge","Warcry","Flex","Combust","Mind Blast","Metamorphosis"],"potions":["Energy Potion","Regen Potion","LiquidBronze"]},{"floor":39,"relics":["Darkstone Periapt","Meat on the Bone","Lee\u0027s Waffle"],"cards":["Searing Blow","Uppercut","True Grit","Warcry","Dark Embrace","Swift Strike","Transmutation"],"potions":["SpeedPotion","FearPotion"]},{"floor":54,"relics":["Blue Candle"],"cards":["Bludgeon","Body Slam","Flame Barrier","Infernal Blade","Metallicize","The Bomb"],"potions":["Ancient Potion","SpeedPotion","SkillPotion"]}],"circlet_count":0,"master_deck":["AscendersBane","Shrug It Off","Spot Weakness","Uppercut","Whirlwind+1","Ghostly Armor+1","Reaper+1","Anger","Shockwave+1","Offering+1","Reckless Charge+1","RitualDagger+1","Rage+1","Shockwave","Shockwave+1","Shrug It Off+1","Fiend Fire+1","Spot Weakness","Headbutt","Evolve","Power Through+1","Reaper","Warcry+1","Heavy Blade","Feel No Pain+1","Shrug It Off","Panache","Purity","Second Wind+1","Limit Break","Second Wind+1","Dark Shackles","Bloodletting"],"potion_use_per_floor":[[],[],[],[],[],["Block Potion"],[],[],[],[],[],[],[],["SteroidPotion"],[],[],[],[],[],[],[],[],[],["Weak Potion"],[],[],[],[],[],[],[],[],[],[],[],[],[],[],[],[],[],[],[],[],[],[],[],[],[],[],[],[],[],[],[],[],[]],"relics":["Burning Blood","Dead Branch","Shuriken","Lantern","Girya","Smiling Mask","CeramicFish","Black Star","Bag of Preparation","Frozen Eye","Ancient Tea Set","Red Skull","Paper Frog","Oddly Smooth Stone","Self Forming Clay","Bird Faced Urn","Sundial","Pandora\u0027s Box","Incense Burner","War Paint","Mercury Hourglass","Art of War","Pantograph","Pear","Membership Card","Turnip","Lizard Tail","Whetstone"],"potions_floor_usage":[6,14,24],"damage_taken":[{"damage":7,"enemies":"Jaw Worm","floor":1,"turns":4},{"damage":6,"enemies":"Cultist","floor":2,"turns":4},{"damage":0,"enemies":"2 Louse","floor":4,"turns":5},{"damage":49,"enemies":"Gremlin Nob","floor":6,"turns":5},{"damage":11,"enemies":"Exordium Thugs","floor":10,"turns":3},{"damage":7,"enemies":"3 Louse","floor":12,"turns":4},{"damage":8,"enemies":"Looter","floor":13,"turns":4},{"damage":0,"enemies":"3 Sentries","floor":14,"turns":1},{"damage":44,"enemies":"The Guardian","floor":16,"turns":11},{"damage":6,"enemies":"Chosen","floor":18,"turns":3},{"damage":15,"enemies":"Book of Stabbing","floor":24,"turns":3},{"damage":11,"enemies":"Slavers","floor":28,"turns":2},{"damage":12,"enemies":"Gremlin Leader","floor":30,"turns":4},{"damage":6,"enemies":"Shell Parasite","floor":31,"turns":2},{"damage":64,"enemies":"Champ","floor":33,"turns":9},{"damage":0,"enemies":"Orb Walker","floor":35,"turns":1},{"damage":18,"enemies":"3 Darklings","floor":36,"turns":6},{"damage":20,"enemies":"Jaw Worm Horde","floor":37,"turns":3},{"damage":12,"enemies":"Nemesis","floor":40,"turns":5},{"damage":58,"enemies":"Reptomancer","floor":42,"turns":4},{"damage":1,"enemies":"Giant Head","floor":44,"turns":4},{"damage":25,"enemies":"Spire Growth","floor":45,"turns":3},{"damage":9,"enemies":"3 Darklings","floor":46,"turns":6},{"damage":14,"enemies":"Writhing Mass","floor":47,"turns":4},{"damage":9,"enemies":"Maw","floor":48,"turns":4},{"damage":35,"enemies":"Awakened One","floor":50,"turns":6},{"damage":67,"enemies":"Donu and Deca","floor":51,"turns":10},{"damage":5,"enemies":"Shield and Spear","floor":55,"turns":5},{"damage":95,"enemies":"The Heart","floor":56,"turns":6}],"green_key_taken_log":14,"seed_played":"9145551277539615151","neow_bonus_log":{"cardsObtained":[],"cardsUpgraded":[],"cardsRemoved":[],"cardsTransformed":[],"relicsObtained":["Dead Branch"],"maxHpGained":0,"goldGained":0,"damageTaken":18,"goldLost":0,"maxHpLost":0},"potions_obtained":[{"floor":4,"key":"Block Potion"},{"floor":6,"key":"Weak Potion"},{"floor":12,"key":"BlessingOfTheForge"},{"floor":13,"key":"SteroidPotion"},{"floor":18,"key":"Explosive Potion"},{"floor":33,"key":"SneckoOil"}],"is_trial":false,"path_per_floor":["M","M","?","M","?","E","?","R","T","M","R","M","M","E","R","B",null,"M","$","?","?","?","R","E","R","T","R","E","?","E","M","R","B",null,"M","M","M","?","$","E","R","E","T","E","M","M","M","M","R","B","B",null,"R","$","E","B",null],"character_chosen":"IRONCLAD","items_purchased":["Bag of Preparation","Frozen Eye","FairyPotion","Membership Card","Dark Shackles","Turnip"],"campfire_rested":1,"item_purchase_floors":[19,19,39,54,54,54],"current_hp_per_floor":[49,49,49,55,60,17,12,36,36,31,31,30,33,39,39,16,64,70,70,70,64,64,64,70,70,70,70,80,57,70,70,70,40,74,80,70,77,67,67,65,65,65,65,95,76,95,88,89,89,76,71,89,89,89,95,18],"gold":45,"neow_bonus":"ONE_RARE_RELIC","is_prod":false,"is_daily":false,"rewards_skipped":[{"floor":35,"relics":[],"potions":["AttackPotion"]},{"floor":42,"relics":[],"potions":["FearPotion"]},{"floor":44,"relics":[],"potions":["ColorlessPotion"]},{"floor":46,"relics":[],"potions":["Weak Potion"]},{"floor":47,"relics":[],"potions":["Fire Potion"]},{"floor":55,"relics":[],"potions":["HeartOfIron"]}],"chose_seed":false,"campfire_upgraded":5,"win_rate":0,"floor_exit_playtime":[202,271,292,388,426,497,518,522,536,584,590,660,733,767,776,951,1010,1093,1150,1157,1164,1172,1186,1266,1275,1282,1353,1404,1411,1497,1570,1581,1732,1788,1806,1980,2038,2086,2155,2264,2269,2353,2356,2458,2490,2645,2707,2774,2792,2935,3161,3172,3196,3228,3343,3462],"timestamp":1666602349,"blue_key_relic_skipped_log":{"floor":43,"relicID":"Bottled Lightning"},"path_taken":["M","M","?","M","?","E","?","R","T","M","R","M","M","E","R","BOSS","M","$","?","?","?","R","E","R","T","R","E","?","E","M","R","BOSS","M","?","M","?","$","E","R","E","T","E","M","M","?","M","R","BOSS","BOSS","R","$","E","BOSS"],"build_version":"2022-10-04","purchased_purges":3,"victory":true,"max_hp_per_floor":[75,75,75,75,80,80,80,80,80,80,80,80,80,80,80,80,80,80,80,80,80,80,80,80,80,80,80,80,85,85,85,85,85,85,85,85,85,85,85,85,85,85,85,95,95,95,95,95,95,95,95,95,95,95,95,95],"card_choices":[{"not_picked":["Thunderclap","Burning Pact"],"picked":"Shrug It Off","floor":1},{"not_picked":["Wild Strike","Anger"],"picked":"Spot Weakness","floor":2},{"not_picked":["Reckless Charge","Combust"],"picked":"Uppercut","floor":4},{"not_picked":["Sword Boomerang","Anger"],"picked":"Whirlwind","floor":6},{"not_picked":["Rupture","Cleave"],"picked":"Ghostly Armor","floor":10},{"not_picked":["True Grit","Twin Strike"],"picked":"Reaper","floor":12},{"not_picked":["Clothesline","Warcry"],"picked":"Anger","floor":13},{"not_picked":["Clash","Power Through"],"picked":"Shockwave","floor":14},{"not_picked":["Limit Break","Feed"],"picked":"Offering","floor":16},{"not_picked":["Combust","Pommel Strike+1"],"picked":"Reckless Charge+1","floor":18},{"not_picked":["Twin Strike","Sword Boomerang"],"picked":"Rage+1","floor":24},{"not_picked":["Rupture","Sword Boomerang"],"picked":"Shockwave","floor":28},{"not_picked":["Body Slam","Armaments"],"picked":"Shockwave+1","floor":30},{"not_picked":["Clothesline","Flame Barrier"],"picked":"Shrug It Off+1","floor":31},{"not_picked":["Bludgeon","Berserk"],"picked":"Fiend Fire","floor":33},{"not_picked":["Thunderclap+1","Anger+1"],"picked":"Feel No Pain","floor":35},{"not_picked":["Whirlwind","Clothesline+1","Havoc"],"picked":"SKIP","floor":36},{"not_picked":["Cleave","Wild Strike"],"picked":"Shrug It Off","floor":37},{"not_picked":["Dramatic Entrance","Blind"],"picked":"Panache","floor":38},{"not_picked":["Finesse","Dramatic Entrance"],"picked":"Purity","floor":38},{"not_picked":["HandOfGreed","Mind Blast","Deep Breath"],"picked":"SKIP","floor":38},{"not_picked":["Clash","Metallicize"],"picked":"Second Wind+1","floor":40},{"not_picked":["Barricade","Clash"],"picked":"Limit Break","floor":42},{"not_picked":["Body Slam+1","Rampage+1"],"picked":"Second Wind+1","floor":44},{"not_picked":["Twin Strike","Wild Strike","Ghostly Armor"],"picked":"SKIP","floor":45},{"not_picked":["Clothesline","Sentinel","True Grit"],"picked":"SKIP","floor":46},{"not_picked":["Thunderclap","Twin Strike","Dark Embrace+1"],"picked":"SKIP","floor":47},{"not_picked":["Headbutt","Body Slam","Combust"],"picked":"SKIP","floor":48},{"not_picked":["Flex","Pommel Strike+1"],"picked":"Bloodletting","floor":55}],"player_experience":246378,"relics_obtained":[{"floor":3,"key":"Shuriken"},{"floor":6,"key":"Lantern"},{"floor":9,"key":"Smiling Mask"},{"floor":14,"key":"CeramicFish"},{"floor":24,"key":"Ancient Tea Set"},{"floor":24,"key":"Red Skull"},{"floor":26,"key":"Paper Frog"},{"floor":28,"key":"Oddly Smooth Stone"},{"floor":28,"key":"Self Forming Clay"},{"floor":30,"key":"Bird Faced Urn"},{"floor":30,"key":"Sundial"},{"floor":40,"key":"Incense Burner"},{"floor":40,"key":"War Paint"},{"floor":42,"key":"Mercury Hourglass"},{"floor":42,"key":"Art of War"},{"floor":44,"key":"Pantograph"},{"floor":44,"key":"Pear"},{"floor":55,"key":"Lizard Tail"},{"floor":55,"key":"Whetstone"}],"event_choices":[{"damage_healed":0,"gold_gain":0,"player_choice":"Relic","damage_taken":0,"max_hp_gain":0,"max_hp_loss":0,"event_name":"Wheel of Change","floor":3,"gold_loss":0},{"damage_healed":0,"gold_gain":0,"player_choice":"Donut","damage_taken":0,"max_hp_gain":5,"max_hp_loss":0,"event_name":"Big Fish","floor":5,"gold_loss":0},{"damage_healed":0,"gold_gain":0,"player_choice":"Success","damage_taken":5,"relics_obtained":["Girya"],"max_hp_gain":0,"max_hp_loss":0,"event_name":"Scrap Ooze","floor":7,"gold_loss":0},{"damage_healed":0,"gold_gain":0,"player_choice":"Upgraded","damage_taken":0,"max_hp_gain":0,"max_hp_loss":0,"event_name":"Upgrade Shrine","floor":20,"gold_loss":0,"cards_upgraded":["Whirlwind"]},{"damage_healed":0,"gold_gain":0,"player_choice":"Joined the Cult","damage_taken":6,"max_hp_gain":0,"max_hp_loss":0,"event_name":"Nest","floor":21,"gold_loss":0,"cards_obtained":["RitualDagger"]},{"damage_healed":0,"gold_gain":0,"player_choice":"Ignored","damage_taken":0,"max_hp_gain":0,"max_hp_loss":0,"event_name":"The Mausoleum","floor":22,"gold_loss":0},{"damage_healed":0,"gold_gain":0,"player_choice":"Shed Blood","damage_taken":28,"max_hp_gain":5,"max_hp_loss":0,"event_name":"Forgotten Altar","floor":29,"gold_loss":0},{"damage_healed":0,"gold_gain":0,"player_choice":"Memory 3","damage_taken":10,"max_hp_gain":0,"max_hp_loss":0,"event_name":"SensoryStone","floor":38,"gold_loss":0}],"is_beta":false,"boss_relics":[{"not_picked":["Mark of Pain","Tiny House"],"picked":"Black Star"},{"not_picked":["Sozu","Black Blood"],"picked":"Pandora\u0027s Box"}],"items_purged_floors":[19,39,54],"is_endless":false,"potions_floor_spawned":[4,6,12,13,18,33,35,42,44,46,47,55],"ascension_level":20,"potion_discard_per_floor":[[],[],[],[],[],[],[],[],[],[],[],[],["BlessingOfTheForge"],[],[],[],[],[],[],[],[],[],[],[],[],[],[],[],[],[],[],[],[],[],[],[],[],[],["Explosive Potion"],[],[],[],[],[],[],[],[],[],[],[],[],[],[],[],[],[],[]]}