{"neow_bonuses_skipped_log":["THREE_CARDS","HUNDRED_GOLD","BOSS_RELIC"],"potions_obtained_entropic_brew":[[],[],[],[],[],[],[],[],[],[],[],[],[],[],[],[],[],[],[],[],[],[],[],[],[],[],[],[],[],[],[],[],[],[],[],[],[],[],[],[],[],[],[],[],[],[],[],[],[],[],[],[],[],[],[],[],[]],"neow_costs_skipped_log":["NONE","NONE","NONE"],"gold_per_floor":[11,24,24,39,139,169,0,0,26,56,206,235,235,250,250,325,325,336,336,336,336,9,34,47,61,61,76,110,110,110,136,136,210,210,228,228,246,294,314,341,355,380,380,399,427,427,443,469,469,469,469,469,469,33,67,67],"floor_reached":57,"playtime":11072,"items_purged":["Strike_R","Strike_R"],"score":3321,"play_id":"c14fc763-b768-4f2f-93bd-46873c5adbad","local_time":"20221023163851","score_breakdown":["Floors Climbed (57): 285","Enemies Slain (14): 28","Exordium Elites Killed (3): 30","City Elites Killed (3): 60","Beyond Elites Killed (4): 120","Bosses Slain (5): 750","I Like Shiny: 50","Money Money (1059): 25","Collector (1): 25","Librarian: 25","Champion (4): 100","Perfect (1): 50","Overkill: 25","C-c-c-combo: 25","Ascension (20): 1473","Heartbreaker: 250"],"is_ascension_mode":true,"potions_obtained_alchemize":[[],[],[],[],[],[],[],[],[],[],[],[],[],[],[],[],[],[],[],[],[],[],[],[],[],[],[],[],[],[],[],[],[],[],[],[],[],[],[],[],[],[],[],[],[],[],[],[],[],[],[],[],[],[],[],[],[]],"campfire_choices":[{"data":"Fiend Fire","floor":8,"key":"SMITH"},{"data":"Corruption","floor":13,"key":"SMITH"},{"data":"Body Slam","floor":15,"key":"SMITH"},{"data":"Offering","floor":29,"key":"SMITH"},{"data":"Pommel Strike","floor":32,"key":"SMITH"},{"floor":49,"key":"RECALL"},{"data":"Armaments","floor":53,"key":"SMITH"}],"lesson_learned_per_floor":[[],[],[],[],[],[],[],[],[],[],[],[],[],[],[],[],[],[],[],[],[],[],[],[],[],[],[],[],[],[],[],[],[],[],[],[],[],[],[],[],[],[],[],[],[],[],[],[],[],[],[],[],[],[],[],[],[]],"neow_cost":"NO_GOLD","improvable_cards":{},"seed_source_timestamp":351877663346800,"shop_contents":[{"floor":7,"relics":["Bottled Flame","Pocketwatch"],"cards":["Reaper","Clash","Armaments","True Grit","Rupture","Deep Breath","Secret Weapon"],"potions":["LiquidMemories","BloodPotion","FearPotion"]},{"floor":22,"relics":["Tiny Chest","PrismaticShard"],"cards":["Pommel Strike","Perfected Strike","Warcry","Double Tap","Trip","HandOfGreed"],"potions":["EssenceOfSteel","SpeedPotion","Explosive Potion"]},{"floor":54,"relics":["Blood Vial"],"cards":["Pummel","Anger","Armaments","Havoc","Combust","Mind Blast","Violence"],"potions":[]}],"circlet_count":0,"master_deck":["AscendersBane","Strike_R","Defend_R","Defend_R","Defend_R","Defend_R","Bash","Fiend Fire+1","Clothesline","Headbutt","Corruption+1","Pommel Strike+1","Armaments+1","Shrug It Off","Shrug It Off","Anger","Seeing Red","Body Slam+1","Immolate","Ghostly","Ghostly","Ghostly","Shockwave","Offering+1","Dark Embrace","Shrug It Off","Burning Pact","Shrug It Off","Shockwave","Battle Trance","Dark Embrace","Demon Form","Barricade","Feel No Pain+1","Battle Trance","Exhume","Evolve"],"potion_use_per_floor":[[],[],[],[],[],["DuplicationPotion"],[],[],[],[],[],[],[],[],[],["PowerPotion"],[],["ColorlessPotion"],[],[],[],[],[],[],[],[],[],[],[],[],[],[],[],[],[],[],[],["DistilledChaos"],[],[],[],[],[],[],[],[],[],[],[],[],[],[],[],[],[],["PowerPotion","DuplicationPotion"],[]],"relics":["Burning Blood","Juzu Bracelet","Orrery","Omamori","PreservedInsect","Regal Pillow","Philosopher\u0027s Stone","Anchor","Eternal Feather","Smiling Mask","Letter Opener","Black Star","Incense Burner","Art of War","Oddly Smooth Stone","Strawberry","Prayer Wheel","Kunai","White Beast Statue","Ornamental Fan","Potion Belt","Bottled Tornado","Membership Card","Pantograph","Blue Candle","Centennial Puzzle"],"potions_floor_usage":[6,16,18,38,56,56],"damage_taken":[{"damage":7,"enemies":"Cultist","floor":1,"turns":4},{"damage":6,"enemies":"Small Slimes","floor":2,"turns":3},{"damage":7,"enemies":"2 Louse","floor":4,"turns":2},{"damage":10,"enemies":"Lagavulin","floor":6,"turns":7},{"damage":16,"enemies":"3 Sentries","floor":10,"turns":9},{"damage":6,"enemies":"Gremlin Nob","floor":12,"turns":3},{"damage":18,"enemies":"Lots of Slimes","floor":14,"turns":7},{"damage":28,"enemies":"Slime Boss","floor":16,"turns":8},{"damage":18,"enemies":"2 Thieves","floor":18,"turns":4},{"damage":6,"enemies":"Book of Stabbing","floor":23,"turns":3},{"damage":1,"enemies":"3 Byrds","floor":24,"turns":4},{"damage":12,"enemies":"Snake Plant","floor":25,"turns":4},{"damage":0,"enemies":"Centurion and Healer","floor":27,"turns":4},{"damage":23,"enemies":"Slavers","floor":28,"turns":5},{"damage":0,"enemies":"Book of Stabbing","floor":31,"turns":3},{"damage":13,"enemies":"Collector","floor":33,"turns":4},{"damage":3,"enemies":"3 Shapes","floor":35,"turns":4},{"damage":7,"enemies":"Orb Walker","floor":37,"turns":4},{"damage":1,"enemies":"2 Orb Walkers","floor":38,"turns":4},{"damage":27,"enemies":"Jaw Worm Horde","floor":39,"turns":3},{"damage":6,"enemies":"Giant Head","floor":40,"turns":6},{"damage":1,"enemies":"4 Shapes","floor":41,"turns":7},{"damage":4,"enemies":"Nemesis","floor":42,"turns":7},{"damage":13,"enemies":"Writhing Mass","floor":44,"turns":5},{"damage":1,"enemies":"Giant Head","floor":45,"turns":6},{"damage":1,"enemies":"3 Darklings","floor":47,"turns":6},{"damage":1,"enemies":"Nemesis","floor":48,"turns":9},{"damage":6,"enemies":"Donu and Deca","floor":50,"turns":9},{"damage":5,"enemies":"Awakened One","floor":51,"turns":6},{"damage":24,"enemies":"Shield and Spear","floor":55,"turns":6},{"damage":11,"enemies":"The Heart","floor":56,"turns":6}],"green_key_taken_log":23,"seed_played":"2207642495697125175","neow_bonus_log":{"cardsObtained":[],"cardsUpgraded":[],"cardsRemoved":[],"cardsTransformed":[],"relicsObtained":[],"maxHpGained":0,"goldGained":0,"damageTaken":0,"goldLost":99,"maxHpLost":0},"potions_obtained":[{"floor":1,"key":"PowerPotion"},{"floor":3,"key":"DuplicationPotion"},{"floor":10,"key":"ColorlessPotion"},{"floor":16,"key":"DistilledChaos"},{"floor":23,"key":"SteroidPotion"},{"floor":24,"key":"HeartOfIron"},{"floor":40,"key":"DuplicationPotion"},{"floor":41,"key":"LiquidMemories"},{"floor":48,"key":"Weak Potion"}],"is_trial":false,"path_per_floor":["M","M","?","M","?","E","$","R","T","E","?","E","R","M","R","B",null,"M","?","?","?","$","E","M","M","T","M","E","R","?","E","R","B",null,"M","?","M","?","M","E","M","E","T","M","E","?","M","E","R","B","B",null,"R","$","E","B",null],"character_chosen":"IRONCLAD","items_purchased":["Orrery","Dark Embrace","Anchor","Membership Card","PowerPotion","Pantograph","Swift Potion","Energy Potion"],"campfire_rested":0,"item_purchase_floors":[7,22,22,54,54,54,54,54],"current_hp_per_floor":[67,67,67,66,66,62,62,62,62,52,52,52,52,40,40,18,61,49,49,37,37,37,37,37,31,31,37,20,37,35,37,37,30,35,37,35,34,35,14,14,19,28,28,21,26,26,31,36,42,42,42,42,42,42,24,37],"gold":67,"neow_bonus":"THREE_RARE_CARDS","is_prod":false,"is_daily":false,"rewards_skipped":[{"floor":3,"relics":[],"potions":["AttackPotion"]},{"floor":4,"relics":[],"potions":["Explosive Potion"]},{"floor":37,"relics":[],"potions":["EssenceOfSteel"]},{"floor":42,"relics":[],"potions":["BloodPotion"]},{"floor":44,"relics":[],"potions":["Block Potion"]},{"floor":47,"relics":[],"potions":["BlessingOfTheForge"]},{"floor":55,"relics":[],"potions":["BlessingOfTheForge"]}],"chose_seed":false,"campfire_upgraded":6,"win_rate":0,"floor_exit_playtime":[872,1003,1175,1256,1289,1845,2408,2447,2454,2967,3040,3101,3111,3684,3690,4450,4820,5052,5172,5197,5243,5791,5976,6104,6248,6260,6321,6413,6446,6452,6539,6552,7041,7134,7239,7397,7496,7857,8000,8346,8550,8669,8676,9029,9165,9183,9384,9883,9888,10154,10382,10397,10460,10530,10682,11072],"timestamp":1666557531,"blue_key_relic_skipped_log":{"floor":26,"relicID":"Orichalcum"},"path_taken":["M","M","?","M","?","E","?","R","T","E","?","E","R","M","R","BOSS","M","?","?","?","$","E","M","M","T","M","E","R","?","E","R","BOSS","M","?","M","?","M","E","M","E","T","M","E","?","M","E","R","BOSS","BOSS","R","$","E","BOSS"],"build_version":"2022-10-04","purchased_purges":2,"victory":true,"max_hp_per_floor":[75,75,75,75,75,75,75,75,75,75,75,75,75,75,75,75,75,75,75,37,37,37,37,37,37,37,37,37,37,37,37,37,37,37,37,35,35,35,35,35,35,42,42,42,42,42,42,42,42,42,42,42,42,42,42,42],"card_choices":[{"not_picked":["Juggernaut","Corruption"],"picked":"Fiend Fire","floor":0},{"not_picked":["Heavy Blade","Metallicize"],"picked":"Clothesline","floor":1},{"not_picked":["Body Slam","Clothesline"],"picked":"Headbutt","floor":2},{"not_picked":["Anger","Armaments"],"picked":"Corruption","floor":4},{"not_picked":["Evolve","Searing Blow"],"picked":"Pommel Strike","floor":6},{"not_picked":["Twin Strike","Thunderclap"],"picked":"Armaments","floor":7},{"not_picked":["Rage","Hemokinesis"],"picked":"Shrug It Off","floor":7},{"not_picked":["Fiend Fire","Sword Boomerang"],"picked":"Shrug It Off","floor":7},{"not_picked":["Havoc","Warcry"],"picked":"Anger","floor":7},{"not_picked":["Disarm","Body Slam"],"picked":"Seeing Red","floor":7},{"not_picked":["Hemokinesis","Fire Breathing","Second Wind"],"picked":"SKIP","floor":10},{"not_picked":["True Grit","Clash","Juggernaut"],"picked":"SKIP","floor":12},{"not_picked":["True Grit","Thunderclap"],"picked":"Body Slam","floor":14},{"not_picked":["Double Tap","Juggernaut"],"picked":"Immolate","floor":16},{"not_picked":["Wild Strike+1","Warcry","Anger"],"picked":"SKIP","floor":18},{"not_picked":["Hemokinesis","Pummel+1"],"picked":"Shrug It Off","floor":23},{"not_picked":["Inflame","Sword Boomerang+1"],"picked":"Burning Pact","floor":24},{"not_picked":["Pommel Strike","Limit Break"],"picked":"Shrug It Off","floor":25},{"not_picked":["Cleave","Clash"],"picked":"Shockwave","floor":27},{"not_picked":["Shockwave","Wild Strike"],"picked":"Battle Trance","floor":28},{"not_picked":["Perfected Strike","Inflame"],"picked":"Dark Embrace","floor":31},{"not_picked":["Corruption","Fiend Fire"],"picked":"Demon Form","floor":33},{"not_picked":["Pommel Strike","Cleave","Havoc"],"picked":"SKIP","floor":35},{"not_picked":["True Grit","Twin Strike+1","Clothesline+1"],"picked":"SKIP","floor":37},{"not_picked":["Hemokinesis","Flex","Clash+1"],"picked":"SKIP","floor":38},{"not_picked":["Rampage","Spot Weakness","Infernal Blade+1"],"picked":"SKIP","floor":39},{"not_picked":["Iron Wave+1","Reckless Charge+1"],"picked":"Barricade","floor":40},{"not_picked":["Seeing Red","Metallicize+1","Twin Strike+1"],"picked":"SKIP","floor":41},{"not_picked":["Pummel","Armaments","Flex"],"picked":"SKIP","floor":42},{"not_picked":["Disarm","Thunderclap+1"],"picked":"Feel No Pain+1","floor":44},{"not_picked":["Juggernaut","Havoc+1","Flex"],"picked":"SKIP","floor":44},{"not_picked":["Inflame","Bludgeon","Perfected Strike"],"picked":"SKIP","floor":45},{"not_picked":["Clothesline","Heavy Blade+1"],"picked":"Battle Trance","floor":47},{"not_picked":["Intimidate","Inflame","Searing Blow"],"picked":"SKIP","floor":47},{"not_picked":["Cleave+1","Clash"],"picked":"Exhume","floor":48},{"not_picked":["Armaments","Thunderclap"],"picked":"Evolve","floor":55}],"player_experience":220598,"relics_obtained":[{"floor":6,"key":"Juzu Bracelet"},{"floor":9,"key":"Omamori"},{"floor":10,"key":"PreservedInsect"},{"floor":12,"key":"Regal Pillow"},{"floor":23,"key":"Eternal Feather"},{"floor":28,"key":"Smiling Mask"},{"floor":31,"key":"Letter Opener"},{"floor":38,"key":"Incense Burner"},{"floor":40,"key":"Art of War"},{"floor":40,"key":"Oddly Smooth Stone"},{"floor":42,"key":"Strawberry"},{"floor":42,"key":"Prayer Wheel"},{"floor":43,"key":"Kunai"},{"floor":45,"key":"White Beast Statue"},{"floor":45,"key":"Ornamental Fan"},{"floor":48,"key":"Potion Belt"},{"floor":48,"key":"Bottled Tornado"},{"floor":55,"key":"Blue Candle"},{"floor":55,"key":"Centennial Puzzle"}],"event_choices":[{"damage_healed":0,"gold_gain":0,"player_choice":"Got Potions","damage_taken":0,"max_hp_gain":0,"max_hp_loss":0,"event_name":"Lab","floor":3,"gold_loss":0},{"damage_healed":0,"gold_gain":100,"player_choice":"Gold","damage_taken":0,"max_hp_gain":0,"max_hp_loss":0,"event_name":"Wheel of Change","floor":5,"gold_loss":0},{"damage_healed":0,"gold_gain":150,"player_choice":"AGREE","damage_taken":0,"max_hp_gain":0,"max_hp_loss":0,"event_name":"Liars Game","floor":11,"gold_loss":0,"cards_obtained":["Doubt"]},{"damage_healed":0,"gold_gain":0,"player_choice":"Smashed Altar","damage_taken":0,"max_hp_gain":0,"max_hp_loss":0,"event_name":"Forgotten Altar","floor":19,"gold_loss":0,"cards_obtained":["Decay"]},{"damage_healed":0,"gold_gain":0,"player_choice":"Became a Ghost","damage_taken":0,"max_hp_gain":0,"max_hp_loss":38,"event_name":"Ghosts","floor":20,"gold_loss":0,"cards_obtained":["Ghostly","Ghostly","Ghostly"]},{"damage_healed":0,"gold_gain":0,"cards_transformed":["Strike_R","Strike_R"],"player_choice":"Became Test Subject","damage_taken":0,"max_hp_gain":0,"max_hp_loss":0,"event_name":"Drug Dealer","floor":21,"gold_loss":0,"cards_obtained":["Shockwave","Offering"]},{"damage_healed":0,"gold_gain":0,"player_choice":"Bought 0 Potions","damage_taken":0,"max_hp_gain":0,"max_hp_loss":0,"event_name":"The Woman in Blue","floor":30,"gold_loss":0},{"damage_healed":0,"gold_gain":0,"player_choice":"Max HP","damage_taken":0,"max_hp_gain":0,"max_hp_loss":2,"event_name":"Winding Halls","floor":36,"gold_loss":0},{"damage_healed":0,"gold_gain":0,"player_choice":"Fight","damage_taken":0,"max_hp_gain":0,"max_hp_loss":0,"event_name":"Mysterious Sphere","floor":38,"gold_loss":0},{"damage_healed":0,"gold_gain":0,"player_choice":"Ignored","damage_taken":0,"max_hp_gain":0,"max_hp_loss":0,"event_name":"Tomb of Lord Red Mask","floor":46,"gold_loss":0}],"is_beta":false,"boss_relics":[{"not_picked":["SlaversCollar","Mark of Pain"],"picked":"Philosopher\u0027s Stone"},{"not_picked":["SacredBark","Busted Crown"],"picked":"Black Star"}],"items_purged_floors":[22,54],"is_endless":false,"potions_floor_spawned":[1,4,10,16,23,24,37,40,41,42,44,47,48,55],"ascension_level":20,"potion_discard_per_floor":[[],[],[],[],[],[],[],[],[],[],[],[],[],[],[],[],[],[],[],[],[],[],[],["SteroidPotion"],[],[],[],[],[],[],[],[],[],[],[],[],[],[],[],[],["HeartOfIron"],[],[],[],[],[],[],[],[],[],[],[],[],["Weak Potion","LiquidMemories"],[],[],[]]}