{"neow_bonuses_skipped_log":["ONE_RANDOM_RARE_CARD","RANDOM_COMMON_RELIC","BOSS_RELIC"],"potions_obtained_entropic_brew":[[],[],[],[],[],[],[],[],[],[],[],[],[],[],[],[],[],[],[],[],[],[],[],[]],"neow_costs_skipped_log":["NONE","NONE","NONE"],"gold_per_floor":[366,40,53,69,69,98,110,137,162,190,209,209,3,33,33,112,112,175,175,192,9,47,47,47],"floor_reached":24,"playtime":5390,"items_purged":["Writhe"],"score":436,"play_id":"23241367-e99f-466c-a415-3830bdfef529","local_time":"20221020212243","score_breakdown":["Floors Climbed (24): 120","Enemies Slain (9): 18","Exordium Elites Killed (3): 30","City Elites Killed (0): 0","Bosses Slain (1): 50","Ascension (20): 218"],"is_ascension_mode":true,"potions_obtained_alchemize":[[],[],[],[],[],[],[],[],[],[],[],[],[],[],[],[],[],[],[],[],[],[],[],[]],"campfire_choices":[{"data":"Strike_R","floor":12,"key":"PURGE"},{"data":"HandOfGreed","floor":15,"key":"SMITH"},{"data":"Fiend Fire","floor":23,"key":"SMITH"}],"lesson_learned_per_floor":[[],[],[],[],[],[],[],[],[],[],[],[],[],[],[],[],[],[],[],[],[],[],[],[]],"neow_cost":"TEN_PERCENT_HP_LOSS","improvable_cards":{},"seed_source_timestamp":115470759849000,"shop_contents":[{"floor":2,"relics":["Sundial"],"cards":["Sever Soul","Perfected Strike","Infernal Blade","Shrug It Off","Feel No Pain","Dramatic Entrance","Transmutation"],"potions":["AttackPotion","Swift Potion","SkillPotion"]},{"floor":13,"relics":["Shovel","Paper Frog","DollysMirror"],"cards":["Headbutt","Wild Strike","Armaments","Shockwave","Dark Embrace","Bandage Up"],"potions":["SpeedPotion","SkillPotion","Fruit Juice"]},{"floor":21,"relics":["MealTicket","HornCleat","Chemical X"],"cards":["Blood for Blood","Carnage","Infernal Blade","Armaments","Fire Breathing","Secret Technique"],"potions":["CultistPotion","Fire Potion","FairyPotion"]}],"circlet_count":0,"master_deck":["AscendersBane","Strike_R","Strike_R","Strike_R","Strike_R","Defend_R","Defend_R","Defend_R","Defend_R","Bash","Perfected Strike","Pommel Strike","Iron Wave","Fire Breathing","Brutality","Shrug It Off","HandOfGreed+1","Battle Trance","Fiend Fire+1","Uppercut","Spot Weakness","Finesse","Warcry+1"],"potion_use_per_floor":[[],[],[],[],[],["Energy Potion"],[],["Regen Potion"],[],[],[],[],[],[],[],["Dexterity Potion"],[],[],[],["Explosive Potion"],[],[],[],[]],"relics":["Burning Blood","Happy Flower","Frozen Eye","Shuriken","Lizard Tail","Bag of Preparation","Peace Pipe","Philosopher\u0027s Stone","Oddly Smooth Stone"],"potions_floor_usage":[6,8,16,20],"damage_taken":[{"damage":0,"enemies":"2 Louse","floor":1,"turns":3},{"damage":1,"enemies":"Small Slimes","floor":3,"turns":3},{"damage":2,"enemies":"Cultist","floor":4,"turns":4},{"damage":20,"enemies":"Lagavulin","floor":6,"turns":4},{"damage":13,"enemies":"Red Slaver","floor":7,"turns":3},{"damage":15,"enemies":"3 Sentries","floor":8,"turns":5},{"damage":25,"enemies":"Lagavulin","floor":10,"turns":6},{"damage":8,"enemies":"3 Louse","floor":11,"turns":4},{"damage":0,"enemies":"Exordium Wildlife","floor":14,"turns":2},{"damage":35,"enemies":"Slime Boss","floor":16,"turns":7},{"damage":12,"enemies":"2 Thieves","floor":18,"turns":4},{"damage":0,"enemies":"Chosen","floor":20,"turns":2},{"damage":17,"enemies":"Sentry and Sphere","floor":22,"turns":4},{"damage":99,"enemies":"Book of Stabbing","floor":24,"turns":4}],"seed_played":"-8827475653860382966","neow_bonus_log":{"cardsObtained":[],"cardsUpgraded":[],"cardsRemoved":[],"cardsTransformed":[],"relicsObtained":[],"maxHpGained":0,"goldGained":250,"damageTaken":0,"goldLost":0,"maxHpLost":7},"potions_obtained":[{"floor":1,"key":"Dexterity Potion"},{"floor":3,"key":"Energy Potion"},{"floor":6,"key":"Regen Potion"},{"floor":11,"key":"Explosive Potion"},{"floor":18,"key":"EssenceOfSteel"}],"is_trial":false,"path_per_floor":["M","$","M","M","?","E","M","E","T","E","M","R","$","M","R","B",null,"M","?","M","$","M","R","E"],"character_chosen":"IRONCLAD","items_purchased":["Happy Flower","Frozen Eye","HandOfGreed","Finesse"],"campfire_rested":0,"item_purchase_floors":[2,2,13,21],"current_hp_per_floor":[68,68,68,68,68,54,47,52,52,33,31,31,31,37,37,8,53,47,47,53,53,42,42,0],"gold":47,"neow_bonus":"TWO_FIFTY_GOLD","is_prod":false,"is_daily":false,"rewards_skipped":[],"chose_seed":false,"campfire_upgraded":2,"win_rate":0,"floor_exit_playtime":[199,372,423,569,584,782,996,1208,1233,1526,1643,1660,1773,1882,1892,2645,3305,3665,3808,4376,4510,4880,4971],"timestamp":1666315363,"path_taken":["M","$","M","?","?","E","M","E","T","E","?","R","$","M","R","BOSS","M","?","M","$","?","R","E"],"build_version":"2022-10-04","purchased_purges":1,"victory":false,"max_hp_per_floor":[68,68,68,68,68,68,68,68,68,68,68,68,68,68,68,68,68,68,68,68,68,68,68,68],"card_choices":[{"not_picked":["Ghostly Armor","Dual Wield"],"picked":"Perfected Strike","floor":1},{"not_picked":["Clothesline","Inflame"],"picked":"Pommel Strike","floor":3},{"not_picked":["Bloodletting","Rupture"],"picked":"Iron Wave","floor":4},{"not_picked":["Warcry","Seeing Red","Flex"],"picked":"SKIP","floor":6},{"not_picked":["Thunderclap","Body Slam"],"picked":"Fire Breathing","floor":7},{"not_picked":["Body Slam","Burning Pact"],"picked":"Brutality","floor":8},{"not_picked":["Clothesline","Pummel"],"picked":"Shrug It Off","floor":10},{"not_picked":["True Grit","Sentinel","Fire Breathing"],"picked":"SKIP","floor":11},{"not_picked":["Flex","Intimidate"],"picked":"Battle Trance","floor":14},{"not_picked":["Double Tap","Barricade"],"picked":"Fiend Fire","floor":16},{"not_picked":["Wild Strike","Warcry"],"picked":"Uppercut","floor":18},{"not_picked":["Anger","Body Slam"],"picked":"Spot Weakness","floor":20},{"not_picked":["Cleave+1","Havoc"],"picked":"Warcry+1","floor":22}],"player_experience":215208,"relics_obtained":[{"floor":6,"key":"Shuriken"},{"floor":8,"key":"Lizard Tail"},{"floor":9,"key":"Bag of Preparation"},{"floor":10,"key":"Peace Pipe"}],"event_choices":[{"damage_healed":0,"gold_gain":0,"player_choice":"Ignored","damage_taken":0,"max_hp_gain":0,"max_hp_loss":0,"event_name":"Liars Game","floor":5,"gold_loss":0},{"damage_healed":0,"gold_gain":0,"player_choice":"Opened","damage_taken":0,"relics_obtained":["Oddly Smooth Stone"],"max_hp_gain":0,"max_hp_loss":0,"event_name":"The Mausoleum","floor":19,"gold_loss":0,"cards_obtained":["Writhe"]}],"is_beta":false,"boss_relics":[{"not_picked":["Runic Dome","Velvet Choker"],"picked":"Philosopher\u0027s Stone"}],"items_purged_floors":[21],"is_endless":false,"potions_floor_spawned":[1,3,6,11,18],"killed_by":"Book of Stabbing","ascension_level":20,"potion_discard_per_floor":[[],[],[],[],[],[],[],[],[],[],[],[],[],[],[],[],[],[],[],[],[],[],[],[]]}