{"neow_bonuses_skipped_log":["REMOVE_CARD","TEN_PERCENT_HP_BONUS","BOSS_RELIC"],"potions_obtained_entropic_brew":[[],[],[],[],[],[],[],[],[],[],[],[],[],[],[],[],[],[],[],[],[],[],[],[],[],[],[],[],[],[],[],[],[],[],[],[],[],[],[],[],[],[],[],[],[],[],[],[],[],[],[],[],[],[],[],[]],"neow_costs_skipped_log":["NONE","NONE","NONE"],"gold_per_floor":[410,335,1,21,31,65,76,76,76,76,109,127,143,158,158,235,235,252,91,141,141,154,179,179,212,212,212,26,41,59,87,87,165,165,185,232,232,232,157,189,201,227,227,257,269,279,279,312,312,312,312,312,312,212,245,245],"floor_reached":56,"playtime":9976,"items_purged":["Strike_R+1","Strike_R+1"],"score":2270,"play_id":"18d18641-6c58-4acf-b50e-dfe74f665581","local_time":"20221018184533","score_breakdown":["Floors Climbed (56): 280","Enemies Slain (15): 30","Exordium Elites Killed (2): 20","City Elites Killed (3): 60","Beyond Elites Killed (4): 120","Bosses Slain (4): 500","Money Money (1117): 25","Collector (1): 25","Stuffed: 50","Champion (3): 75","Ascension (20): 1085"],"is_ascension_mode":true,"potions_obtained_alchemize":[[],[],[],[],[],[],[],[],[],[],[],[],[],[],[],[],[],[],[],[],[],[],[],[],[],[],[],[],[],[],[],[],[],[],[],[],[],[],[],[],[],[],[],[],[],[],[],[],[],[],[],[],[],[],[],[]],"campfire_choices":[{"data":"Shockwave","floor":10,"key":"SMITH"},{"data":"Power Through","floor":15,"key":"SMITH"},{"data":"Battle Trance","floor":24,"key":"SMITH"},{"data":"Battle Trance","floor":27,"key":"SMITH"},{"data":"Disarm","floor":32,"key":"SMITH"},{"floor":49,"key":"RECALL"},{"data":"PanicButton","floor":53,"key":"SMITH"}],"lesson_learned_per_floor":[[],[],[],[],[],[],[],[],[],[],[],[],[],[],[],[],[],[],[],[],[],[],[],[],[],[],[],[],[],[],[],[],[],[],[],[],[],[],[],[],[],[],[],[],[],[],[],[],[],[],[],[],[],[],[],[]],"neow_cost":"TEN_PERCENT_HP_LOSS","improvable_cards":{},"seed_source_timestamp":96912111857400,"shop_contents":[{"floor":3,"relics":["WingedGreaves","DollysMirror"],"cards":["Heavy Blade+1","Hemokinesis+1","Armaments","Flex","Feel No Pain","Swift Strike+1","Sadistic Nature"],"potions":["ElixirPotion","BloodPotion"]},{"floor":19,"relics":["Regal Pillow","Du-Vu Doll"],"cards":["Pommel Strike+1","Clash+1","Battle Trance","True Grit","Feel No Pain","Panacea","Panache"],"potions":["Dexterity Potion","Dexterity Potion","Energy Potion"]},{"floor":28,"relics":["PreservedInsect","Strawberry"],"cards":["Thunderclap+1","Spot Weakness","Power Through","Brutality","Swift Strike+1","Sadistic Nature"],"potions":["Explosive Potion","Fruit Juice","DistilledChaos"]},{"floor":39,"relics":["InkBottle","Bottled Tornado","Chemical X"],"cards":["Immolate+1","Cleave+1","Shrug It Off","True Grit","Inflame","Mind Blast+1","Panache"],"potions":["Fruit Juice","Fire Potion","CultistPotion"]},{"floor":54,"relics":["Mango","FossilizedHelix","Membership Card"],"cards":["Clothesline+1","Wild Strike+1","Flex","Armaments","Evolve","Swift Strike+1","Chrysalis"],"potions":["Block Potion","Energy Potion","BlessingOfTheForge"]}],"circlet_count":0,"master_deck":["AscendersBane","Defend_R+1","Defend_R+1","Defend_R+1","Defend_R+1","Bash","Twin Strike","Pommel Strike+1","Iron Wave+1","Shockwave+1","Anger+1","Power Through+1","Shrug It Off+1","Disarm+1","Pommel Strike+1","Feed+1","Spot Weakness","Battle Trance+1","Immolate+1","Fiend Fire+1","Shrug It Off+1","Uppercut+1","Battle Trance+1","Spot Weakness+1","Pommel Strike+1","Evolve","Corruption","Second Wind","PanicButton+1","Secret Technique","Dark Embrace","Pommel Strike+1","Dark Embrace","Entrench"],"potion_use_per_floor":[[],[],[],[],[],["Fire Potion"],[],[],[],[],[],[],[],[],[],["AttackPotion","HeartOfIron"],[],[],[],[],[],[],[],[],[],[],[],[],[],[],[],[],[],[],[],[],[],[],[],[],[],[],[],[],[],[],[],[],[],[],[],[],[],[],["Block Potion"],["Block Potion"]],"relics":["Burning Blood","Old Coin","Molten Egg 2","Shuriken","Oddly Smooth Stone","Akabeko","Velvet Choker","Orrery","Omamori","Bag of Preparation","Toolbox","Blood Vial","Coffee Dripper","Ginger","Bottled Flame","Thread and Needle","Ornamental Fan","MealTicket","War Paint","Nunchaku"],"potions_floor_usage":[6,16,16,55,56],"damage_taken":[{"damage":6,"enemies":"2 Louse","floor":1,"turns":4},{"damage":1,"enemies":"Small Slimes","floor":4,"turns":4},{"damage":6,"enemies":"Cultist","floor":5,"turns":3},{"damage":31,"enemies":"Gremlin Nob","floor":6,"turns":4},{"damage":6,"enemies":"Large Slime","floor":7,"turns":5},{"damage":24,"enemies":"3 Sentries","floor":11,"turns":6},{"damage":0,"enemies":"Looter","floor":12,"turns":3},{"damage":1,"enemies":"Exordium Thugs","floor":13,"turns":5},{"damage":0,"enemies":"Exordium Wildlife","floor":14,"turns":3},{"damage":34,"enemies":"Slime Boss","floor":16,"turns":8},{"damage":2,"enemies":"Shell Parasite","floor":18,"turns":7},{"damage":0,"enemies":"Chosen","floor":22,"turns":3},{"damage":10,"enemies":"Book of Stabbing","floor":23,"turns":4},{"damage":11,"enemies":"Gremlin Leader","floor":25,"turns":5},{"damage":0,"enemies":"Shelled Parasite and Fungi","floor":29,"turns":2},{"damage":0,"enemies":"3 Cultists","floor":30,"turns":3},{"damage":0,"enemies":"Book of Stabbing","floor":31,"turns":1},{"damage":45,"enemies":"Collector","floor":33,"turns":8},{"damage":0,"enemies":"3 Darklings","floor":35,"turns":8},{"damage":18,"enemies":"2 Orb Walkers","floor":36,"turns":5},{"damage":11,"enemies":"Nemesis","floor":40,"turns":5},{"damage":0,"enemies":"3 Shapes","floor":41,"turns":3},{"damage":0,"enemies":"Reptomancer","floor":42,"turns":1},{"damage":6,"enemies":"Giant Head","floor":44,"turns":6},{"damage":0,"enemies":"Maw","floor":45,"turns":3},{"damage":0,"enemies":"Jaw Worm Horde","floor":46,"turns":3},{"damage":0,"enemies":"Nemesis","floor":48,"turns":2},{"damage":24,"enemies":"Awakened One","floor":50,"turns":13},{"damage":40,"enemies":"Donu and Deca","floor":51,"turns":6},{"damage":31,"enemies":"Shield and Spear","floor":55,"turns":6},{"damage":113,"enemies":"The Heart","floor":56,"turns":9}],"green_key_taken_log":11,"seed_played":"-414701396070114109","neow_bonus_log":{"cardsObtained":[],"cardsUpgraded":[],"cardsRemoved":[],"cardsTransformed":[],"relicsObtained":["Old Coin"],"maxHpGained":0,"goldGained":0,"damageTaken":0,"goldLost":0,"maxHpLost":7},"potions_obtained":[{"floor":5,"key":"SpeedPotion"},{"floor":6,"key":"SneckoOil"},{"floor":11,"key":"HeartOfIron"},{"floor":14,"key":"AttackPotion"},{"floor":29,"key":"Explosive Potion"},{"floor":31,"key":"Strength Potion"},{"floor":33,"key":"AttackPotion"},{"floor":36,"key":"Block Potion"},{"floor":41,"key":"Block Potion"}],"is_trial":false,"path_per_floor":["M","?","$","M","M","E","M","?","T","R","E","M","M","M","R","B",null,"M","$","?","?","M","E","R","E","T","R","$","M","M","E","R","B",null,"M","?","?","?","$","E","M","E","T","E","M","M","?","E","R","B","B",null,"R","$","E","B"],"character_chosen":"IRONCLAD","items_purchased":["Molten Egg 2","Fire Potion","Orrery","Toolbox","Pommel Strike+1"],"campfire_rested":0,"item_purchase_floors":[3,3,19,28,28],"current_hp_per_floor":[68,68,68,68,68,43,43,43,43,43,25,31,36,42,42,14,55,63,63,56,56,62,62,62,61,61,61,61,71,77,83,83,45,74,86,80,75,65,65,62,74,82,82,88,100,108,108,112,112,94,66,104,104,116,91,0],"gold":245,"neow_bonus":"ONE_RARE_RELIC","is_prod":false,"is_daily":false,"rewards_skipped":[{"floor":40,"relics":[],"potions":["SkillPotion"]},{"floor":45,"relics":[],"potions":["ElixirPotion"]}],"chose_seed":false,"campfire_upgraded":6,"win_rate":0,"floor_exit_playtime":[920,933,1286,1372,1467,1638,1749,1758,1766,1824,2153,2212,2349,2508,2524,4211,4331,4541,4791,4808,4875,4936,5039,5064,5234,5332,5366,5465,5547,5665,5714,5727,6080,6158,6394,6515,6525,6600,6668,7163,7224,7288,7291,7447,7520,7644,7649,7720,7739,7996,8154,8166,8198,8300,8563],"timestamp":1666133133,"blue_key_relic_skipped_log":{"floor":26,"relicID":"Smiling Mask"},"path_taken":["M","?","$","M","M","E","M","?","T","R","E","M","M","M","R","BOSS","M","$","?","?","M","E","R","E","T","R","$","M","M","E","R","BOSS","M","?","?","?","$","E","?","E","T","E","M","?","?","E","R","BOSS","BOSS","R","$","E","BOSS"],"build_version":"2022-10-04","purchased_purges":2,"victory":false,"max_hp_per_floor":[68,68,68,68,68,68,68,68,68,68,68,68,68,68,68,68,68,72,72,72,72,72,76,76,80,80,80,80,84,84,84,84,84,84,88,92,92,92,92,92,96,96,96,100,104,108,108,112,112,112,116,116,116,116,116,116],"card_choices":[{"not_picked":["Cleave","Thunderclap"],"picked":"Twin Strike","floor":1},{"not_picked":["Thunderclap+1","Warcry"],"picked":"Pommel Strike+1","floor":4},{"not_picked":["Cleave+1","Burning Pact"],"picked":"Iron Wave+1","floor":5},{"not_picked":["Havoc","Anger+1"],"picked":"Shockwave","floor":6},{"not_picked":["Flex","Sentinel"],"picked":"Anger+1","floor":7},{"not_picked":["Havoc","Dark Embrace"],"picked":"Power Through","floor":11},{"not_picked":["Anger+1","Flex"],"picked":"Shrug It Off","floor":12},{"not_picked":["Clothesline+1","Cleave+1"],"picked":"Disarm","floor":13},{"not_picked":["Rage","Cleave+1"],"picked":"Pommel Strike+1","floor":14},{"not_picked":["Demon Form","Immolate+1"],"picked":"Feed+1","floor":16},{"not_picked":["Iron Wave+1","Shrug It Off"],"picked":"Spot Weakness","floor":18},{"not_picked":["Dual Wield","Pommel Strike+1"],"picked":"Battle Trance","floor":19},{"not_picked":["Sword Boomerang+1","Bloodletting"],"picked":"Immolate+1","floor":19},{"not_picked":["Disarm","Anger+1"],"picked":"Fiend Fire+1","floor":19},{"not_picked":["Headbutt+1","Ghostly Armor"],"picked":"Shrug It Off","floor":19},{"not_picked":["Hemokinesis+1","Body Slam+1"],"picked":"Uppercut+1","floor":19},{"not_picked":["Flex","Metallicize","Clothesline+1"],"picked":"SKIP","floor":22},{"not_picked":["Flex","Metallicize","Clothesline+1"],"picked":"SKIP","floor":22},{"not_picked":["Headbutt+1","Spot Weakness"],"picked":"Battle Trance","floor":23},{"not_picked":["Reckless Charge+1","True Grit+1"],"picked":"Spot Weakness+1","floor":25},{"not_picked":["Searing Blow+1","Fire Breathing+1","Whirlwind+1"],"picked":"SKIP","floor":29},{"not_picked":["Clash+1","Wild Strike+1"],"picked":"Evolve","floor":30},{"not_picked":["Body Slam+1","Battle Trance","Sword Boomerang+1"],"picked":"SKIP","floor":31},{"not_picked":["Demon Form","Exhume"],"picked":"Corruption","floor":33},{"not_picked":["Sword Boomerang+1","Cleave+1"],"picked":"Second Wind","floor":35},{"not_picked":["Clash+1","Uppercut+1","Thunderclap+1"],"picked":"SKIP","floor":36},{"not_picked":["Mayhem","Swift Strike+1"],"picked":"PanicButton","floor":38},{"not_picked":["Thinking Ahead","Trip"],"picked":"Secret Technique","floor":38},{"not_picked":["Purity","Enlightenment","Swift Strike+1"],"picked":"SKIP","floor":38},{"not_picked":["Twin Strike+1","Perfected Strike+1","Anger+1"],"picked":"SKIP","floor":40},{"not_picked":["Warcry","Perfected Strike+1"],"picked":"Dark Embrace","floor":41},{"not_picked":["Seeing Red+1","Twin Strike+1","Bloodletting"],"picked":"SKIP","floor":42},{"not_picked":["Second Wind+1","Sword Boomerang+1"],"picked":"Pommel Strike+1","floor":44},{"not_picked":["Thunderclap+1","Pummel+1","Armaments+1"],"picked":"SKIP","floor":45},{"not_picked":["Whirlwind+1","Warcry"],"picked":"Dark Embrace","floor":46},{"not_picked":["Metallicize","Hemokinesis+1","Heavy Blade+1"],"picked":"SKIP","floor":48},{"not_picked":["Sever Soul+1","Second Wind"],"picked":"Entrench","floor":55}],"player_experience":199203,"relics_obtained":[{"floor":6,"key":"Shuriken"},{"floor":9,"key":"Oddly Smooth Stone"},{"floor":11,"key":"Akabeko"},{"floor":23,"key":"Omamori"},{"floor":25,"key":"Bag of Preparation"},{"floor":31,"key":"Blood Vial"},{"floor":36,"key":"Ginger"},{"floor":40,"key":"Bottled Flame"},{"floor":42,"key":"Thread and Needle"},{"floor":43,"key":"Ornamental Fan"},{"floor":44,"key":"MealTicket"},{"floor":48,"key":"War Paint"},{"floor":55,"key":"Nunchaku"}],"event_choices":[{"cards_removed":["Strike_R"],"damage_healed":0,"gold_gain":0,"player_choice":"Card Removal","damage_taken":0,"max_hp_gain":0,"max_hp_loss":0,"event_name":"The Cleric","floor":2,"gold_loss":75},{"cards_removed":["Strike_R"],"damage_healed":0,"gold_gain":0,"player_choice":"Purged","damage_taken":0,"max_hp_gain":0,"max_hp_loss":0,"event_name":"Purifier","floor":8,"gold_loss":0},{"damage_healed":0,"gold_gain":50,"player_choice":"Touch","damage_taken":7,"max_hp_gain":0,"max_hp_loss":0,"event_name":"FaceTrader","floor":20,"gold_loss":0},{"damage_healed":0,"gold_gain":0,"player_choice":"Simplicity","damage_taken":0,"max_hp_gain":0,"max_hp_loss":0,"event_name":"Back to Basics","floor":21,"gold_loss":0,"cards_upgraded":["Strike_R","Strike_R","Strike_R","Defend_R","Defend_R","Defend_R","Defend_R"]},{"damage_healed":0,"gold_gain":0,"player_choice":"Fight","damage_taken":0,"max_hp_gain":0,"max_hp_loss":0,"event_name":"Mysterious Sphere","floor":36,"gold_loss":0},{"damage_healed":0,"gold_gain":0,"player_choice":"Bought 0 Potions","damage_taken":0,"max_hp_gain":0,"max_hp_loss":0,"event_name":"The Woman in Blue","floor":37,"gold_loss":0},{"damage_healed":0,"gold_gain":0,"player_choice":"Memory 3","damage_taken":10,"max_hp_gain":0,"max_hp_loss":0,"event_name":"SensoryStone","floor":38,"gold_loss":0},{"cards_removed":["Strike_R"],"damage_healed":0,"gold_gain":0,"player_choice":"Purged","damage_taken":0,"max_hp_gain":0,"max_hp_loss":0,"event_name":"Purifier","floor":47,"gold_loss":0}],"is_beta":false,"boss_relics":[{"not_picked":["Calling Bell","Black Star"],"picked":"Velvet Choker"},{"not_picked":["Pandora\u0027s Box","SacredBark"],"picked":"Coffee Dripper"}],"items_purged_floors":[39,54],"is_endless":false,"potions_floor_spawned":[5,6,11,14,29,31,33,36,40,41,45],"killed_by":"The Heart","ascension_level":20,"potion_discard_per_floor":[[],[],[],[],[],[],[],[],[],[],["SpeedPotion"],[],[],["SneckoOil"],[],[],[],[],[],[],[],[],[],[],[],[],[],[],[],[],[],[],["Explosive Potion"],[],[],["Strength Potion"],[],[],[],[],["AttackPotion"],[],[],[],[],[],[],[],[],[],[],[],[],[],[],[]]}