{"neow_bonuses_skipped_log":["REMOVE_CARD","TEN_PERCENT_HP_BONUS","BOSS_RELIC"],"potions_obtained_entropic_brew":[[],[],[],[],[],[],[],[],[],[],[],[],[],[],[],[],[],[],[],[],[],[],[],[],[],[],[],[],[],[],[],[],[],[],[],[],[],[],[],[],[],[],[],[],[],[],[],[],[],[],[],[],[],[],[],[],[]],"neow_costs_skipped_log":["NONE","NONE","NONE"],"gold_per_floor":[364,377,452,468,44,78,78,104,131,143,155,267,279,308,320,407,419,442,454,481,181,181,181,197,197,197,197,197,228,228,143,143,219,219,232,278,7,0,19,19,53,53,76,76,76,93,93,111,111,111,111,111,111,25,51,51],"floor_reached":57,"playtime":6576,"items_purged":["Parasite","Strike_R"],"score":2879,"play_id":"7d177622-aee4-48eb-b9b4-74fd1279d62b","local_time":"20221018004134","falling_options_log":["RitualDagger","Corruption"],"score_breakdown":["Floors Climbed (57): 285","Enemies Slain (11): 22","Exordium Elites Killed (2): 20","City Elites Killed (1): 20","Beyond Elites Killed (1): 30","Bosses Slain (5): 750","Money Money (1137): 25","Champion (2): 50","Perfect (2): 100","C-c-c-combo: 25","Ascension (20): 1302","Heartbreaker: 250"],"is_ascension_mode":true,"potions_obtained_alchemize":[[],[],[],[],[],[],[],[],[],[],[],[],[],[],[],[],[],[],[],[],[],[],[],[],[],[],[],[],[],[],[],[],[],[],[],[],[],[],[],[],[],[],[],[],[],[],[],[],[],[],[],[],[],[],[],[],[]],"campfire_choices":[{"data":"Immolate","floor":7,"key":"SMITH"},{"data":"Strike_R","floor":11,"key":"PURGE"},{"data":"Strike_R","floor":13,"key":"PURGE"},{"data":"Strike_R","floor":15,"key":"PURGE"},{"data":"Strike_R","floor":23,"key":"PURGE"},{"data":"Defend_R","floor":25,"key":"PURGE"},{"data":"Defend_R","floor":28,"key":"PURGE"},{"data":"Burning Pact","floor":32,"key":"SMITH"},{"data":"Defend_R","floor":40,"key":"PURGE"},{"data":"Defend_R","floor":44,"key":"PURGE"},{"floor":47,"key":"RECALL"},{"data":"Inflame","floor":49,"key":"PURGE"},{"data":"Offering","floor":53,"key":"SMITH"}],"lesson_learned_per_floor":[[],[],[],[],[],[],[],[],[],[],[],[],[],[],[],[],[],[],[],[],[],[],[],[],[],[],[],[],[],[],[],[],[],[],[],[],[],[],[],[],[],[],[],[],[],[],[],[],[],[],[],[],[],[],[],[],[]],"neow_cost":"CURSE","improvable_cards":{"RitualDagger":[44]},"seed_source_timestamp":35264285863500,"shop_contents":[{"floor":5,"relics":["Singing Bowl","Chemical X"],"cards":["Sword Boomerang","Thunderclap","True Grit","Disarm","Sadistic Nature"],"potions":["SmokeBomb","SneckoOil"]},{"floor":21,"relics":["Red Skull","Girya"],"cards":["Twin Strike","Anger","Rage","Metallicize","Mind Blast","The Bomb"],"potions":["FearPotion","PowerPotion","BlessingOfTheForge"]},{"floor":37,"relics":["InkBottle","Cauldron"],"cards":["Reaper","Twin Strike","Exhume","True Grit","Rupture","Dramatic Entrance","Chrysalis"],"potions":["Regen Potion","Weak Potion","SpeedPotion"]},{"floor":45,"relics":["Omamori","Bag of Preparation","Brimstone"],"cards":["Sword Boomerang","Fiend Fire","Flex","Ghostly Armor","Metallicize","Discovery","Apotheosis"],"potions":["ColorlessPotion","DistilledChaos","DistilledChaos"]},{"floor":54,"relics":["Bag of Marbles","Happy Flower","Lee\u0027s Waffle"],"cards":["Wild Strike","Searing Blow","True Grit","Limit Break","Combust","Dramatic Entrance","Apotheosis"],"potions":["Explosive Potion","BlessingOfTheForge"]}],"circlet_count":0,"master_deck":["AscendersBane","Bash","Carnage","Corruption","Trip","Immolate+1","Ghostly Armor","Dropkick","Offering+1","Rage+1","Dual Wield","Shrug It Off","Burning Pact+1","RitualDagger","Shrug It Off","Evolve"],"potion_use_per_floor":[[],[],[],[],[],[],[],[],[],[],[],[],[],[],[],["Dexterity Potion"],[],[],[],[],[],[],[],[],[],[],[],[],[],[],[],[],[],[],[],["BlessingOfTheForge"],[],[],[],[],[],[],[],[],[],[],[],[],[],[],[],[],[],[],[],[],[]],"relics":["Burning Blood","Centennial Puzzle","Peace Pipe","Self Forming Clay","MawBank","Meat on the Bone","Coffee Dripper","TheAbacus","Ornamental Fan","SacredBark","Incense Burner","Bottled Lightning","Red Mask","Toy Ornithopter","Anchor","White Beast Statue"],"potions_floor_usage":[16,36],"damage_taken":[{"damage":8,"enemies":"Jaw Worm","floor":1,"turns":6},{"damage":0,"enemies":"2 Louse","floor":2,"turns":2},{"damage":2,"enemies":"Cultist","floor":4,"turns":4},{"damage":36,"enemies":"Gremlin Nob","floor":6,"turns":4},{"damage":10,"enemies":"3 Sentries","floor":8,"turns":5},{"damage":0,"enemies":"2 Fungi Beasts","floor":14,"turns":2},{"damage":46,"enemies":"Slime Boss","floor":16,"turns":8},{"damage":23,"enemies":"Shell Parasite","floor":18,"turns":3},{"damage":16,"enemies":"Spheric Guardian","floor":20,"turns":4},{"damage":6,"enemies":"Centurion and Healer","floor":24,"turns":2},{"damage":37,"enemies":"Slavers","floor":29,"turns":4},{"damage":8,"enemies":"Automaton","floor":33,"turns":4},{"damage":6,"enemies":"3 Darklings","floor":35,"turns":2},{"damage":6,"enemies":"2 Orb Walkers","floor":36,"turns":3},{"damage":6,"enemies":"3 Shapes","floor":39,"turns":3},{"damage":6,"enemies":"Reptomancer","floor":41,"turns":3},{"damage":6,"enemies":"Sphere and 2 Shapes","floor":46,"turns":1},{"damage":6,"enemies":"Writhing Mass","floor":48,"turns":3},{"damage":6,"enemies":"Donu and Deca","floor":50,"turns":6},{"damage":22,"enemies":"Awakened One","floor":51,"turns":6},{"damage":6,"enemies":"Shield and Spear","floor":55,"turns":6},{"damage":6,"enemies":"The Heart","floor":56,"turns":5}],"green_key_taken_log":41,"seed_played":"8008967905513499075","neow_bonus_log":{"cardsObtained":["Parasite"],"cardsUpgraded":[],"cardsRemoved":[],"cardsTransformed":[],"relicsObtained":[],"maxHpGained":0,"goldGained":250,"damageTaken":0,"goldLost":0,"maxHpLost":0},"potions_obtained":[{"floor":4,"key":"Dexterity Potion"},{"floor":20,"key":"BlessingOfTheForge"},{"floor":24,"key":"Dexterity Potion"},{"floor":35,"key":"Explosive Potion"},{"floor":41,"key":"SteroidPotion"},{"floor":55,"key":"GamblersBrew"}],"is_trial":false,"path_per_floor":["M","M","?","M","$","E","R","E","T","?","R","?","R","M","R","B",null,"M","?","M","$","?","R","M","R","T","?","R","E","?","?","R","B",null,"M","?","$","?","M","R","E","?","T","R","$","M","R","M","R","B","B",null,"R","$","E","B",null],"character_chosen":"IRONCLAD","items_purchased":["Centennial Puzzle","PowerPotion","Trip","Inflame","TheAbacus","Shrug It Off","Bottled Lightning","LiquidMemories"],"campfire_rested":0,"item_purchase_floors":[5,5,5,5,21,21,37,54],"current_hp_per_floor":[66,72,61,65,65,35,35,31,31,31,31,31,31,49,49,21,59,54,54,44,44,44,44,44,44,44,38,38,19,19,19,19,29,61,61,61,61,61,61,61,61,61,61,61,61,61,61,61,61,61,45,65,65,65,65,65],"gold":51,"neow_bonus":"TWO_FIFTY_GOLD","is_prod":false,"is_daily":false,"rewards_skipped":[{"floor":29,"relics":["Dead Branch"],"potions":[]},{"floor":46,"relics":[],"potions":["GamblersBrew"]}],"chose_seed":false,"campfire_upgraded":3,"win_rate":0,"floor_exit_playtime":[418,637,644,754,933,1113,1122,1243,1247,1308,1335,1369,1378,1443,1449,1829,1873,2074,2104,2173,2236,2280,2290,2441,2507,2515,2536,2548,3057,3077,3162,3337,3891,3969,4151,4429,4453,4458,4546,4571,4731,4934,4938,4974,4983,5017,5022,5199,5252,5536,5894,5909,5925,5956,6174,6576],"timestamp":1666068094,"blue_key_relic_skipped_log":{"floor":26,"relicID":"StrikeDummy"},"path_taken":["M","M","?","?","$","E","R","E","T","?","R","?","R","M","R","BOSS","M","?","M","$","?","R","M","R","T","?","R","E","?","?","R","BOSS","M","?","$","?","M","R","E","?","T","R","?","M","R","M","R","BOSS","BOSS","R","$","E","BOSS"],"build_version":"2022-10-04","purchased_purges":2,"victory":true,"max_hp_per_floor":[75,75,75,75,72,72,72,72,72,72,72,72,72,72,72,72,72,72,72,72,72,72,72,72,72,72,72,72,72,72,72,72,72,72,72,72,72,72,72,72,72,72,72,72,72,72,72,72,72,72,72,72,72,72,72,72],"card_choices":[{"not_picked":["Whirlwind","Anger"],"picked":"Carnage","floor":1},{"not_picked":["Havoc","Dual Wield","Sword Boomerang"],"picked":"SKIP","floor":2},{"not_picked":["Flex","Entrench"],"picked":"Corruption","floor":4},{"not_picked":["Clothesline","Entrench"],"picked":"Immolate","floor":6},{"not_picked":["Twin Strike","Cleave"],"picked":"Ghostly Armor","floor":8},{"not_picked":["Power Through","Pommel Strike"],"picked":"Dropkick","floor":14},{"not_picked":["Exhume","Bludgeon"],"picked":"Offering","floor":16},{"not_picked":["True Grit","Rampage+1"],"picked":"Rage+1","floor":18},{"not_picked":["Pommel Strike","Flex"],"picked":"Dual Wield","floor":20},{"not_picked":["Intimidate","Thunderclap","Shrug It Off","Pommel Strike","Sword Boomerang","Battle Trance","Flex","Cleave","Rupture","Clash","Heavy Blade","Warcry","Iron Wave","Perfected Strike","Body Slam","Armaments","Evolve","Flame Barrier","Searing Blow"],"picked":"Burning Pact","floor":22},{"not_picked":["Wild Strike","Disarm","Rupture"],"picked":"SKIP","floor":24},{"not_picked":["Wild Strike","Disarm","Rupture"],"picked":"SKIP","floor":24},{"not_picked":["Wild Strike","Disarm","Rupture"],"picked":"SKIP","floor":24},{"not_picked":["Clothesline","Iron Wave"],"picked":"Shrug It Off","floor":29},{"not_picked":["Flame Barrier+1","Rage+1"],"picked":"Second Wind","floor":35},{"not_picked":["Armaments","Havoc","Body Slam"],"picked":"SKIP","floor":36},{"not_picked":["Headbutt","Inflame","Entrench"],"picked":"SKIP","floor":39},{"not_picked":["Inflame","Armaments","Disarm"],"picked":"SKIP","floor":41},{"not_picked":["Combust","Anger","Pummel+1"],"picked":"SKIP","floor":46},{"not_picked":["Seeing Red","Heavy Blade","Clash"],"picked":"SKIP","floor":48},{"not_picked":["Immolate","Blood for Blood+1"],"picked":"Evolve","floor":55}],"player_experience":192627,"relics_obtained":[{"floor":6,"key":"Peace Pipe"},{"floor":8,"key":"Self Forming Clay"},{"floor":9,"key":"MawBank"},{"floor":36,"key":"Incense Burner"},{"floor":41,"key":"Toy Ornithopter"},{"floor":43,"key":"Anchor"},{"floor":55,"key":"White Beast Statue"}],"event_choices":[{"damage_healed":0,"gold_gain":75,"player_choice":"Gather Gold","damage_taken":11,"max_hp_gain":0,"max_hp_loss":0,"event_name":"World of Goop","floor":3,"gold_loss":0},{"damage_healed":0,"gold_gain":0,"player_choice":"Gave Potion","damage_taken":0,"relics_obtained":["Meat on the Bone"],"max_hp_gain":0,"max_hp_loss":0,"event_name":"WeMeetAgain","floor":10,"gold_loss":0},{"damage_healed":0,"gold_gain":100,"player_choice":"Gold","damage_taken":0,"max_hp_gain":0,"max_hp_loss":0,"event_name":"Wheel of Change","floor":12,"gold_loss":0},{"damage_healed":0,"gold_gain":0,"player_choice":"Ignored","damage_taken":0,"max_hp_gain":0,"max_hp_loss":0,"event_name":"The Mausoleum","floor":19,"gold_loss":0},{"damage_healed":0,"gold_gain":0,"player_choice":"Read","damage_taken":0,"max_hp_gain":0,"max_hp_loss":0,"event_name":"The Library","floor":22,"gold_loss":0,"cards_obtained":["Burning Pact"]},{"damage_healed":0,"gold_gain":0,"player_choice":"Joined the Cult","damage_taken":6,"max_hp_gain":0,"max_hp_loss":0,"event_name":"Nest","floor":27,"gold_loss":0,"cards_obtained":["RitualDagger"]},{"damage_healed":0,"gold_gain":0,"player_choice":"Ignored","damage_taken":0,"max_hp_gain":0,"max_hp_loss":0,"event_name":"Cursed Tome","floor":30,"gold_loss":0},{"damage_healed":0,"gold_gain":0,"player_choice":"Obtained Relic","damage_taken":0,"relics_obtained":["Ornamental Fan"],"max_hp_gain":0,"max_hp_loss":0,"event_name":"Addict","floor":31,"gold_loss":85},{"damage_healed":0,"gold_gain":0,"player_choice":"Fight","damage_taken":0,"max_hp_gain":0,"max_hp_loss":0,"event_name":"Mysterious Sphere","floor":36,"gold_loss":0},{"damage_healed":0,"gold_gain":0,"player_choice":"Paid","damage_taken":0,"relics_obtained":["Red Mask"],"max_hp_gain":0,"max_hp_loss":0,"event_name":"Tomb of Lord Red Mask","floor":38,"gold_loss":7},{"cards_removed":["Second Wind"],"damage_healed":0,"gold_gain":0,"player_choice":"Removed Skill","damage_taken":0,"max_hp_gain":0,"max_hp_loss":0,"event_name":"Falling","floor":42,"gold_loss":0}],"is_beta":false,"boss_relics":[{"not_picked":["Runic Dome","SlaversCollar"],"picked":"Coffee Dripper"},{"not_picked":["Black Star","Black Blood"],"picked":"SacredBark"}],"items_purged_floors":[5,21],"is_endless":false,"potions_floor_spawned":[4,20,24,35,41,46,55],"ascension_level":20,"potion_discard_per_floor":[[],[],[],[],[],[],[],[],[],[],[],[],[],[],[],[],[],[],[],[],[],[],[],[],[],[],[],[],[],[],[],[],[],[],["Dexterity Potion"],[],[],[],[],[],[],[],[],[],[],[],[],[],[],[],[],[],[],["Explosive Potion"],["SteroidPotion"],[],[]]}