{"neow_bonuses_skipped_log":["THREE_CARDS","RANDOM_COLORLESS_2","BOSS_RELIC"],"potions_obtained_entropic_brew":[[],[],[],[],[],[],[],[],[],[],[],[],[],[],[],[],[],[],[],[],[],[],[],[],[],[],[],[],[],[],[],[],[],[],[],[],[],[],[],[],[],[],[],[],[],[],[],[],[],[],[],[],[],[],[],[],[]],"neow_costs_skipped_log":["NONE","PERCENT_DAMAGE","NONE"],"gold_per_floor":[118,134,134,134,146,177,197,228,251,285,43,62,72,72,72,144,144,161,190,190,206,217,244,263,290,290,306,336,350,0,27,27,99,99,116,116,130,140,153,186,199,228,228,244,255,281,297,297,297,297,297,297,297,27,53,53],"floor_reached":57,"playtime":6892,"items_purged":["Strike_R","Strike_R","Strike_R"],"score":3000,"play_id":"371cbbe3-9e47-48ca-88c3-e006a8402987","local_time":"20221017222829","score_breakdown":["Floors Climbed (57): 285","Enemies Slain (20): 40","Exordium Elites Killed (3): 30","City Elites Killed (4): 80","Beyond Elites Killed (3): 90","Bosses Slain (5): 750","Champion (3): 75","Overkill: 25","Ascension (20): 1375","Heartbreaker: 250"],"is_ascension_mode":true,"potions_obtained_alchemize":[[],[],[],[],[],[],[],[],[],[],[],[],[],[],[],[],[],[],[],[],[],[],[],[],[],[],[],[],[],[],[],[],[],[],[],[],[],[],[],[],[],[],[],[],[],[],[],[],[],[],[],[],[],[],[],[],[]],"campfire_choices":[{"data":"Flame Barrier","floor":15,"key":"SMITH"},{"data":"Shockwave","floor":32,"key":"SMITH"},{"floor":49,"key":"RECALL"},{"data":"Impervious","floor":53,"key":"SMITH"}],"lesson_learned_per_floor":[[],[],[],[],[],[],[],[],[],[],[],[],[],[],[],[],[],[],[],[],[],[],[],[],[],[],[],[],[],[],[],[],[],[],[],[],[],[],[],[],[],[],[],[],[],[],[],[],[],[],[],[],[],[],[],[],[]],"neow_cost":"NONE","improvable_cards":{},"seed_source_timestamp":26955577445100,"shop_contents":[{"floor":11,"relics":["Lizard Tail","Cauldron"],"cards":["Uppercut","Searing Blow","Intimidate","Limit Break","Evolve","Madness","Secret Weapon"],"potions":["Fruit Juice","EntropicBrew","Regen Potion"]},{"floor":30,"relics":["Frozen Egg 2","Champion Belt","Paper Frog"],"cards":["Carnage","Dropkick","Flex","Flex","Metallicize","Madness","HandOfGreed"],"potions":["Swift Potion","LiquidBronze","SpeedPotion"]},{"floor":54,"relics":["Vajra","Ice Cream","Unceasing Top"],"cards":["Anger","Cleave","Limit Break","Flame Barrier","Combust","Bandage Up","Chrysalis"],"potions":["Block Potion","Swift Potion","Swift Potion"]}],"circlet_count":0,"master_deck":["AscendersBane","Strike_R","Defend_R+1","Defend_R+1","Defend_R+1","Defend_R+1","Bash","Whirlwind+1","Clothesline","Flame Barrier+1","Twin Strike","Pommel Strike","Shockwave+1","Feel No Pain","Impervious+1","Disarm","Carnage","Barricade","Spot Weakness","Carnage","Body Slam","Feel No Pain","Impervious","Disarm","Impervious","Shockwave","Corruption","Second Wind","Demon Form","Blood for Blood","Panacea","Dark Embrace"],"potion_use_per_floor":[[],[],[],[],[],["Weak Potion"],[],["SteroidPotion"],[],[],[],[],[],[],[],[],[],[],["GamblersBrew"],[],[],[],[],[],[],[],[],[],[],[],[],[],[],[],[],[],[],[],[],[],[],[],[],[],[],[],[],[],[],[],[],[],[],[],[],["Regen Potion","Regen Potion"],[]],"relics":["Burning Blood","Tiny Chest","Toy Ornithopter","Red Skull","Bag of Preparation","Bag of Marbles","War Paint","The Courier","Snecko Eye","Red Mask","Blue Candle","Bottled Lightning","Ornamental Fan","Dream Catcher","OrangePellets","Orichalcum","Philosopher\u0027s Stone","PreservedInsect","Smiling Mask","Incense Burner","Gremlin Horn","ClockworkSouvenir","White Beast Statue"],"potions_floor_usage":[6,8,19,56,56],"damage_taken":[{"damage":10,"enemies":"2 Louse","floor":1,"turns":4},{"damage":4,"enemies":"Jaw Worm","floor":2,"turns":4},{"damage":0,"enemies":"Cultist","floor":5,"turns":3},{"damage":37,"enemies":"Lagavulin","floor":6,"turns":8},{"damage":3,"enemies":"Blue Slaver","floor":7,"turns":7},{"damage":8,"enemies":"Gremlin Nob","floor":8,"turns":3},{"damage":10,"enemies":"3 Sentries","floor":10,"turns":2},{"damage":0,"enemies":"3 Louse","floor":12,"turns":2},{"damage":2,"enemies":"Large Slime","floor":13,"turns":5},{"damage":4,"enemies":"The Guardian","floor":16,"turns":13},{"damage":0,"enemies":"Shell Parasite","floor":18,"turns":4},{"damage":0,"enemies":"Masked Bandits","floor":19,"turns":1},{"damage":0,"enemies":"3 Byrds","floor":21,"turns":4},{"damage":4,"enemies":"Centurion and Healer","floor":22,"turns":6},{"damage":37,"enemies":"Gremlin Leader","floor":23,"turns":4},{"damage":0,"enemies":"3 Cultists","floor":24,"turns":4},{"damage":17,"enemies":"Slavers","floor":25,"turns":4},{"damage":8,"enemies":"Snecko","floor":27,"turns":5},{"damage":2,"enemies":"Book of Stabbing","floor":28,"turns":3},{"damage":0,"enemies":"Shelled Parasite and Fungi","floor":29,"turns":1},{"damage":7,"enemies":"Gremlin Leader","floor":31,"turns":5},{"damage":5,"enemies":"Champ","floor":33,"turns":12},{"damage":0,"enemies":"3 Shapes","floor":35,"turns":1},{"damage":3,"enemies":"Orb Walker","floor":37,"turns":3},{"damage":1,"enemies":"3 Darklings","floor":38,"turns":2},{"damage":0,"enemies":"Transient","floor":39,"turns":6},{"damage":0,"enemies":"Giant Head","floor":40,"turns":7},{"damage":0,"enemies":"Maw","floor":41,"turns":7},{"damage":0,"enemies":"Nemesis","floor":42,"turns":7},{"damage":8,"enemies":"3 Darklings","floor":44,"turns":5},{"damage":0,"enemies":"Writhing Mass","floor":45,"turns":6},{"damage":0,"enemies":"Giant Head","floor":46,"turns":6},{"damage":0,"enemies":"Jaw Worm Horde","floor":47,"turns":4},{"damage":6,"enemies":"Awakened One","floor":50,"turns":12},{"damage":14,"enemies":"Time Eater","floor":51,"turns":13},{"damage":18,"enemies":"Shield and Spear","floor":55,"turns":12},{"damage":8,"enemies":"The Heart","floor":56,"turns":8}],"green_key_taken_log":23,"seed_played":"9059034401486914337","neow_bonus_log":{"cardsObtained":[],"cardsUpgraded":[],"cardsRemoved":[],"cardsTransformed":[],"relicsObtained":["Tiny Chest"],"maxHpGained":0,"goldGained":0,"damageTaken":0,"goldLost":0,"maxHpLost":0},"potions_obtained":[{"floor":1,"key":"Weak Potion"},{"floor":2,"key":"SteroidPotion"},{"floor":8,"key":"SpeedPotion"},{"floor":13,"key":"SpeedPotion"},{"floor":16,"key":"GamblersBrew"},{"floor":22,"key":"Fire Potion"},{"floor":25,"key":"SteroidPotion"},{"floor":31,"key":"Regen Potion"},{"floor":37,"key":"Regen Potion"}],"is_trial":false,"path_per_floor":["M","M","?","?","M","E","M","E","T","E","$","M","M","T","R","B",null,"M","?","?","M","M","E","M","E","T","M","E","M","$","E","R","B",null,"M","T","M","M","M","E","M","E","T","M","M","E","M","?","R","B","B",null,"R","$","E","B",null],"character_chosen":"IRONCLAD","items_purchased":["War Paint","Impervious","OrangePellets","Panacea","ClockworkSouvenir"],"campfire_rested":0,"item_purchase_floors":[11,30,30,54,54],"current_hp_per_floor":[64,66,66,43,49,18,21,24,24,20,20,26,30,30,30,32,64,70,75,75,75,75,44,50,39,39,37,41,47,47,46,46,47,68,74,74,75,75,75,75,75,75,75,73,75,75,75,75,75,75,67,73,73,73,61,75],"gold":53,"neow_bonus":"RANDOM_COMMON_RELIC","is_prod":false,"is_daily":false,"rewards_skipped":[{"floor":5,"relics":[],"potions":["GamblersBrew"]},{"floor":18,"relics":[],"potions":["Dexterity Potion"]},{"floor":29,"relics":[],"potions":["FearPotion"]},{"floor":39,"relics":[],"potions":["Weak Potion"]},{"floor":40,"relics":[],"potions":["Explosive Potion"]},{"floor":41,"relics":[],"potions":["Weak Potion"]},{"floor":45,"relics":[],"potions":["Dexterity Potion"]}],"chose_seed":false,"campfire_upgraded":3,"win_rate":0,"floor_exit_playtime":[385,582,613,619,740,1010,1202,1537,1542,1597,1715,1745,1871,1875,2003,2233,2380,2510,2598,2731,2837,2948,3057,3273,3426,3463,3609,3732,3781,3890,4042,4054,4393,4503,4538,4568,4638,4678,4849,5001,5177,5292,5296,5511,5599,5714,5793,5799,5803,6081,6372,6390,6409,6445,6621,6892],"timestamp":1666060109,"blue_key_relic_skipped_log":{"floor":43,"relicID":"Toxic Egg 2"},"path_taken":["M","M","?","?","M","E","M","E","T","E","$","M","?","?","R","BOSS","M","?","?","M","M","E","M","E","T","?","E","M","$","E","R","BOSS","M","?","?","M","?","E","M","E","T","M","M","E","M","?","R","BOSS","BOSS","R","$","E","BOSS"],"build_version":"2022-10-04","purchased_purges":3,"victory":true,"max_hp_per_floor":[75,75,75,75,75,75,75,75,75,75,75,75,75,75,75,75,75,75,75,75,75,75,75,75,75,75,75,75,75,75,75,75,75,75,75,75,75,75,75,75,75,75,75,75,75,75,75,75,75,75,75,75,75,75,75,75],"card_choices":[{"not_picked":["Sword Boomerang","Searing Blow"],"picked":"Whirlwind","floor":1},{"not_picked":["Metallicize","Iron Wave"],"picked":"Clothesline","floor":2},{"not_picked":["Flex","Fire Breathing","Warcry"],"picked":"SKIP","floor":5},{"not_picked":["Thunderclap","Rage"],"picked":"Flame Barrier","floor":6},{"not_picked":["True Grit","Combust"],"picked":"Twin Strike","floor":7},{"not_picked":["Searing Blow","Sword Boomerang"],"picked":"Pommel Strike","floor":8},{"not_picked":["Havoc","Warcry","True Grit"],"picked":"SKIP","floor":10},{"not_picked":["Warcry","Metallicize"],"picked":"Shockwave","floor":12},{"not_picked":["Heavy Blade","Headbutt"],"picked":"Feel No Pain","floor":13},{"not_picked":["Exhume","Berserk"],"picked":"Impervious","floor":16},{"not_picked":["Iron Wave+1","Rampage+1"],"picked":"Disarm","floor":18},{"not_picked":["Iron Wave","Whirlwind","Sword Boomerang"],"picked":"SKIP","floor":19},{"not_picked":["Feel No Pain","Searing Blow","Intimidate","Flex","Heavy Blade","Shrug It Off","Hemokinesis","Wild Strike","Rupture","Warcry","Iron Wave","Uppercut","Perfected Strike","Pummel","Combust","Armaments","Sword Boomerang","Infernal Blade","Body Slam"],"picked":"Carnage","floor":20},{"not_picked":["Seeing Red","Headbutt"],"picked":"Barricade","floor":21},{"not_picked":["Thunderclap","True Grit"],"picked":"Spot Weakness","floor":22},{"not_picked":["Infernal Blade","Dropkick","Wild Strike+1"],"picked":"SKIP","floor":23},{"not_picked":["Fire Breathing","Flex"],"picked":"Carnage","floor":24},{"not_picked":["Intimidate","Flex","Sever Soul"],"picked":"SKIP","floor":25},{"not_picked":["Heavy Blade","Pummel"],"picked":"Body Slam","floor":27},{"not_picked":["Rampage+1","Spot Weakness","Battle Trance"],"picked":"SKIP","floor":28},{"not_picked":["Perfected Strike","Twin Strike"],"picked":"Feel No Pain","floor":29},{"not_picked":["Reckless Charge","Thunderclap"],"picked":"Disarm","floor":31},{"not_picked":["Juggernaut","Demon Form"],"picked":"Impervious","floor":33},{"not_picked":["Seeing Red+1","Havoc","Searing Blow"],"picked":"SKIP","floor":35},{"not_picked":["Havoc","Hemokinesis","Clash"],"picked":"SKIP","floor":37},{"not_picked":["Warcry","Anger","Flex"],"picked":"SKIP","floor":38},{"not_picked":["Twin Strike","Headbutt","Pommel Strike"],"picked":"SKIP","floor":39},{"not_picked":["Twin Strike","Headbutt","Pommel Strike"],"picked":"SKIP","floor":39},{"not_picked":["Twin Strike","Headbutt","Pommel Strike"],"picked":"SKIP","floor":39},{"not_picked":["Reckless Charge+1","Clothesline+1"],"picked":"Shockwave","floor":40},{"not_picked":["Battle Trance","Ghostly Armor+1"],"picked":"Corruption","floor":41},{"not_picked":["Dropkick","Rampage+1","Rupture"],"picked":"SKIP","floor":42},{"not_picked":["Armaments+1","Body Slam"],"picked":"Second Wind","floor":44},{"not_picked":["Clash","Clothesline","Twin Strike+1"],"picked":"SKIP","floor":45},{"not_picked":["True Grit+1","Seeing Red"],"picked":"Demon Form","floor":46},{"not_picked":["Inflame","Body Slam","Flex+1"],"picked":"SKIP","floor":47},{"not_picked":["Carnage","Anger"],"picked":"Dark Embrace","floor":55}],"player_experience":184672,"relics_obtained":[{"floor":6,"key":"Toy Ornithopter"},{"floor":8,"key":"Red Skull"},{"floor":9,"key":"Bag of Preparation"},{"floor":10,"key":"Bag of Marbles"},{"floor":14,"key":"The Courier"},{"floor":19,"key":"Red Mask"},{"floor":23,"key":"Blue Candle"},{"floor":25,"key":"Bottled Lightning"},{"floor":26,"key":"Ornamental Fan"},{"floor":28,"key":"Dream Catcher"},{"floor":31,"key":"Orichalcum"},{"floor":36,"key":"PreservedInsect"},{"floor":40,"key":"Smiling Mask"},{"floor":42,"key":"Incense Burner"},{"floor":46,"key":"Gremlin Horn"},{"floor":55,"key":"White Beast Statue"}],"event_choices":[{"damage_healed":0,"gold_gain":0,"player_choice":"Grow","damage_taken":0,"max_hp_gain":0,"max_hp_loss":0,"event_name":"Living Wall","floor":3,"gold_loss":0,"cards_upgraded":["Whirlwind"]},{"damage_healed":0,"gold_gain":0,"player_choice":"Entered Light","damage_taken":23,"max_hp_gain":0,"max_hp_loss":0,"event_name":"Shining Light","floor":4,"gold_loss":0,"cards_upgraded":["Defend_R","Defend_R"]},{"damage_healed":0,"gold_gain":0,"player_choice":"Fought Bandits","damage_taken":0,"max_hp_gain":0,"max_hp_loss":0,"event_name":"Masked Bandits","floor":19,"gold_loss":0},{"damage_healed":0,"gold_gain":0,"player_choice":"Read","damage_taken":0,"max_hp_gain":0,"max_hp_loss":0,"event_name":"The Library","floor":20,"gold_loss":0,"cards_obtained":["Carnage"]},{"damage_healed":0,"gold_gain":0,"cards_transformed":["Strike_R"],"player_choice":"Transformed","damage_taken":0,"max_hp_gain":0,"max_hp_loss":0,"event_name":"Transmorgrifier","floor":48,"gold_loss":0,"cards_obtained":["Blood for Blood"]}],"is_beta":false,"boss_relics":[{"not_picked":["Velvet Choker","Cursed Key"],"picked":"Snecko Eye"},{"not_picked":["Tiny House","Runic Dome"],"picked":"Philosopher\u0027s Stone"}],"items_purged_floors":[11,30,54],"is_endless":false,"potions_floor_spawned":[1,2,5,8,13,16,18,22,25,29,31,37,39,40,41,45],"ascension_level":20,"potion_discard_per_floor":[[],[],[],[],[],[],[],[],[],[],[],[],[],[],[],["SpeedPotion"],[],[],[],[],[],[],[],[],["SpeedPotion"],[],[],[],[],[],["Fire Potion"],[],[],[],[],[],["SteroidPotion"],[],[],[],[],[],[],[],[],[],[],[],[],[],[],[],[],[],[],[],[]]}