{"neow_bonuses_skipped_log":["TRANSFORM_CARD","HUNDRED_GOLD","BOSS_RELIC"],"neow_costs_skipped_log":["NONE","NONE","NONE"],"potions_obtained_entropic_brew":[[],[],[],[],[],[],[],[],[],[],[],[],[],[],[],[],[],[],[],[],[],[],[],[],[],[],[],[],[],[],[],[],[],[],[],[],[],[],[],[],[],[],[],[],[],[],[],[],[],[],[],[],[],[],[],[],[]],"gold_per_floor":[109,109,127,41,59,94,94,120,120,120,120,148,159,192,192,265,265,283,283,302,322,237,237,84,100,100,100,129,155,55,93,93,173,173,193,213,160,160,173,173,199,199,199,210,235,274,293,293,293,293,293,293,293,49,87,87],"floor_reached":57,"playtime":5803,"items_purged":["Strike_R","Strike_R"],"score":2956,"play_id":"46572ce4-eb6b-469b-b8cc-425f31b0defc","local_time":"20221108210422","falling_options_log":["Offering","Berserk"],"score_breakdown":["Floors Climbed (57): 285","Enemies Slain (14): 28","Exordium Elites Killed (4): 40","City Elites Killed (2): 40","Beyond Elites Killed (2): 60","Bosses Slain (5): 750","I Like Shiny: 50","Champion (2): 50","Perfect (1): 50","Overkill: 25","Ascension (20): 1328","Heartbreaker: 250"],"is_ascension_mode":true,"potions_obtained_alchemize":[[],[],[],[],[],[],[],[],[],[],[],[],[],[],[],[],[],[],[],[],[],[],[],[],[],[],[],[],[],[],[],[],[],[],[],[],[],[],[],[],[],[],[],[],[],[],[],[],[],[],[],[],[],[],[],[],[]],"campfire_choices":[{"data":"Iron Wave","floor":7,"key":"SMITH"},{"floor":11,"key":"DIG"},{"floor":15,"key":"DIG"},{"floor":23,"key":"DIG"},{"floor":27,"key":"DIG"},{"floor":32,"key":"DIG"},{"floor":40,"key":"DIG"},{"floor":42,"key":"RECALL"},{"floor":49,"key":"DIG"},{"floor":53,"key":"DIG"}],"lesson_learned_per_floor":[[],[],[],[],[],[],[],[],[],[],[],[],[],[],[],[],[],[],[],[],[],[],[],[],[],[],[],[],[],[],[],[],[],[],[],[],[],[],[],[],[],[],[],[],[],[],[],[],[],[],[],[],[],[],[],[],[]],"neow_cost":"TEN_PERCENT_HP_LOSS","improvable_cards":{},"seed_source_timestamp":497739970327200,"shop_contents":[{"floor":4,"relics":["Girya","Pen Nib","Toolbox"],"cards":["Power Through","Shrug It Off","Fire Breathing","Enlightenment","HandOfGreed"],"potions":["LiquidBronze","Weak Potion","DistilledChaos"]},{"floor":24,"relics":["Boot","Mango","PrismaticShard"],"cards":["Sever Soul","Perfected Strike","Havoc","Rupture","Madness","Transmutation"],"potions":["Strength Potion","Fire Potion","FearPotion"]},{"floor":30,"relics":["Orichalcum","Blood Vial","OrangePellets"],"cards":["Searing Blow","Anger","Rage","Havoc","Feel No Pain","Purity","Magnetism"],"potions":["SneckoOil","Swift Potion","Dexterity Potion"]},{"floor":37,"relics":["Blue Candle","Dream Catcher","TheAbacus"],"cards":["Uppercut","Pummel","Flame Barrier","Ghostly Armor","Metallicize","Dramatic Entrance","Sadistic Nature"],"potions":["Energy Potion","SkillPotion"]},{"floor":48,"relics":["Letter Opener","Akabeko","Cauldron"],"cards":["Carnage","Twin Strike","Warcry","Shockwave","Brutality","Swift Strike","Secret Technique"],"potions":["SpeedPotion","DistilledChaos","ElixirPotion"]},{"floor":54,"relics":["Pocketwatch","Lantern"],"cards":["Twin Strike","Whirlwind","Armaments","Rupture","PanicButton","Magnetism"],"potions":["FearPotion","PowerPotion","SmokeBomb"]}],"circlet_count":0,"master_deck":["AscendersBane","Strike_R","Strike_R","Defend_R","Defend_R","Defend_R","Defend_R","Bash","Shockwave","Pommel Strike+1","Iron Wave+1","Feel No Pain","Bloodletting","Reaper","Shrug It Off","Uppercut","Offering","Shrug It Off+1","Battle Trance","Power Through","Berserk","Burning Pact+1","Fiend Fire","Offering","Demon Form","Disarm","Disarm"],"potion_use_per_floor":[[],[],[],[],[],["FearPotion"],[],[],[],[],[],[],[],["SpeedPotion"],[],[],[],["Block Potion"],[],[],[],[],[],[],[],[],[],[],[],[],[],[],[],[],[],[],[],[],[],[],[],[],[],[],[],[],[],[],[],[],[],[],[],[],[],["PowerPotion","PowerPotion"],[]],"relics":["Burning Blood","Champion Belt","Matryoshka","Shovel","Anchor","Bronze Scales","PreservedInsect","Red Skull","Fusion Hammer","Nloth\u0027s Gift","Meat on the Bone","Dead Branch","Art of War","CeramicFish","MealTicket","Unceasing Top","Happy Flower","Oddly Smooth Stone","SlaversCollar","Paper Frog","Bag of Preparation","TungstenRod","Ice Cream","Ancient Tea Set","Bird Faced Urn","Pear","Frozen Eye","InkBottle"],"potions_floor_usage":[6,14,18,56,56],"damage_taken":[{"damage":6,"enemies":"2 Louse","floor":1,"turns":4},{"damage":3,"enemies":"Cultist","floor":3,"turns":4},{"damage":10,"enemies":"Small Slimes","floor":5,"turns":5},{"damage":21,"enemies":"Gremlin Nob","floor":6,"turns":4},{"damage":17,"enemies":"3 Sentries","floor":8,"turns":10},{"damage":15,"enemies":"Lagavulin","floor":12,"turns":5},{"damage":9,"enemies":"Exordium Wildlife","floor":13,"turns":5},{"damage":14,"enemies":"3 Sentries","floor":14,"turns":7},{"damage":53,"enemies":"Slime Boss","floor":16,"turns":9},{"damage":11,"enemies":"Spheric Guardian","floor":18,"turns":4},{"damage":6,"enemies":"3 Byrds","floor":20,"turns":4},{"damage":9,"enemies":"Centurion and Healer","floor":21,"turns":6},{"damage":9,"enemies":"Snake Plant","floor":25,"turns":3},{"damage":6,"enemies":"Snecko","floor":28,"turns":6},{"damage":24,"enemies":"Gremlin Leader","floor":29,"turns":6},{"damage":12,"enemies":"Book of Stabbing","floor":31,"turns":4},{"damage":41,"enemies":"Champ","floor":33,"turns":13},{"damage":6,"enemies":"Orb Walker","floor":35,"turns":1},{"damage":6,"enemies":"3 Shapes","floor":36,"turns":4},{"damage":33,"enemies":"Jaw Worm Horde","floor":39,"turns":3},{"damage":40,"enemies":"Reptomancer","floor":41,"turns":3},{"damage":10,"enemies":"3 Darklings","floor":44,"turns":3},{"damage":5,"enemies":"Mind Bloom Boss Battle","floor":45,"turns":5},{"damage":12,"enemies":"Giant Head","floor":46,"turns":2},{"damage":12,"enemies":"Sphere and 2 Shapes","floor":47,"turns":3},{"damage":19,"enemies":"Donu and Deca","floor":50,"turns":4},{"damage":56,"enemies":"Time Eater","floor":51,"turns":7},{"damage":16,"enemies":"Shield and Spear","floor":55,"turns":5},{"damage":48,"enemies":"The Heart","floor":56,"turns":7}],"green_key_taken_log":14,"seed_played":"-506856365436720294","neow_bonus_log":{"cardsObtained":[],"cardsUpgraded":[],"cardsRemoved":[],"cardsTransformed":[],"relicsObtained":["Champion Belt"],"maxHpGained":0,"goldGained":0,"damageTaken":0,"goldLost":0,"maxHpLost":7},"potions_obtained":[{"floor":1,"key":"FearPotion"},{"floor":12,"key":"DuplicationPotion"},{"floor":13,"key":"SpeedPotion"},{"floor":14,"key":"Block Potion"},{"floor":20,"key":"EssenceOfSteel"},{"floor":25,"key":"SteroidPotion"},{"floor":28,"key":"Ancient Potion"},{"floor":33,"key":"PowerPotion"}],"is_trial":false,"path_per_floor":["M","?","M","$","M","E","R","E","T","?","R","E","M","E","R","B",null,"M","?","M","M","?","R","$","M","T","R","M","E","$","E","R","B",null,"M","M","$","?","M","R","E","R","T","M","?","E","M","$","R","B","B",null,"R","$","E","B",null],"character_chosen":"IRONCLAD","items_purchased":["Pommel Strike","Iron Wave","Battle Trance","PowerPotion","Disarm","Frozen Eye"],"campfire_rested":0,"item_purchase_floors":[4,4,24,37,54,54],"current_hp_per_floor":[68,68,68,68,64,49,49,38,38,38,38,29,34,44,44,13,54,49,49,57,60,60,60,60,63,63,63,68,50,65,68,68,60,66,66,68,68,68,57,57,53,53,53,60,68,68,68,68,68,68,68,68,78,78,78,48],"gold":87,"neow_bonus":"ONE_RARE_RELIC","is_prod":false,"is_daily":false,"rewards_skipped":[{"floor":39,"relics":[],"potions":["AttackPotion"]},{"floor":41,"relics":[],"potions":["AttackPotion"]},{"floor":44,"relics":[],"potions":["SpeedPotion"]}],"chose_seed":false,"campfire_upgraded":1,"win_rate":0,"floor_exit_playtime":[336,345,427,506,621,682,717,915,971,1005,1010,1125,1273,1416,1445,1826,1912,2050,2180,2276,2367,2389,2410,2484,2623,2630,2635,2772,2992,3048,3153,3162,3891,3997,4030,4115,4152,4158,4345,4356,4549,4554,4558,4657,4792,4876,4979,5020,5035,5248,5397,5413,5418,5440,5602,5803],"timestamp":1667959462,"blue_key_relic_skipped_log":{"floor":9,"relicID":"Tiny Chest"},"path_taken":["M","?","M","$","M","E","R","E","T","?","R","E","?","E","R","BOSS","M","?","M","M","?","R","$","M","T","R","M","E","?","E","R","BOSS","M","M","$","?","M","R","E","R","T","M","?","E","M","?","R","BOSS","BOSS","R","$","E","BOSS"],"build_version":"2022-10-04","purchased_purges":2,"victory":true,"max_hp_per_floor":[68,68,68,68,68,68,68,68,68,68,68,68,68,68,68,68,68,68,68,68,68,68,68,68,68,68,68,68,68,68,68,68,68,68,68,68,68,68,68,68,68,68,68,68,68,68,68,68,68,68,68,68,78,78,78,78],"card_choices":[{"not_picked":["Searing Blow","Anger"],"picked":"Shockwave","floor":1},{"not_picked":["Sever Soul","True Grit","Rage"],"picked":"SKIP","floor":3},{"not_picked":["Dual Wield","Rage"],"picked":"Clash","floor":5},{"not_picked":["Headbutt","Pommel Strike"],"picked":"Feel No Pain","floor":6},{"not_picked":["Iron Wave","Pummel"],"picked":"Bloodletting","floor":8},{"not_picked":["Iron Wave","Wild Strike"],"picked":"Reaper","floor":12},{"not_picked":["Thunderclap","Ghostly Armor"],"picked":"Shrug It Off","floor":13},{"not_picked":["Metallicize","Bloodletting"],"picked":"Uppercut","floor":14},{"not_picked":["Berserk","Demon Form"],"picked":"Offering","floor":16},{"not_picked":["Combust","Perfected Strike"],"picked":"Shrug It Off+1","floor":18},{"not_picked":["Armaments","Havoc","Berserk"],"picked":"SKIP","floor":20},{"not_picked":["Armaments","Warcry","Headbutt"],"picked":"SKIP","floor":21},{"not_picked":["Pommel Strike","Anger"],"picked":"Power Through","floor":25},{"not_picked":["Combust","True Grit"],"picked":"Berserk","floor":28},{"not_picked":["Double Tap","Perfected Strike+1","Dropkick+1"],"picked":"SKIP","floor":29},{"not_picked":["Armaments","Clash"],"picked":"Burning Pact+1","floor":31},{"not_picked":["Offering","Limit Break"],"picked":"Fiend Fire","floor":33},{"not_picked":["Perfected Strike+1","Armaments","Sever Soul"],"picked":"SKIP","floor":35},{"not_picked":["Armaments","Thunderclap"],"picked":"Offering","floor":36},{"not_picked":["Twin Strike","Fire Breathing","Flex+1"],"picked":"SKIP","floor":39},{"not_picked":["Combust","Thunderclap","Intimidate"],"picked":"SKIP","floor":41},{"not_picked":["Combust","Perfected Strike+1","Cleave"],"picked":"SKIP","floor":44},{"not_picked":["Battle Trance","Sever Soul","Uppercut"],"picked":"SKIP","floor":45},{"not_picked":["Pommel Strike+1","Havoc"],"picked":"Demon Form","floor":46},{"not_picked":["Havoc+1","Perfected Strike","Uppercut"],"picked":"SKIP","floor":47},{"not_picked":["Fiend Fire","Rampage"],"picked":"Disarm","floor":55}],"player_experience":323449,"relics_obtained":[{"floor":6,"key":"Matryoshka"},{"floor":8,"key":"Shovel"},{"floor":9,"key":"Anchor"},{"floor":11,"key":"Bronze Scales"},{"floor":12,"key":"PreservedInsect"},{"floor":14,"key":"Shuriken"},{"floor":15,"key":"Red Skull"},{"floor":23,"key":"Dead Branch"},{"floor":26,"key":"Art of War"},{"floor":26,"key":"CeramicFish"},{"floor":27,"key":"MealTicket"},{"floor":29,"key":"Unceasing Top"},{"floor":31,"key":"Happy Flower"},{"floor":32,"key":"Oddly Smooth Stone"},{"floor":40,"key":"Paper Frog"},{"floor":41,"key":"Bag of Preparation"},{"floor":43,"key":"TungstenRod"},{"floor":45,"key":"Ice Cream"},{"floor":46,"key":"Ancient Tea Set"},{"floor":49,"key":"Bird Faced Urn"},{"floor":53,"key":"Pear"},{"floor":55,"key":"InkBottle"}],"event_choices":[{"cards_removed":["Strike_R"],"damage_healed":0,"gold_gain":0,"player_choice":"Offered Basic","damage_taken":0,"max_hp_gain":0,"max_hp_loss":0,"event_name":"Bonfire Elementals","floor":2,"gold_loss":0},{"damage_healed":0,"gold_gain":0,"player_choice":"Upgraded","damage_taken":0,"max_hp_gain":0,"max_hp_loss":0,"event_name":"Upgrade Shrine","floor":10,"gold_loss":0,"cards_upgraded":["Pommel Strike"]},{"damage_healed":0,"gold_gain":0,"player_choice":"Traded Relic","damage_taken":0,"relics_obtained":["Nloth\u0027s Gift"],"max_hp_gain":0,"max_hp_loss":0,"event_name":"N\u0027loth","floor":19,"relics_lost":["Shuriken"],"gold_loss":0},{"damage_healed":0,"gold_gain":0,"player_choice":"Obtained Relic","damage_taken":0,"relics_obtained":["Meat on the Bone"],"max_hp_gain":0,"max_hp_loss":0,"event_name":"Addict","floor":22,"gold_loss":85},{"cards_removed":["Clash"],"damage_healed":0,"gold_gain":0,"player_choice":"Removed Attack","damage_taken":0,"max_hp_gain":0,"max_hp_loss":0,"event_name":"Falling","floor":38,"gold_loss":0},{"damage_healed":0,"gold_gain":0,"player_choice":"Fight","damage_taken":0,"max_hp_gain":0,"max_hp_loss":0,"event_name":"MindBloom","floor":45,"gold_loss":0}],"is_beta":false,"boss_relics":[{"not_picked":["Cursed Key","Calling Bell"],"picked":"Fusion Hammer"},{"not_picked":["Black Blood","Mark of Pain"],"picked":"SlaversCollar"}],"items_purged_floors":[24,30],"is_endless":false,"potions_floor_spawned":[1,12,13,14,20,25,28,33,39,41,44],"ascension_level":20,"potion_discard_per_floor":[[],[],[],[],[],[],[],[],[],[],[],[],[],[],[],[],[],[],[],[],[],[],[],[],["EssenceOfSteel"],[],[],["DuplicationPotion"],[],[],[],[],["SteroidPotion"],[],[],[],["Ancient Potion"],[],[],[],[],[],[],[],[],[],[],[],[],[],[],[],[],[],[],[],[]]}