{"neow_bonuses_skipped_log":["RANDOM_COLORLESS","THREE_SMALL_POTIONS","BOSS_RELIC"],"neow_costs_skipped_log":["NONE","NONE","NONE"],"potions_obtained_entropic_brew":[[],[],[],[],[],[],[],[],[],[],[],[],[],[],[],[],[],[],[],[],[],[],[],[],[],[],[],[],[],[],[],[],[],[],[],[],[],[],[],[],[],[],[],[],[],[],[],[],[],[],[],[],[],[],[],[],[]],"gold_per_floor":[109,120,120,45,57,57,87,87,87,117,131,92,124,135,135,207,207,219,35,35,35,51,382,382,410,410,410,435,435,450,475,475,549,549,568,619,231,248,248,248,283,293,293,326,326,344,374,374,374,374,374,374,374,30,64,64],"floor_reached":57,"playtime":11535,"items_purged":["Strike_R","Strike_R","Strike_R"],"score":2943,"play_id":"ec03fd1f-fdf1-4173-b732-e0af0741382b","local_time":"20221106185456","score_breakdown":["Floors Climbed (57): 285","Enemies Slain (12): 24","Exordium Elites Killed (3): 30","City Elites Killed (4): 80","Beyond Elites Killed (3): 90","Bosses Slain (5): 750","Money Money (1070): 25","Collector (1): 25","Librarian: 25","Stuffed: 50","Champion (1): 25","Ascension (20): 1284","Heartbreaker: 250"],"is_ascension_mode":true,"potions_obtained_alchemize":[[],[],[],[],[],[],[],[],[],[],[],[],[],[],[],[],[],[],[],[],[],[],[],[],[],[],[],[],[],[],[],[],[],[],[],[],[],[],[],[],[],[],[],[],[],[],[],[],[],[],[],[],[],[],[],[],[]],"campfire_choices":[{"data":"Blood for Blood","floor":6.0,"key":"SMITH"},{"data":"Hemokinesis","floor":8.0,"key":"SMITH"},{"data":"Armaments","floor":15.0,"key":"SMITH"},{"data":"Ghostly","floor":24,"key":"SMITH"},{"data":"Ghostly","floor":27,"key":"SMITH"},{"data":"Ghostly","floor":29,"key":"SMITH"},{"data":"Shockwave","floor":32,"key":"SMITH"},{"data":"Dual Wield","floor":40,"key":"SMITH"},{"floor":45,"key":"RECALL"},{"data":"Feel No Pain","floor":49,"key":"SMITH"},{"data":"Bloodletting","floor":53,"key":"SMITH"}],"lesson_learned_per_floor":[[],[],[],[],[],[],[],[],[],[],[],[],[],[],[],[],[],[],[],[],[],[],[],[],[],[],[],[],[],[],[],[],[],[],[],[],[],[],[],[],[],[],[],[],[],[],[],[],[],[],[],[],[],[],[],[],[]],"neow_cost":"PERCENT_DAMAGE","improvable_cards":{},"seed_source_timestamp":311185100633300,"shop_contents":[{"floor":4,"relics":["Oddly Smooth Stone","Lizard Tail","Toolbox"],"cards":["Rampage","Uppercut","Havoc","True Grit","Inflame","Dramatic Entrance","Transmutation"],"potions":["Strength Potion","Regen Potion","Strength Potion"]},{"floor":12,"relics":["War Paint","Blue Candle","Membership Card"],"cards":["Twin Strike","Wild Strike","Rage","Combust","Impatience","Apotheosis"],"potions":["Dexterity Potion","Weak Potion","SkillPotion"]},{"floor":19,"relics":["Pear","Regal Pillow","Cauldron"],"cards":["Reckless Charge","Pummel","Havoc","Intimidate","Jack Of All Trades","Violence"],"potions":["ElixirPotion","BloodPotion","PowerPotion"]},{"floor":37,"relics":["Singing Bowl","Brimstone"],"cards":["Feed","Pommel Strike","Power Through","Limit Break","Metallicize","Swift Strike","Transmutation"],"potions":["BloodPotion","SkillPotion","BloodPotion"]},{"floor":54,"relics":["Du-Vu Doll","Ornamental Fan"],"cards":["Fiend Fire","Carnage","Havoc+1","Jack Of All Trades+1","Violence+1"],"potions":["BlessingOfTheForge","FearPotion"]}],"circlet_count":0,"master_deck":["AscendersBane","Defend_R","Defend_R","Defend_R","Defend_R","Bash","Cleave+1","Twin Strike","Hemokinesis+1","Blood for Blood+1","Feed","Uppercut","Armaments+1","Bloodletting+1","Power Through","Exhume","Fiend Fire","Dual Wield+1","Feel No Pain+1","Shockwave+1","Ghostly+1","Ghostly+1","Ghostly+1","Battle Trance","Dropkick+1","Impervious","Shockwave+1","Ghostly+1","Spot Weakness","Second Wind","Offering","Warcry+1","Dual Wield+1","Inflame","Warcry+1"],"special_seed":0,"potion_use_per_floor":[[],[],[],[],[],[],["EssenceOfSteel"],[],[],["FearPotion"],[],[],[],[],[],[],[],[],[],[],[],["LiquidMemories"],["DistilledChaos"],[],[],[],[],[],[],[],[],[],[],[],[],[],[],[],[],[],[],[],[],[],[],[],[],[],[],[],[],[],[],[],[],["SpeedPotion","LiquidBronze"],[]],"relics":["Burning Blood","Strawberry","Pantograph","Centennial Puzzle","Ancient Tea Set","Runic Pyramid","Old Coin","Omamori","Red Skull","Eternal Feather","Runic Cube","Prayer Wheel","Sundial","Potion Belt","Toxic Egg 2","Mummified Hand","Whetstone","Calipers","OrangePellets","Toy Ornithopter"],"potions_floor_usage":[22,23,56,56],"damage_taken":[{"damage":0.0,"enemies":"Small Slimes","floor":1.0,"turns":2.0},{"damage":4.0,"enemies":"Jaw Worm","floor":2.0,"turns":3.0},{"damage":6.0,"enemies":"2 Louse","floor":5.0,"turns":2.0},{"damage":19.0,"enemies":"3 Sentries","floor":7.0,"turns":6.0},{"damage":19.0,"enemies":"Lagavulin","floor":10.0,"turns":4.0},{"damage":15.0,"enemies":"Large Slime","floor":11.0,"turns":6.0},{"damage":20.0,"enemies":"3 Sentries","floor":13.0,"turns":6.0},{"damage":4.0,"enemies":"Looter","floor":14.0,"turns":4.0},{"damage":45.0,"enemies":"Hexaghost","floor":16.0,"turns":9.0},{"damage":15.0,"enemies":"Shell Parasite","floor":18.0,"turns":3.0},{"damage":7,"enemies":"2 Thieves","floor":22,"turns":5},{"damage":11,"enemies":"Gremlin Leader","floor":23,"turns":6},{"damage":15,"enemies":"Slavers","floor":25,"turns":7},{"damage":8,"enemies":"Book of Stabbing","floor":28,"turns":6},{"damage":4,"enemies":"Centurion and Healer","floor":30,"turns":7},{"damage":6,"enemies":"Gremlin Leader","floor":31,"turns":8},{"damage":44,"enemies":"Champ","floor":33,"turns":11},{"damage":9,"enemies":"3 Darklings","floor":35,"turns":6},{"damage":23,"enemies":"2 Orb Walkers","floor":36,"turns":6},{"damage":4,"enemies":"Orb Walker","floor":38,"turns":6},{"damage":14,"enemies":"Reptomancer","floor":41,"turns":6},{"damage":13,"enemies":"Spire Growth","floor":42,"turns":7},{"damage":12,"enemies":"Nemesis","floor":44,"turns":11},{"damage":9,"enemies":"Writhing Mass","floor":46,"turns":10},{"damage":16,"enemies":"Reptomancer","floor":47,"turns":6},{"damage":23,"enemies":"Donu and Deca","floor":50,"turns":14},{"damage":41,"enemies":"Awakened One","floor":51,"turns":13},{"damage":10,"enemies":"Shield and Spear","floor":55,"turns":9},{"damage":35,"enemies":"The Heart","floor":56,"turns":13}],"green_key_taken_log":10,"seed_played":"-6575245017327664447","neow_bonus_log":{"cardsObtained":["Cleave","Twin Strike"],"cardsUpgraded":[],"cardsRemoved":[],"cardsTransformed":["Strike_R","Strike_R"],"relicsObtained":[],"maxHpGained":0,"goldGained":0,"damageTaken":18,"goldLost":0,"maxHpLost":0},"potions_obtained":[{"floor":2.0,"key":"FearPotion"},{"floor":5.0,"key":"EssenceOfSteel"},{"floor":11.0,"key":"Dexterity Potion"},{"floor":13.0,"key":"DistilledChaos"},{"floor":14.0,"key":"AttackPotion"},{"floor":18.0,"key":"LiquidMemories"},{"floor":23,"key":"LiquidBronze"},{"floor":30,"key":"SkillPotion"},{"floor":35,"key":"LiquidMemories"},{"floor":42,"key":"Energy Potion"},{"floor":44,"key":"Weak Potion"},{"floor":46,"key":"Swift Potion"}],"is_trial":false,"path_per_floor":["M","M","?","$","M","R","E","R","T","E","M","$","E","M","R","B",null,"M","$","?","?","M","E","R","E","T","R","E","R","M","E","R","B",null,"M","?","$","M","?","R","E","M","T","E","R","M","E","T","R","B","B",null,"R","$","E","B",null],"character_chosen":"IRONCLAD","items_purchased":["Bloodletting","Feel No Pain","Sundial","SpeedPotion","OrangePellets","Inflame","Warcry+1"],"campfire_rested":0,"item_purchase_floors":[12,19,37,54,54,54,54],"current_hp_per_floor":[56,58,58,58,58,58,55,55,55,42,36,36,25,31,31,17,76,67,67,67,47,50,49,49,46,46,46,48,48,58,62,77,43,72,73,60,60,65,65,80,76,73,73,71,89,90,84,84,102,103,97,123,132,132,136,124],"gold":64,"neow_bonus":"TRANSFORM_TWO_CARDS","is_prod":false,"is_daily":false,"rewards_skipped":[{"floor":33,"relics":[],"potions":["Dexterity Potion"]}],"chose_seed":false,"campfire_upgraded":10,"win_rate":0,"floor_exit_playtime":[297,378,854,1094,1135,1157,1454,1539,1544,1654,1792,1819,2144,2336,2454,3072,3342,3730,3809,3816,3910,4215,4644,4729,5359,5392,5400,5814,5828,6134,6376,6385,6898,7387,7836,8142,8337,8447,8455,8483,8820,8997,9012,9351,9357,9765,10022,10026,10058,10416,10845,10867,10893,11006,11230,11535],"timestamp":1667778896,"blue_key_relic_skipped_log":{"floor":26,"relicID":"CeramicFish"},"path_taken":["M","M","?","?","M","R","E","R","T","E","M","$","E","M","R","BOSS","M","$","?","?","M","E","R","E","T","R","E","R","M","E","R","BOSS","M","?","$","M","?","R","E","M","T","E","R","?","E","?","R","BOSS","BOSS","R","$","E","BOSS"],"build_version":"2022-10-04","purchased_purges":3,"victory":true,"max_hp_per_floor":[75,75,75,75,75,75,85,85,85,85,88,88,91,95,95,95,95,95,95,95,47,51,55,55,61,61,61,65,65,73,77,77,81,81,85,89,89,92,92,92,96,100,100,104,104,108,112,112,112,120,132,132,132,132,140,144],"card_choices":[{"not_picked":["Heavy Blade","Sentinel"],"picked":"Hemokinesis","floor":1.0},{"not_picked":["Iron Wave","Sword Boomerang","Twin Strike"],"picked":"SKIP","floor":2.0},{"not_picked":["Metallicize","Pommel Strike"],"picked":"Feed","floor":5.0},{"not_picked":["Perfected Strike","Second Wind","Fire Breathing"],"picked":"SKIP","floor":7.0},{"not_picked":["Body Slam","Clash"],"picked":"Uppercut","floor":10.0},{"not_picked":["Perfected Strike","Thunderclap"],"picked":"Armaments","floor":11.0},{"not_picked":["Iron Wave","Pommel Strike"],"picked":"Power Through","floor":13.0},{"not_picked":["Ghostly Armor","Pommel Strike"],"picked":"Exhume","floor":14.0},{"not_picked":["Barricade","Bludgeon"],"picked":"Fiend Fire","floor":16.0},{"not_picked":["Pommel Strike","Anger"],"picked":"Dual Wield","floor":18.0},{"not_picked":["Iron Wave","Dual Wield","Bloodletting","Metallicize","Warcry","Wild Strike","Rampage","Clash","Fire Breathing","Dropkick","Pummel","Disarm","True Grit","Clothesline","Headbutt","Cleave","Second Wind","Shrug It Off","Anger"],"picked":"Shockwave","floor":20},{"not_picked":["Shrug It Off","Flex"],"picked":"Battle Trance","floor":22},{"not_picked":["Battle Trance","Clothesline"],"picked":"Dropkick","floor":23},{"not_picked":["Thunderclap","Heavy Blade","True Grit"],"picked":"SKIP","floor":25},{"not_picked":["Rupture","Clothesline","Reckless Charge"],"picked":"SKIP","floor":28},{"not_picked":["Rupture","Clothesline","Reckless Charge"],"picked":"SKIP","floor":28},{"not_picked":["Iron Wave+1","Bloodletting","Twin Strike+1"],"picked":"SKIP","floor":30},{"not_picked":["Pommel Strike","Whirlwind","Metallicize"],"picked":"SKIP","floor":31},{"not_picked":["Barricade","Berserk"],"picked":"Impervious","floor":33},{"not_picked":["True Grit","Pommel Strike+1"],"picked":"Shockwave+1","floor":35},{"not_picked":["Iron Wave","Clothesline","Flex+1"],"picked":"SKIP","floor":36},{"not_picked":["Thunderclap","Perfected Strike","Clothesline+1"],"picked":"SKIP","floor":38},{"not_picked":["Heavy Blade","Wild Strike","Clothesline"],"picked":"SKIP","floor":38},{"not_picked":["Inflame","Warcry"],"picked":"Spot Weakness","floor":41},{"not_picked":["Armaments","Shockwave+1"],"picked":"Second Wind","floor":42},{"not_picked":["Second Wind","Sword Boomerang"],"picked":"Offering","floor":42},{"not_picked":["Twin Strike+1","Thunderclap"],"picked":"Warcry+1","floor":44},{"not_picked":["Flex+1","Pommel Strike"],"picked":"Dual Wield+1","floor":46},{"not_picked":["Whirlwind","Clothesline+1","Battle Trance+1"],"picked":"SKIP","floor":46},{"not_picked":["Inflame","Sentinel+1","Juggernaut"],"picked":"SKIP","floor":47},{"not_picked":["Sever Soul","Rampage","Brutality"],"picked":"SKIP","floor":55}],"player_experience":300739,"relics_obtained":[{"floor":7.0,"key":"Strawberry"},{"floor":9.0,"key":"Pantograph"},{"floor":10.0,"key":"Centennial Puzzle"},{"floor":13.0,"key":"Ancient Tea Set"},{"floor":23,"key":"Old Coin"},{"floor":25,"key":"Omamori"},{"floor":28,"key":"Red Skull"},{"floor":31,"key":"Eternal Feather"},{"floor":36,"key":"Prayer Wheel"},{"floor":41,"key":"Potion Belt"},{"floor":43,"key":"Toxic Egg 2"},{"floor":44,"key":"Mummified Hand"},{"floor":47,"key":"Whetstone"},{"floor":48,"key":"Calipers"},{"floor":55,"key":"Toy Ornithopter"}],"event_choices":[{"damage_healed":0.0,"max_hp_gain":0.0,"max_hp_loss":0.0,"gold_gain":0.0,"event_name":"Match and Keep!","player_choice":"1 cards matched","floor":3.0,"gold_loss":0.0,"damage_taken":0.0,"cards_obtained":["Blood for Blood"]},{"damage_healed":0.0,"max_hp_gain":0.0,"max_hp_loss":0.0,"gold_gain":0.0,"event_name":"Match and Keep!","player_choice":"1 cards matched","floor":3.0,"gold_loss":0.0,"damage_taken":0.0,"cards_obtained":["Blood for Blood"]},{"damage_healed":0.0,"max_hp_gain":0.0,"max_hp_loss":0.0,"gold_gain":0.0,"event_name":"Match and Keep!","player_choice":"1 cards matched","floor":3.0,"gold_loss":0.0,"damage_taken":0.0,"cards_obtained":["Blood for Blood"]},{"damage_healed":0,"gold_gain":0,"player_choice":"Read","damage_taken":0,"max_hp_gain":0,"max_hp_loss":0,"event_name":"The Library","floor":20,"gold_loss":0,"cards_obtained":["Shockwave"]},{"damage_healed":0,"gold_gain":0,"player_choice":"Became a Ghost","damage_taken":0,"max_hp_gain":0,"max_hp_loss":48,"event_name":"Ghosts","floor":21,"gold_loss":0,"cards_obtained":["Ghostly","Ghostly","Ghostly"]},{"damage_healed":0,"gold_gain":0,"player_choice":"Fight","damage_taken":0,"max_hp_gain":0,"max_hp_loss":0,"event_name":"Mysterious Sphere","floor":36,"gold_loss":0},{"damage_healed":0,"gold_gain":0,"player_choice":"Copied","damage_taken":0,"max_hp_gain":0,"max_hp_loss":0,"event_name":"Duplicator","floor":39,"gold_loss":0,"cards_obtained":["Ghostly"]}],"is_beta":false,"boss_relics":[{"not_picked":["Mark of Pain","SlaversCollar"],"picked":"Runic Pyramid"},{"not_picked":["Sozu","Calling Bell"],"picked":"Runic Cube"}],"items_purged_floors":[4,19,37],"is_endless":false,"potions_floor_spawned":[2,5,11,13,14,18,23,30,33,35,42,44,46],"ascension_level":20,"potion_discard_per_floor":[[],[],[],[],[],[],[],[],[],[],[],[],[],["Dexterity Potion"],[],[],[],["AttackPotion"],[],[],[],[],[],[],[],[],[],[],[],[],[],[],[],[],["SkillPotion"],[],[],[],[],[],[],[],[],[],[],["Weak Potion"],[],[],[],[],[],[],[],["Swift Potion"],[],[],[]]}