{"neow_bonuses_skipped_log":["THREE_CARDS","THREE_ENEMY_KILL","BOSS_RELIC"],"potions_obtained_entropic_brew":[[],[],[],[],[],[],[],[],[],[],[],[],[],[]],"neow_costs_skipped_log":["NONE","NONE","NONE"],"gold_per_floor":[119,44,62,78,90,90,125,136,161,173,200,214,214,244],"floor_reached":14,"playtime":3645,"items_purged":[],"score":228,"play_id":"2d69614f-923e-4454-b60d-92d885ccd3f6","local_time":"20221101171724","score_breakdown":["Floors Climbed (14): 70","Enemies Slain (7): 14","Exordium Elites Killed (3): 30","Bosses Slain (0): 0","Ascension (20): 114"],"is_ascension_mode":true,"potions_obtained_alchemize":[[],[],[],[],[],[],[],[],[],[],[],[],[],[]],"campfire_choices":[{"data":"Hemokinesis","floor":6.0,"key":"SMITH"},{"data":"Uppercut","floor":13.0,"key":"SMITH"}],"lesson_learned_per_floor":[[],[],[],[],[],[],[],[],[],[],[],[],[],[]],"neow_cost":"TEN_PERCENT_HP_LOSS","improvable_cards":{},"seed_source_timestamp":417390188733800,"shop_contents":[],"circlet_count":0,"master_deck":["AscendersBane","Strike_R","Strike_R","Strike_R","Strike_R","Defend_R","Defend_R","Defend_R","Defend_R","Bash","Hemokinesis+1","Rampage","Disarm","Pommel Strike","Anger","Uppercut+1","Spot Weakness"],"special_seed":0,"potion_use_per_floor":[[],[],[],[],[],[],["DistilledChaos"],[],[],[],["Weak Potion"],[],[],["Block Potion"]],"relics":["Burning Blood","Ice Cream","Bottled Flame","Vajra","Ancient Tea Set"],"potions_floor_usage":[14],"damage_taken":[{"damage":4.0,"enemies":"Small Slimes","floor":1.0,"turns":4.0},{"damage":2.0,"enemies":"Cultist","floor":3.0,"turns":2.0},{"damage":3.0,"enemies":"2 Louse","floor":4.0,"turns":2.0},{"damage":9.0,"enemies":"Looter","floor":5.0,"turns":3.0},{"damage":24.0,"enemies":"3 Sentries","floor":7.0,"turns":6.0},{"damage":18.0,"enemies":"Red Slaver","floor":8.0,"turns":3.0},{"damage":3.0,"enemies":"2 Fungi Beasts","floor":10.0,"turns":4.0},{"damage":24.0,"enemies":"Gremlin Nob","floor":11.0,"turns":4.0},{"damage":14.0,"enemies":"3 Louse","floor":12.0,"turns":4.0},{"damage":10,"enemies":"3 Sentries","floor":14,"turns":5}],"green_key_taken_log":11,"seed_played":"-1703668322292840482","neow_bonus_log":{"cardsObtained":[],"cardsUpgraded":[],"cardsRemoved":[],"cardsTransformed":[],"relicsObtained":["Ice Cream"],"maxHpGained":0,"goldGained":0,"damageTaken":0,"goldLost":0,"maxHpLost":7},"potions_obtained":[{"floor":1.0,"key":"DistilledChaos"},{"floor":5.0,"key":"Weak Potion"},{"floor":7.0,"key":"SmokeBomb"},{"floor":11.0,"key":"BlessingOfTheForge"},{"floor":12.0,"key":"Block Potion"}],"is_trial":false,"path_per_floor":["M","?","M","M","M","R","E","M","T","M","E","M","R","E"],"character_chosen":"IRONCLAD","items_purchased":[],"campfire_rested":0,"item_purchase_floors":[],"current_hp_per_floor":[68,68,68,68,65,65,47,35,35,38,20,12,12,8],"gold":244,"neow_bonus":"ONE_RARE_RELIC","is_prod":false,"is_daily":false,"rewards_skipped":[],"chose_seed":false,"campfire_upgraded":2,"win_rate":0,"floor_exit_playtime":[708,721,836,976,1349,1358,1840,2116,2284,2461,2715,2953,3177],"timestamp":1667337444,"path_taken":["M","?","?","M","M","R","E","M","T","M","E","M","R","E"],"build_version":"2022-10-04","purchased_purges":0,"victory":false,"max_hp_per_floor":[68,68,68,68,68,68,68,68,68,68,68,68,68,68],"card_choices":[{"not_picked":["Havoc","Twin Strike"],"picked":"Hemokinesis","floor":1.0},{"not_picked":["Sword Boomerang","Pummel"],"picked":"Rampage","floor":3.0},{"not_picked":["Armaments","Sword Boomerang"],"picked":"Disarm","floor":4.0},{"not_picked":["Sword Boomerang","Heavy Blade"],"picked":"Pommel Strike","floor":5.0},{"not_picked":["Thunderclap","Sever Soul"],"picked":"Anger","floor":7.0},{"not_picked":["Clash","Twin Strike","Second Wind"],"picked":"SKIP","floor":8.0},{"not_picked":["Twin Strike","Sword Boomerang"],"picked":"Uppercut","floor":10.0},{"not_picked":["Twin Strike","Cleave"],"picked":"Spot Weakness","floor":11.0},{"not_picked":["Havoc","True Grit","Warcry"],"picked":"SKIP","floor":12.0}],"player_experience":288638,"relics_obtained":[{"floor":7.0,"key":"Bottled Flame"},{"floor":9.0,"key":"Vajra"},{"floor":11.0,"key":"Ancient Tea Set"}],"event_choices":[{"cards_removed":["Strike_R"],"damage_healed":0.0,"max_hp_gain":0.0,"max_hp_loss":0.0,"gold_gain":0.0,"event_name":"The Cleric","player_choice":"Card Removal","floor":2.0,"gold_loss":75.0,"damage_taken":0.0}],"is_beta":false,"boss_relics":[],"items_purged_floors":[],"is_endless":false,"potions_floor_spawned":[1,5,7,11,12],"killed_by":"3 Sentries","ascension_level":20,"potion_discard_per_floor":[[],[],[],[],[],[],[],[],[],[],[],["SmokeBomb"],[],[]]}