{"neow_bonuses_skipped_log":["REMOVE_CARD","HUNDRED_GOLD","BOSS_RELIC"],"potions_obtained_entropic_brew":[[],[],[],[],[],[],[],[],[],[],[],[],[],[],[],[],[],[],[],[],[],[],[],[],[],[],[],[],[],[],[],[],[],[],[],[],[],[],[],[],[],[],[],[],[],[],[],[],[],[],[],[],[],[],[],[],[]],"neow_costs_skipped_log":["NONE","NONE","NONE"],"gold_per_floor":[117,133,150,115,130,130,143,143,143,143,169,181,210,42,42,116,116,135,150,170,170,185,219,232,252,252,265,291,305,322,336,336,409,409,425,440,75,100,113,144,144,154,154,166,178,193,209,236,236,236,236,236,236,28,59,59],"floor_reached":57,"playtime":11913,"items_purged":["Strike_R"],"score":2931,"play_id":"bf47dfd1-8381-4875-a7ab-4429a53ce305","local_time":"20221029152600","score_breakdown":["Floors Climbed (57): 285","Enemies Slain (24): 48","Exordium Elites Killed (2): 20","City Elites Killed (2): 40","Beyond Elites Killed (2): 60","Bosses Slain (5): 750","Librarian: 25","Stuffed: 50","Champion (2): 50","Overkill: 25","C-c-c-combo: 25","Ascension (20): 1303","Heartbreaker: 250"],"is_ascension_mode":true,"potions_obtained_alchemize":[[],[],[],[],[],[],[],[],[],[],[],[],[],[],[],[],[],[],[],[],[],[],[],[],[],[],[],[],[],[],[],[],[],[],[],[],[],[],[],[],[],[],[],[],[],[],[],[],[],[],[],[],[],[],[],[],[]],"campfire_choices":[{"data":"Body Slam","floor":6,"key":"SMITH"},{"data":"Armaments","floor":8,"key":"SMITH"},{"data":"Combust","floor":10,"key":"SMITH"},{"data":"Whirlwind","floor":15,"key":"SMITH"},{"data":"Power Through","floor":32,"key":"SMITH"},{"floor":49,"key":"RECALL"},{"floor":53,"key":"REST"}],"lesson_learned_per_floor":[[],[],[],[],[],[],[],[],[],[],[],[],[],[],[],[],[],[],[],[],[],[],[],[],[],[],[],[],[],[],[],[],[],[],[],[],[],[],[],[],[],[],[],[],[],[],[],[],[],[],[],[],[],[],[],[],[]],"neow_cost":"PERCENT_DAMAGE","improvable_cards":{},"seed_source_timestamp":143955021075300,"shop_contents":[{"floor":14,"relics":["Nunchaku","Dream Catcher","Lee\u0027s Waffle"],"cards":["Pommel Strike","Heavy Blade","Havoc+1","Rupture","Discovery+1","Apotheosis+1"],"potions":["FearPotion","Block Potion","EntropicBrew"]},{"floor":37,"relics":["Mango","Cauldron"],"cards":["Wild Strike","Uppercut","Armaments+1","Juggernaut","Mind Blast","Metamorphosis+1"],"potions":["Block Potion","SmokeBomb","Dexterity Potion"]},{"floor":54,"relics":["Orichalcum","Chemical X"],"cards":["Pommel Strike","Hemokinesis","Armaments+1","Metallicize","Flash of Steel","Apotheosis+1"],"potions":["PowerPotion","SteroidPotion","GamblersBrew"]}],"circlet_count":0,"master_deck":["AscendersBane","Strike_R","Strike_R","Defend_R","Defend_R","Defend_R","Defend_R","Bash","Power Through+1","Body Slam+1","Combust+1","Armaments+1","Evolve","Whirlwind+1","Second Wind+1","Impervious+1","Feed","Carnage","Spot Weakness+1","Flame Barrier+1","Reaper","Disarm+1","Disarm+1","Dark Embrace","Dual Wield+1","Corruption","Bloodletting+1","Heavy Blade+1","Shrug It Off+1","Limit Break+1","Shrug It Off+1","Feel No Pain","PanicButton+1","Dark Shackles+1","Deep Breath+1","Feel No Pain","Burning Pact+1","Shrug It Off+1"],"potion_use_per_floor":[[],[],[],[],[],[],[],[],[],[],[],[],["HeartOfIron"],[],[],[],[],[],["Fire Potion"],[],[],[],["PowerPotion"],[],[],[],[],[],[],[],[],[],["LiquidMemories"],[],[],[],[],[],[],["SkillPotion"],[],[],[],["Block Potion"],[],[],[],[],[],[],[],[],[],[],[],["SteroidPotion"],[]],"relics":["Burning Blood","Toxic Egg 2","Ornamental Fan","Self Forming Clay","Snecko Eye","Potion Belt","Oddly Smooth Stone","Fusion Hammer","Sundial","Lizard Tail","Ancient Tea Set","Torii","Centennial Puzzle","Red Skull"],"potions_floor_usage":[13,19,23,33,40,44,56],"damage_taken":[{"damage":1,"enemies":"2 Louse","floor":1,"turns":3},{"damage":21,"enemies":"Jaw Worm","floor":2,"turns":7},{"damage":1,"enemies":"Cultist","floor":3,"turns":4},{"damage":13,"enemies":"2 Fungi Beasts","floor":5,"turns":6},{"damage":12,"enemies":"3 Louse","floor":7,"turns":4},{"damage":19,"enemies":"Lagavulin","floor":11,"turns":8},{"damage":3,"enemies":"Blue Slaver","floor":12,"turns":4},{"damage":4,"enemies":"3 Sentries","floor":13,"turns":4},{"damage":15,"enemies":"The Guardian","floor":16,"turns":12},{"damage":8,"enemies":"2 Thieves","floor":18,"turns":5},{"damage":7,"enemies":"Spheric Guardian","floor":19,"turns":4},{"damage":6,"enemies":"3 Cultists","floor":20,"turns":4},{"damage":15,"enemies":"Snecko","floor":22,"turns":10},{"damage":16,"enemies":"Book of Stabbing","floor":23,"turns":5},{"damage":13,"enemies":"Cultist and Chosen","floor":24,"turns":6},{"damage":14,"enemies":"Snake Plant","floor":25,"turns":5},{"damage":25,"enemies":"Centurion and Healer","floor":27,"turns":6},{"damage":51,"enemies":"Slavers","floor":28,"turns":11},{"damage":15,"enemies":"3 Cultists","floor":29,"turns":5},{"damage":6,"enemies":"Snecko","floor":30,"turns":6},{"damage":29,"enemies":"Sentry and Sphere","floor":31,"turns":8},{"damage":141,"enemies":"Champ","floor":33,"turns":24},{"damage":7,"enemies":"Orb Walker","floor":35,"turns":3},{"damage":0,"enemies":"3 Darklings","floor":36,"turns":5},{"damage":6,"enemies":"Mind Bloom Boss Battle","floor":38,"turns":5},{"damage":4,"enemies":"Writhing Mass","floor":39,"turns":5},{"damage":56,"enemies":"Reptomancer","floor":40,"turns":7},{"damage":25,"enemies":"Jaw Worm Horde","floor":42,"turns":6},{"damage":89,"enemies":"Spire Growth","floor":44,"turns":9},{"damage":21,"enemies":"Sphere and 2 Shapes","floor":45,"turns":5},{"damage":3,"enemies":"Maw","floor":46,"turns":7},{"damage":3,"enemies":"3 Darklings","floor":47,"turns":5},{"damage":11,"enemies":"Giant Head","floor":48,"turns":5},{"damage":10,"enemies":"Time Eater","floor":50,"turns":9},{"damage":56,"enemies":"Awakened One","floor":51,"turns":10},{"damage":3,"enemies":"Shield and Spear","floor":55,"turns":6},{"damage":104,"enemies":"The Heart","floor":56,"turns":9}],"green_key_taken_log":48,"seed_played":"-4467161905968537736","neow_bonus_log":{"cardsObtained":[],"cardsUpgraded":[],"cardsRemoved":["Strike_R","Strike_R"],"cardsTransformed":[],"relicsObtained":[],"maxHpGained":0,"goldGained":0,"damageTaken":18,"goldLost":0,"maxHpLost":0},"potions_obtained":[{"floor":2,"key":"HeartOfIron"},{"floor":5,"key":"ColorlessPotion"},{"floor":7,"key":"PowerPotion"},{"floor":16,"key":"SpeedPotion"},{"floor":18,"key":"Fire Potion"},{"floor":22,"key":"SteroidPotion"},{"floor":23,"key":"AttackPotion"},{"floor":24,"key":"SkillPotion"},{"floor":28,"key":"ElixirPotion"},{"floor":31,"key":"LiquidMemories"},{"floor":35,"key":"Block Potion"},{"floor":40,"key":"BloodPotion"},{"floor":45,"key":"DistilledChaos"}],"is_trial":false,"path_per_floor":["M","M","M","?","M","R","M","R","T","R","E","M","E","$","R","B",null,"M","M","M","?","M","E","M","M","T","M","E","M","M","M","R","B",null,"M","M","$","?","M","E","?","M","T","M","M","M","M","E","R","B","B",null,"R","$","E","B",null],"character_chosen":"IRONCLAD","items_purchased":["Impervious+1","Shrug It Off+1","Sundial","Centennial Puzzle","Shrug It Off+1"],"campfire_rested":1,"item_purchase_floors":[14,37,37,54,54],"current_hp_per_floor":[55,40,45,63,56,56,50,50,50,50,37,40,42,42,42,33,65,63,65,68,68,71,69,74,74,74,74,41,51,63,49,49,39,92,94,115,115,119,122,98,88,81,81,95,128,141,145,149,149,148,128,154,163,163,170,89],"gold":59,"neow_bonus":"REMOVE_TWO","is_prod":false,"is_daily":false,"rewards_skipped":[{"floor":12,"relics":[],"potions":["PowerPotion"]},{"floor":36,"relics":[],"potions":["AttackPotion"]},{"floor":43,"relics":["Bottled Flame"],"potions":[]}],"chose_seed":false,"campfire_upgraded":5,"win_rate":0,"floor_exit_playtime":[556,923,1002,1250,1448,1455,1612,1619,1669,1678,1898,2088,2318,2431,2450,2759,3265,3478,3661,3795,3856,4148,4299,4459,4584,4606,4763,5083,5194,5289,5574,5662,6835,7000,7101,7283,7471,7732,7844,8273,8392,8686,8750,9251,9465,9694,9841,10094,10099,10547,11059,11077,11082,11158,11512,11913],"timestamp":1667071560,"blue_key_relic_skipped_log":{"floor":26,"relicID":"Mercury Hourglass"},"path_taken":["M","M","M","?","M","R","M","R","T","R","E","M","E","$","R","BOSS","M","M","M","?","M","E","M","M","T","M","E","?","M","M","R","BOSS","M","M","$","?","M","E","?","M","T","M","?","M","M","E","R","BOSS","BOSS","R","$","E","BOSS"],"build_version":"2022-10-04","purchased_purges":1,"victory":true,"max_hp_per_floor":[75,75,75,75,75,75,75,75,75,75,75,75,75,75,75,75,75,75,78,81,81,84,84,88,91,91,94,97,101,105,109,109,109,109,112,115,115,119,122,126,126,130,130,134,137,141,145,149,149,152,163,163,163,163,170,170],"card_choices":[{"not_picked":["Cleave","Armaments","Thunderclap"],"picked":"SKIP","floor":1},{"not_picked":["Sword Boomerang","Thunderclap"],"picked":"Power Through","floor":2},{"not_picked":["Warcry","Cleave"],"picked":"Body Slam","floor":3},{"not_picked":["True Grit","Clothesline"],"picked":"Combust","floor":5},{"not_picked":["Reckless Charge","Warcry"],"picked":"Armaments","floor":7},{"not_picked":["Infernal Blade+1","Bloodletting+1"],"picked":"Evolve","floor":11},{"not_picked":["Burning Pact+1","Perfected Strike"],"picked":"Whirlwind","floor":12},{"not_picked":["Combust","Dual Wield+1"],"picked":"Second Wind+1","floor":13},{"not_picked":["Exhume+1","Demon Form"],"picked":"Feed","floor":16},{"not_picked":["Ghostly Armor+1","Intimidate+1"],"picked":"Carnage","floor":18},{"not_picked":["True Grit+1","Twin Strike"],"picked":"Spot Weakness+1","floor":19},{"not_picked":["Pommel Strike","Flex+1"],"picked":"Flame Barrier+1","floor":20},{"not_picked":["Combust","Thunderclap","Armaments+1","Body Slam","Shrug It Off+1","Anger","Iron Wave","Sword Boomerang","Cleave","Entrench+1","Spot Weakness+1","Headbutt","Pommel Strike","True Grit+1","Metallicize","Clash","Twin Strike","Havoc+1","Evolve"],"picked":"Reaper","floor":21},{"not_picked":["Sword Boomerang","Iron Wave","Hemokinesis"],"picked":"SKIP","floor":22},{"not_picked":["Inflame","Pommel Strike"],"picked":"Disarm+1","floor":23},{"not_picked":["Evolve","Warcry+1","Sword Boomerang"],"picked":"SKIP","floor":24},{"not_picked":["Evolve","Warcry+1","Sword Boomerang"],"picked":"SKIP","floor":24},{"not_picked":["Shrug It Off+1","Pommel Strike"],"picked":"Disarm+1","floor":25},{"not_picked":["Clothesline","Wild Strike","Clash"],"picked":"SKIP","floor":27},{"not_picked":["Twin Strike","Flame Barrier+1"],"picked":"Dark Embrace","floor":28},{"not_picked":["Body Slam","Headbutt"],"picked":"Dual Wield+1","floor":29},{"not_picked":["Perfected Strike","Cleave","Twin Strike+1"],"picked":"SKIP","floor":30},{"not_picked":["Anger","Cleave","Pommel Strike"],"picked":"SKIP","floor":31},{"not_picked":["Exhume+1","Brutality"],"picked":"Corruption","floor":33},{"not_picked":["Twin Strike","Warcry+1"],"picked":"Bloodletting+1","floor":35},{"not_picked":["Armaments+1","Rampage"],"picked":"Heavy Blade+1","floor":36},{"not_picked":["True Grit+1","Headbutt"],"picked":"Limit Break+1","floor":38},{"not_picked":["Flex+1","Armaments+1"],"picked":"Shrug It Off+1","floor":39},{"not_picked":["Armaments+1","Hemokinesis"],"picked":"Feel No Pain","floor":40},{"not_picked":["Flash of Steel","Impatience+1"],"picked":"PanicButton+1","floor":41},{"not_picked":["Metamorphosis+1","Deep Breath+1"],"picked":"Dark Shackles+1","floor":41},{"not_picked":["Jack Of All Trades+1","Madness+1"],"picked":"Deep Breath+1","floor":41},{"not_picked":["Havoc+1","Warcry+1"],"picked":"Feel No Pain","floor":42},{"not_picked":["Rupture","Armaments+1"],"picked":"Burning Pact+1","floor":44},{"not_picked":["Uppercut","Flex+1","Havoc+1"],"picked":"SKIP","floor":45},{"not_picked":["Blood for Blood","Rupture","Perfected Strike+1"],"picked":"SKIP","floor":46},{"not_picked":["Havoc+1","Warcry+1","Clash"],"picked":"SKIP","floor":47},{"not_picked":["Cleave+1","Clash","Juggernaut"],"picked":"SKIP","floor":48},{"not_picked":["Searing Blow","True Grit+1","Iron Wave+1"],"picked":"SKIP","floor":55}],"player_experience":260476,"relics_obtained":[{"floor":9,"key":"Toxic Egg 2"},{"floor":11,"key":"Ornamental Fan"},{"floor":13,"key":"Self Forming Clay"},{"floor":23,"key":"Potion Belt"},{"floor":28,"key":"Oddly Smooth Stone"},{"floor":38,"key":"Lizard Tail"},{"floor":40,"key":"Ancient Tea Set"},{"floor":48,"key":"Torii"},{"floor":55,"key":"Red Skull"}],"event_choices":[{"damage_healed":18,"gold_gain":0,"player_choice":"Healed","damage_taken":0,"max_hp_gain":0,"max_hp_loss":0,"event_name":"The Cleric","floor":4,"gold_loss":35},{"damage_healed":0,"gold_gain":0,"player_choice":"Read","damage_taken":0,"max_hp_gain":0,"max_hp_loss":0,"event_name":"The Library","floor":21,"gold_loss":0,"cards_obtained":["Reaper"]},{"damage_healed":0,"gold_gain":0,"player_choice":"Fight","damage_taken":0,"max_hp_gain":0,"max_hp_loss":0,"event_name":"MindBloom","floor":38,"gold_loss":0},{"damage_healed":0,"gold_gain":0,"player_choice":"Memory 3","damage_taken":10,"max_hp_gain":0,"max_hp_loss":0,"event_name":"SensoryStone","floor":41,"gold_loss":0}],"is_beta":false,"boss_relics":[{"not_picked":["Black Star","Mark of Pain"],"picked":"Snecko Eye"},{"not_picked":["Cursed Key","Runic Cube"],"picked":"Fusion Hammer"}],"items_purged_floors":[37],"is_endless":false,"potions_floor_spawned":[2,5,7,12,16,18,22,23,24,28,31,35,36,40,45],"ascension_level":20,"potion_discard_per_floor":[[],[],[],[],[],[],["ColorlessPotion"],[],[],[],[],[],[],[],[],[],[],["SpeedPotion"],[],[],[],[],[],[],[],[],[],[],[],[],["AttackPotion"],[],[],[],[],[],[],[],[],[],[],[],[],[],[],[],[],[],[],[],[],[],[],[],[],[],[]]}