{"neow_bonuses_skipped_log":["ONE_RANDOM_RARE_CARD","THREE_SMALL_POTIONS","BOSS_RELIC"],"neow_costs_skipped_log":["NONE","NONE","NONE"],"potions_obtained_entropic_brew":[[],[],[],[],[],[],[],[],[],[],[],[],[],[],[],[],[],[],[],[],[],[],[],[],[],[],[],[],[],[],[],[],[],[],[],[],[],[],[],[],[],[],[],[],[],[],[],[],[],[],[],[],[],[],[],[],[]],"gold_per_floor":[368,368,383,399,399,433,448,448,528,547,560,596,480,516,516,609,609,627,202,202,45,58,98,98,138,138,153,173,189,220,236,236,327,327,347,347,347,415,415,415,448,468,468,499,187,212,212,226,226,226,226,226,226,0,36,36],"floor_reached":57,"playtime":11250,"items_purged":["Strike_R","Bash","Twin Strike"],"score":3059,"play_id":"337474a4-18d8-41f2-810e-358aefc77c65","local_time":"20221030162552","score_breakdown":["Floors Climbed (57): 285","Enemies Slain (16): 32","Exordium Elites Killed (3): 30","City Elites Killed (3): 60","Beyond Elites Killed (2): 60","Bosses Slain (5): 750","Money Money (1173): 25","Stuffed: 50","Champion (3): 75","Perfect (1): 50","C-c-c-combo: 25","Ascension (20): 1367","Heartbreaker: 250"],"is_ascension_mode":true,"potions_obtained_alchemize":[[],[],[],[],[],[],[],[],[],[],[],[],[],[],[],[],[],[],[],[],[],[],[],[],[],[],[],[],[],[],[],[],[],[],[],[],[],[],[],[],[],[],[],[],[],[],[],[],[],[],[],[],[],[],[],[],[]],"campfire_choices":[{"data":"Fiend Fire","floor":15,"key":"SMITH"},{"data":"Offering","floor":24,"key":"SMITH"},{"data":"Armaments","floor":32,"key":"SMITH"},{"floor":40,"key":"REST"},{"floor":47,"key":"RECALL"},{"floor":49,"key":"REST"},{"floor":53,"key":"REST"}],"lesson_learned_per_floor":[[],[],[],[],[],[],[],[],[],[],[],[],[],[],[],[],[],[],[],[],[],[],[],[],[],[],[],[],[],[],[],[],[],[],[],[],[],[],[],[],[],[],[],[],[],[],[],[],[],[],[],[],[],[],[],[],[]],"neow_cost":"TEN_PERCENT_HP_LOSS","improvable_cards":{},"seed_source_timestamp":234577659039200,"shop_contents":[{"floor":13,"relics":["CeramicFish","WingedGreaves","Strange Spoon"],"cards":["Searing Blow","Bludgeon","Warcry","Fire Breathing","Blind","Sadistic Nature"],"potions":["PowerPotion","Weak Potion","Strength Potion"]},{"floor":19,"relics":["Singing Bowl","PrismaticShard"],"cards":["Clothesline","Feed","Havoc","Ghostly Armor","Evolve","Blind","The Bomb"],"potions":["LiquidBronze","LiquidMemories","SpeedPotion"]},{"floor":21,"relics":["Shuriken","HornCleat"],"cards":["Reaper","Body Slam","Armaments","Warcry","Fire Breathing","Bandage Up","HandOfGreed"],"potions":["LiquidMemories","FearPotion","EntropicBrew"]},{"floor":45,"relics":["Whetstone"],"cards":["Whirlwind","Searing Blow","Ghostly Armor","Warcry","Dramatic Entrance","HandOfGreed"],"potions":["BloodPotion","SkillPotion"]},{"floor":54,"relics":["Boot"],"cards":["Perfected Strike","Iron Wave","Warcry","Shrug It Off","Fire Breathing","Mind Blast","Thinking Ahead"],"potions":["SteroidPotion","Ancient Potion","Strength Potion"]}],"circlet_count":0,"master_deck":["AscendersBane","Carnage+1","Armaments+1","Inflame","Shrug It Off","Feed","Shockwave","Fiend Fire+1","Offering+1","Double Tap","Fiend Fire","Demon Form","Metallicize","Ghostly Armor","Clothesline","Thunderclap","Warcry","Seeing Red","Exhume","Shrug It Off","Second Wind","Rage+1","Offering","Finesse","Madness","Shrug It Off","Pommel Strike+1","Feel No Pain","Shockwave","Disarm"],"potion_use_per_floor":[[],[],[],[],[],["ColorlessPotion"],[],[],[],[],[],[],[],[],[],[],[],[],[],[],[],[],["Explosive Potion"],[],[],[],["Fire Potion"],[],[],["BlessingOfTheForge"],[],[],[],[],[],[],[],[],[],[],[],[],[],[],[],[],[],[],[],[],[],[],[],[],[],["PowerPotion"],[]],"relics":["Burning Blood","Bag of Marbles","Golden Idol","Question Card","War Paint","Tiny Chest","Pandora\u0027s Box","Thread and Needle","Toolbox","Ancient Tea Set","Calipers","Pantograph","Regal Pillow","Fusion Hammer","FossilizedHelix","Mercury Hourglass","Sundial","Pear","Membership Card","Lantern","ClockworkSouvenir","Happy Flower","Magic Flower"],"potions_floor_usage":[6,23,27,30,56],"damage_taken":[{"damage":4,"enemies":"Jaw Worm","floor":1,"turns":4},{"damage":7,"enemies":"Small Slimes","floor":3,"turns":4},{"damage":1,"enemies":"Cultist","floor":4,"turns":3},{"damage":22,"enemies":"3 Sentries","floor":6,"turns":8},{"damage":0,"enemies":"Blue Slaver","floor":7,"turns":1},{"damage":6,"enemies":"Exordium Wildlife","floor":10,"turns":4},{"damage":10,"enemies":"3 Louse","floor":11,"turns":4},{"damage":8,"enemies":"Gremlin Nob","floor":12,"turns":3},{"damage":14,"enemies":"3 Sentries","floor":14,"turns":8},{"damage":28,"enemies":"Slime Boss","floor":16,"turns":10},{"damage":0,"enemies":"Chosen","floor":18,"turns":3},{"damage":6,"enemies":"3 Byrds","floor":22,"turns":4},{"damage":21,"enemies":"Gremlin Leader","floor":23,"turns":5},{"damage":6,"enemies":"Book of Stabbing","floor":25,"turns":2},{"damage":4,"enemies":"Shelled Parasite and Fungi","floor":27,"turns":5},{"damage":32,"enemies":"Sentry and Sphere","floor":28,"turns":9},{"damage":8,"enemies":"Snecko","floor":29,"turns":4},{"damage":6,"enemies":"Gremlin Leader","floor":30,"turns":4},{"damage":15,"enemies":"Snake Plant","floor":31,"turns":4},{"damage":66,"enemies":"Champ","floor":33,"turns":12},{"damage":13,"enemies":"3 Darklings","floor":35,"turns":5},{"damage":24,"enemies":"2 Orb Walkers","floor":38,"turns":4},{"damage":6,"enemies":"Nemesis","floor":41,"turns":3},{"damage":0,"enemies":"3 Shapes","floor":42,"turns":4},{"damage":44,"enemies":"Reptomancer","floor":44,"turns":6},{"damage":9,"enemies":"Sphere and 2 Shapes","floor":46,"turns":6},{"damage":12,"enemies":"Writhing Mass","floor":48,"turns":5},{"damage":12,"enemies":"Awakened One","floor":50,"turns":4},{"damage":100,"enemies":"Time Eater","floor":51,"turns":13},{"damage":24,"enemies":"Shield and Spear","floor":55,"turns":8},{"damage":23,"enemies":"The Heart","floor":56,"turns":7}],"green_key_taken_log":14,"seed_played":"650248065628070639","neow_bonus_log":{"cardsObtained":[],"cardsUpgraded":[],"cardsRemoved":[],"cardsTransformed":[],"relicsObtained":[],"maxHpGained":0,"goldGained":250,"damageTaken":0,"goldLost":0,"maxHpLost":7},"potions_obtained":[{"floor":3,"key":"ColorlessPotion"},{"floor":11,"key":"Explosive Potion"},{"floor":12,"key":"Fire Potion"},{"floor":25,"key":"Block Potion"},{"floor":28,"key":"BlessingOfTheForge"},{"floor":41,"key":"Energy Potion"}],"is_trial":false,"path_per_floor":["M","?","M","M","?","E","M","?","T","M","M","E","$","E","R","B",null,"M","$","?","$","M","E","R","E","T","M","M","M","E","M","R","B",null,"M","T","?","?","?","R","E","M","T","E","$","M","R","M","R","B","B",null,"R","$","E","B",null],"character_chosen":"IRONCLAD","items_purchased":["Shockwave","Thread and Needle","Toolbox","Membership Card","Lantern","Feel No Pain","PowerPotion","ClockworkSouvenir","Happy Flower"],"campfire_rested":3,"item_purchase_floors":[13,19,21,45,45,45,45,54,54],"current_hp_per_floor":[68,73,72,73,73,57,63,63,63,63,59,57,57,52,52,33,62,68,68,68,68,71,56,56,59,59,67,49,51,55,49,49,18,85,82,82,72,54,54,100,100,112,112,88,88,93,93,90,137,134,49,120,143,143,133,137],"gold":36,"neow_bonus":"TWO_FIFTY_GOLD","is_prod":false,"is_daily":false,"rewards_skipped":[{"floor":18,"relics":[],"potions":["BlessingOfTheForge"]},{"floor":22,"relics":[],"potions":["ColorlessPotion"]}],"chose_seed":false,"campfire_upgraded":3,"win_rate":0,"floor_exit_playtime":[487,539,712,871,924,1297,1319,1442,1545,1696,1877,1923,2570,2761,2830,3383,3943,4084,4199,4275,4357,4557,5111,5123,5302,5312,5590,6120,6341,6694,6791,6813,7210,7468,7743,7759,7980,8149,8169,8176,8311,8506,8527,8853,9112,9319,9324,9642,9646,10050,10428,10442,10447,10497,10930,11250],"timestamp":1667161552,"blue_key_relic_skipped_log":{"floor":36,"relicID":"Bottled Flame"},"path_taken":["M","?","M","M","?","E","M","?","T","M","?","E","$","E","R","BOSS","M","$","?","?","M","E","R","E","T","?","M","M","E","M","R","BOSS","M","?","?","?","?","R","E","M","T","E","$","M","R","M","R","BOSS","BOSS","R","$","E","BOSS"],"build_version":"2022-10-04","purchased_purges":3,"victory":true,"max_hp_per_floor":[68,73,73,73,73,73,73,66,66,66,66,66,66,69,69,72,72,72,72,72,72,75,75,75,78,78,84,92,96,100,103,103,107,107,111,111,111,111,105,105,105,112,112,126,126,134,134,137,137,140,143,143,143,143,151,151],"card_choices":[{"not_picked":["Flame Barrier","Sword Boomerang"],"picked":"Carnage","floor":1},{"not_picked":["Iron Wave","Clothesline"],"picked":"Armaments","floor":3},{"not_picked":["Second Wind","Sever Soul","Entrench"],"picked":"SKIP","floor":4},{"not_picked":["Sever Soul","Second Wind"],"picked":"Inflame","floor":6},{"not_picked":["Thunderclap","Sword Boomerang"],"picked":"Shrug It Off","floor":7},{"not_picked":["Cleave","Perfected Strike","Dual Wield","Clothesline"],"picked":"SKIP","floor":10},{"not_picked":["Iron Wave","Shrug It Off","Cleave"],"picked":"Twin Strike","floor":11},{"not_picked":["Perfected Strike","Entrench","Clothesline"],"picked":"Feed","floor":12},{"not_picked":["Shrug It Off","Reckless Charge","Twin Strike"],"picked":"Fiend Fire","floor":14},{"not_picked":["Brutality","Juggernaut","Immolate"],"picked":"Offering","floor":16},{"not_picked":["Pommel Strike","Perfected Strike","Clothesline","Flame Barrier"],"picked":"SKIP","floor":18},{"not_picked":["Twin Strike","Blood for Blood","Clash"],"picked":"Seeing Red","floor":22},{"not_picked":["Twin Strike","Rampage","Sword Boomerang","Body Slam"],"picked":"SKIP","floor":23},{"not_picked":["Pommel Strike","Clothesline","Headbutt"],"picked":"Exhume","floor":25},{"not_picked":["Perfected Strike+1","Iron Wave","Heavy Blade"],"picked":"Shrug It Off","floor":27},{"not_picked":["Pommel Strike","Limit Break","Warcry","Dual Wield"],"picked":"SKIP","floor":28},{"not_picked":["Clash","Armaments","Havoc"],"picked":"Second Wind","floor":29},{"not_picked":["Shrug It Off","Fire Breathing","Thunderclap"],"picked":"Rage+1","floor":30},{"not_picked":["Body Slam","Second Wind","Clash+1","Wild Strike"],"picked":"SKIP","floor":31},{"not_picked":["Limit Break","Double Tap","Exhume"],"picked":"Offering","floor":33},{"not_picked":["Sever Soul","Second Wind","Flame Barrier","Heavy Blade"],"picked":"SKIP","floor":35},{"not_picked":["Mind Blast","Jack Of All Trades","PanicButton"],"picked":"Finesse","floor":37},{"not_picked":["Chrysalis","The Bomb","Purity"],"picked":"Madness","floor":37},{"not_picked":["Magnetism","Good Instincts","Swift Strike","Bandage Up"],"picked":"SKIP","floor":37},{"not_picked":["Dual Wield+1","Thunderclap","Metallicize+1"],"picked":"Shrug It Off","floor":38},{"not_picked":["Armaments","Headbutt","Limit Break"],"picked":"Pommel Strike+1","floor":41},{"not_picked":["Headbutt","Inflame","Twin Strike","Metallicize+1"],"picked":"SKIP","floor":42},{"not_picked":["Rage","Thunderclap+1","Havoc","Clash"],"picked":"SKIP","floor":44},{"not_picked":["Fire Breathing","Searing Blow","Bloodletting"],"picked":"Shockwave","floor":46},{"not_picked":["Second Wind","Rage+1","Thunderclap","Heavy Blade"],"picked":"SKIP","floor":48},{"not_picked":["Twin Strike","Reckless Charge","Second Wind"],"picked":"Disarm","floor":55}],"player_experience":277388,"relics_obtained":[{"floor":6,"key":"Bag of Marbles"},{"floor":9,"key":"Question Card"},{"floor":12,"key":"War Paint"},{"floor":14,"key":"Tiny Chest"},{"floor":23,"key":"Ancient Tea Set"},{"floor":25,"key":"Calipers"},{"floor":26,"key":"Pantograph"},{"floor":30,"key":"Regal Pillow"},{"floor":38,"key":"FossilizedHelix"},{"floor":41,"key":"Mercury Hourglass"},{"floor":43,"key":"Sundial"},{"floor":44,"key":"Pear"},{"floor":55,"key":"Magic Flower"}],"event_choices":[{"damage_healed":0,"gold_gain":0,"player_choice":"Donut","damage_taken":0,"max_hp_gain":5,"max_hp_loss":0,"event_name":"Big Fish","floor":2,"gold_loss":0},{"damage_healed":0,"gold_gain":0,"player_choice":"Grow","damage_taken":0,"max_hp_gain":0,"max_hp_loss":0,"event_name":"Living Wall","floor":5,"gold_loss":0,"cards_upgraded":["Carnage"]},{"damage_healed":0,"gold_gain":0,"player_choice":"Lose Max HP","damage_taken":0,"relics_obtained":["Golden Idol"],"max_hp_gain":0,"max_hp_loss":7,"event_name":"Golden Idol","floor":8,"gold_loss":0},{"damage_healed":0,"gold_gain":0,"cards_transformed":["Sever Soul"],"player_choice":"Transformed","damage_taken":0,"max_hp_gain":0,"max_hp_loss":0,"event_name":"Transmorgrifier","floor":20,"gold_loss":0,"cards_obtained":["Warcry"]},{"damage_healed":0,"gold_gain":0,"player_choice":"Memory 3","damage_taken":10,"max_hp_gain":0,"max_hp_loss":0,"event_name":"SensoryStone","floor":37,"gold_loss":0},{"damage_healed":0,"gold_gain":0,"player_choice":"Fight","damage_taken":0,"max_hp_gain":0,"max_hp_loss":0,"event_name":"Mysterious Sphere","floor":38,"gold_loss":0},{"damage_healed":0,"gold_gain":0,"player_choice":"Max HP","damage_taken":0,"max_hp_gain":0,"max_hp_loss":6,"event_name":"Winding Halls","floor":39,"gold_loss":0}],"is_beta":false,"boss_relics":[{"not_picked":["Philosopher\u0027s Stone","Calling Bell"],"picked":"Pandora\u0027s Box"},{"not_picked":["Black Blood","Mark of Pain"],"picked":"Fusion Hammer"}],"items_purged_floors":[13,19,54],"is_endless":false,"potions_floor_spawned":[3,11,12,18,22,25,28,41],"ascension_level":20,"potion_discard_per_floor":[[],[],[],[],[],[],[],[],[],[],[],[],[],[],[],[],[],[],[],[],[],[],[],[],[],[],[],[],[],[],[],[],[],[],[],[],[],[],[],[],[],[],[],[],["Block Potion"],[],[],[],[],[],[],[],[],[],[],[],[]]}