{"neow_bonuses_skipped_log":["RANDOM_COLORLESS","THREE_SMALL_POTIONS","BOSS_RELIC"],"neow_costs_skipped_log":["NONE","NONE","NONE"],"potions_obtained_entropic_brew":[[],[],[],[],[],[],[],[],[],[],[],[],[],[],[],[],[],[],[],[],[],[],[],[],[],[],[],[],[],[],[],[],[],[],[],[],[],[],[],[],[],[],[],[],[],[],[],[],[],[],[],[],[],[],[],[],[]],"gold_per_floor":[118,129,142,217,236,236,271,271,271,304,281,349,394,417,429,515,527,554,566,242,272,272,301,301,328,328,346,361,387,44,60,60,135,135,153,165,185,185,234,234,267,284,309,341,353,421,230,264,264,264,264,264,264,2,32,32],"floor_reached":57,"playtime":8368,"items_purged":["Writhe","Anger"],"score":2886,"play_id":"b65cedd1-a50f-480c-9325-bf2f84622bd4","local_time":"20221108232923","falling_options_log":["Feed","Corruption"],"score_breakdown":["Floors Climbed (57): 285","Enemies Slain (14): 28","Exordium Elites Killed (3): 30","City Elites Killed (3): 60","Beyond Elites Killed (3): 90","Bosses Slain (5): 750","I Like Shiny: 50","Money Money (1100): 25","Librarian: 25","Stuffed: 50","Ascension (20): 1243","Heartbreaker: 250"],"is_ascension_mode":true,"potions_obtained_alchemize":[[],[],[],[],[],[],[],[],[],[],[],[],[],[],[],[],[],[],[],[],[],[],[],[],[],[],[],[],[],[],[],[],[],[],[],[],[],[],[],[],[],[],[],[],[],[],[],[],[],[],[],[],[],[],[],[],[]],"campfire_choices":[{"data":"Carnage","floor":6,"key":"SMITH"},{"data":"Infernal Blade","floor":8,"key":"SMITH"},{"data":"Whirlwind","floor":15,"key":"SMITH"},{"floor":24,"key":"REST"},{"data":"Pommel Strike","floor":32,"key":"SMITH"},{"data":"1","floor":40,"key":"LIFT"},{"floor":49,"key":"RECALL"},{"floor":53,"key":"REST"}],"lesson_learned_per_floor":[[],[],[],[],[],[],[],[],[],[],[],[],[],[],[],[],[],[],[],[],[],[],[],[],[],[],[],[],[],[],[],[],[],[],[],[],[],[],[],[],[],[],[],[],[],[],[],[],[],[],[],[],[],[],[],[],[]],"neow_cost":"TEN_PERCENT_HP_LOSS","improvable_cards":{},"seed_source_timestamp":503815840107800,"shop_contents":[{"floor":20,"relics":["Ginger","Bird Faced Urn"],"cards":["Reckless Charge","Perfected Strike","Flex","Brutality","Madness"],"potions":["LiquidMemories","SkillPotion","EssenceOfSteel"]},{"floor":30,"relics":["Boot"],"cards":["Dropkick","Thunderclap","True Grit","Madness","Chrysalis"],"potions":["FairyPotion","BlessingOfTheForge","DuplicationPotion"]},{"floor":47,"relics":["FossilizedHelix","StoneCalendar","Lee\u0027s Waffle"],"cards":["Pummel","Pommel Strike","Bandage Up","HandOfGreed"],"potions":["Explosive Potion","Block Potion"]},{"floor":54,"relics":["Bag of Preparation"],"cards":["Perfected Strike","Hemokinesis","Bloodletting","Feel No Pain","Mind Blast","The Bomb"],"potions":["EntropicBrew","Explosive Potion","Dexterity Potion"]}],"circlet_count":0,"master_deck":["AscendersBane","Defend_R","Defend_R","Defend_R","Defend_R","Bash","Seeing Red","Infernal Blade+1","Clothesline","Carnage+1","Whirlwind+1","Feel No Pain","Rage","Fiend Fire","Clothesline+1","Carnage+1","Rage+1","Armaments+1","Burning Pact","Secret Technique","Juggernaut","Pommel Strike+1","Corruption","Dark Embrace","Offering","Dark Embrace","Impervious","Feed","Whirlwind","Second Wind+1","Entrench","Whirlwind+1","Demon Form","Uppercut+1","Evolve","Shrug It Off","Feel No Pain","Flame Barrier","Dual Wield"],"potion_use_per_floor":[[],[],[],[],[],[],[],[],[],["Explosive Potion"],[],["BloodPotion"],[],[],[],[],[],[],[],[],[],[],["LiquidMemories"],[],["LiquidMemories"],[],[],[],[],[],[],[],["ColorlessPotion","EssenceOfSteel"],[],[],[],[],[],[],[],[],[],[],["Weak Potion"],[],[],[],[],[],[],[],[],[],[],[],["LiquidMemories"],[]],"relics":["Burning Blood","Prayer Wheel","Mercury Hourglass","MawBank","Sundial","Mango","Astrolabe","Orichalcum","Membership Card","Red Mask","Bottled Lightning","Red Skull","Paper Frog","Bottled Flame","Chemical X","Meat on the Bone","Snecko Eye","Girya","Peace Pipe","Akabeko","Question Card","Vajra","Bottled Tornado","Toolbox","Pear"],"potions_floor_usage":[10,12,23,25,33,33,44,56],"damage_taken":[{"damage":7,"enemies":"Cultist","floor":1,"turns":4},{"damage":9,"enemies":"Jaw Worm","floor":2,"turns":5},{"damage":0,"enemies":"2 Louse","floor":3,"turns":3},{"damage":9,"enemies":"Blue Slaver","floor":5,"turns":6},{"damage":25,"enemies":"Lagavulin","floor":7,"turns":6},{"damage":15,"enemies":"3 Sentries","floor":10,"turns":5},{"damage":15,"enemies":"3 Sentries","floor":12,"turns":5},{"damage":12,"enemies":"Lagavulin","floor":13,"turns":3},{"damage":4,"enemies":"Red Slaver","floor":14,"turns":5},{"damage":41,"enemies":"The Guardian","floor":16,"turns":10},{"damage":3,"enemies":"Shell Parasite","floor":18,"turns":2},{"damage":12,"enemies":"Masked Bandits","floor":21,"turns":4},{"damage":13,"enemies":"Slavers","floor":23,"turns":4},{"damage":6,"enemies":"Gremlin Leader","floor":25,"turns":4},{"damage":1,"enemies":"Spheric Guardian","floor":27,"turns":3},{"damage":0,"enemies":"Centurion and Healer","floor":28,"turns":3},{"damage":40,"enemies":"Book of Stabbing","floor":29,"turns":5},{"damage":0,"enemies":"Chosen and Byrds","floor":31,"turns":2},{"damage":40,"enemies":"Collector","floor":33,"turns":6},{"damage":0,"enemies":"3 Shapes","floor":35,"turns":3},{"damage":7,"enemies":"3 Darklings","floor":36,"turns":5},{"damage":3,"enemies":"4 Shapes","floor":37,"turns":6},{"damage":6,"enemies":"2 Orb Walkers","floor":39,"turns":2},{"damage":4,"enemies":"Giant Head","floor":41,"turns":6},{"damage":0,"enemies":"Sphere and 2 Shapes","floor":42,"turns":5},{"damage":19,"enemies":"Reptomancer","floor":44,"turns":6},{"damage":26,"enemies":"Spire Growth","floor":45,"turns":5},{"damage":9,"enemies":"Nemesis","floor":48,"turns":4},{"damage":23,"enemies":"Donu and Deca","floor":50,"turns":6},{"damage":49,"enemies":"Awakened One","floor":51,"turns":9},{"damage":25,"enemies":"Shield and Spear","floor":55,"turns":6},{"damage":97,"enemies":"The Heart","floor":56,"turns":7}],"green_key_taken_log":25,"seed_played":"1554542358129694297","neow_bonus_log":{"cardsObtained":["Battle Trance","Seeing Red"],"cardsUpgraded":[],"cardsRemoved":[],"cardsTransformed":["Strike_R","Strike_R"],"relicsObtained":[],"maxHpGained":0,"goldGained":0,"damageTaken":0,"goldLost":0,"maxHpLost":7},"potions_obtained":[{"floor":3,"key":"Swift Potion"},{"floor":7,"key":"Explosive Potion"},{"floor":10,"key":"BloodPotion"},{"floor":12,"key":"LiquidMemories"},{"floor":21,"key":"LiquidMemories"},{"floor":28,"key":"EssenceOfSteel"},{"floor":29,"key":"ColorlessPotion"},{"floor":39,"key":"Weak Potion"},{"floor":41,"key":"LiquidMemories"},{"floor":45,"key":"ColorlessPotion"}],"is_trial":false,"path_per_floor":["M","M","M","?","M","R","E","R","T","E","?","?","E","M","R","B",null,"M","?","$","?","?","E","R","E","T","M","M","E","$","M","R","B",null,"M","M","M","?","?","R","E","M","T","E","M","T","$","E","R","B","B",null,"R","$","E","B",null],"character_chosen":"IRONCLAD","items_purchased":["Membership Card","Burning Pact","Secret Technique","Chemical X","Dark Embrace","Offering","Meat on the Bone","Shrug It Off","Feel No Pain","Flame Barrier","ElixirPotion","Bottled Tornado","Toolbox","Dual Wield"],"campfire_rested":2,"item_purchase_floors":[20,20,20,30,30,30,30,47,47,47,47,54,54,54],"current_hp_per_floor":[67,64,68,57,54,54,35,35,35,26,43,47,55,57,57,22,67,70,70,70,64,40,33,59,59,59,64,70,36,36,54,54,32,73,79,82,89,89,89,89,94,101,101,92,75,75,75,72,72,70,42,96,114,114,108,29],"gold":32,"neow_bonus":"TRANSFORM_TWO_CARDS","is_prod":false,"is_daily":false,"rewards_skipped":[{"floor":42,"relics":[],"potions":["Fire Potion"]}],"chose_seed":false,"campfire_upgraded":4,"win_rate":0,"floor_exit_playtime":[245,426,480,503,632,646,738,847,852,1067,1153,1337,1428,1567,1573,2055,2195,2265,2353,2532,2686,2706,3027,3032,3423,3450,3635,3791,4119,4391,4462,4475,4969,5110,5218,5383,5578,5601,5749,5794,5980,6096,6099,6372,6578,6583,6723,6946,6950,7125,7382,7396,7506,7633,7888,8368],"timestamp":1667968163,"blue_key_relic_skipped_log":{"floor":43,"relicID":"Art of War"},"path_taken":["M","M","M","?","M","R","E","R","T","E","?","?","E","M","R","BOSS","M","?","$","?","?","E","R","E","T","?","M","E","$","M","R","BOSS","M","M","M","?","?","R","E","M","T","E","?","?","$","E","R","BOSS","BOSS","R","$","E","BOSS"],"build_version":"2022-10-04","purchased_purges":2,"victory":true,"max_hp_per_floor":[68,68,68,68,68,68,68,68,68,68,68,68,82,82,82,82,82,82,82,82,82,87,87,87,87,87,87,87,87,87,87,87,87,87,87,91,95,95,95,95,98,101,101,105,108,108,108,108,108,111,114,114,114,114,127,127],"card_choices":[{"not_picked":["Dark Embrace","Reckless Charge"],"picked":"Infernal Blade","floor":1},{"not_picked":["Wild Strike","Evolve","Thunderclap"],"picked":"SKIP","floor":2},{"not_picked":["Heavy Blade","Havoc"],"picked":"Clothesline","floor":3},{"not_picked":["Power Through","Havoc"],"picked":"Carnage","floor":5},{"not_picked":["Armaments","Pummel"],"picked":"Anger","floor":7},{"not_picked":["Power Through","Intimidate"],"picked":"Whirlwind","floor":10},{"not_picked":["Cleave","Uppercut"],"picked":"Feel No Pain","floor":12},{"not_picked":["Sever Soul","Headbutt","Combust"],"picked":"SKIP","floor":13},{"not_picked":["Body Slam","Sword Boomerang"],"picked":"Rage","floor":14},{"not_picked":["Combust","Body Slam","Armaments"],"picked":"SKIP","floor":14},{"not_picked":["Barricade","Limit Break"],"picked":"Fiend Fire","floor":16},{"not_picked":["Fire Breathing","Sword Boomerang+1"],"picked":"Armaments+1","floor":18},{"not_picked":["Cleave+1","Thunderclap","Iron Wave"],"picked":"SKIP","floor":18},{"not_picked":["Headbutt","Infernal Blade","Flex"],"picked":"SKIP","floor":21},{"not_picked":["Intimidate","Twin Strike+1","Searing Blow+1"],"picked":"SKIP","floor":23},{"not_picked":["Intimidate","Twin Strike+1","Searing Blow+1"],"picked":"SKIP","floor":23},{"not_picked":["Intimidate","Twin Strike+1","Searing Blow+1"],"picked":"SKIP","floor":23},{"not_picked":["Anger","Immolate","Reckless Charge"],"picked":"SKIP","floor":25},{"not_picked":["Thunderclap+1","Ghostly Armor"],"picked":"Juggernaut","floor":27},{"not_picked":["Warcry","Twin Strike+1","Clash"],"picked":"SKIP","floor":27},{"not_picked":["Whirlwind","Body Slam+1"],"picked":"Pommel Strike","floor":28},{"not_picked":["Thunderclap","Clash","Rage"],"picked":"SKIP","floor":28},{"not_picked":["Body Slam","Iron Wave"],"picked":"Corruption","floor":29},{"not_picked":["Flex","Shrug It Off"],"picked":"Dark Embrace","floor":31},{"not_picked":["Havoc","Rupture+1","True Grit"],"picked":"SKIP","floor":31},{"not_picked":["Fiend Fire","Berserk"],"picked":"Impervious","floor":33},{"not_picked":["Headbutt+1","Twin Strike"],"picked":"Feed","floor":35},{"not_picked":["Body Slam+1","Havoc","Thunderclap+1"],"picked":"SKIP","floor":35},{"not_picked":["Clash","Anger+1"],"picked":"Whirlwind","floor":36},{"not_picked":["Sword Boomerang","Havoc+1","Perfected Strike"],"picked":"SKIP","floor":36},{"not_picked":["Perfected Strike+1","Combust","Rampage+1"],"picked":"SKIP","floor":37},{"not_picked":["Intimidate+1","Warcry","Perfected Strike"],"picked":"SKIP","floor":37},{"not_picked":["Anger","Pommel Strike+1"],"picked":"Second Wind+1","floor":39},{"not_picked":["True Grit","Warcry+1","Clothesline"],"picked":"SKIP","floor":41},{"not_picked":["Sword Boomerang","Hemokinesis"],"picked":"Entrench","floor":42},{"not_picked":["Clash+1","Clothesline"],"picked":"Whirlwind+1","floor":42},{"not_picked":["Clash+1","Carnage"],"picked":"Demon Form","floor":44},{"not_picked":["Metallicize+1","Iron Wave+1"],"picked":"Uppercut+1","floor":45},{"not_picked":["True Grit+1","Warcry"],"picked":"Evolve","floor":45},{"not_picked":["Headbutt","Sever Soul","Dropkick","Heavy Blade+1"],"picked":"SKIP","floor":48},{"not_picked":["Headbutt","Sever Soul","Dropkick","Heavy Blade+1"],"picked":"SKIP","floor":48},{"not_picked":["Armaments+1","True Grit","Brutality","Fire Breathing"],"picked":"SKIP","floor":55}],"player_experience":329252,"relics_obtained":[{"floor":7,"key":"Prayer Wheel"},{"floor":9,"key":"Mercury Hourglass"},{"floor":10,"key":"MawBank"},{"floor":12,"key":"Sundial"},{"floor":13,"key":"Mango"},{"floor":21,"key":"Red Mask"},{"floor":23,"key":"Bottled Lightning"},{"floor":25,"key":"Red Skull"},{"floor":26,"key":"Paper Frog"},{"floor":29,"key":"Bottled Flame"},{"floor":39,"key":"Girya"},{"floor":41,"key":"Peace Pipe"},{"floor":44,"key":"Akabeko"},{"floor":46,"key":"Question Card"},{"floor":48,"key":"Vajra"},{"floor":55,"key":"Pear"}],"event_choices":[{"damage_healed":0,"gold_gain":75,"player_choice":"Gather Gold","damage_taken":11,"max_hp_gain":0,"max_hp_loss":0,"event_name":"World of Goop","floor":4,"gold_loss":0},{"damage_healed":17,"gold_gain":0,"player_choice":"Healed","damage_taken":0,"max_hp_gain":0,"max_hp_loss":0,"event_name":"The Cleric","floor":11,"gold_loss":35},{"damage_healed":0,"gold_gain":0,"player_choice":"Searched \u00271\u0027 times","damage_taken":0,"max_hp_gain":0,"max_hp_loss":0,"event_name":"Dead Adventurer","floor":12,"gold_loss":0},{"damage_healed":0,"gold_gain":0,"player_choice":"Opened","damage_taken":0,"relics_obtained":["Orichalcum"],"max_hp_gain":0,"max_hp_loss":0,"event_name":"The Mausoleum","floor":19,"gold_loss":0,"cards_obtained":["Writhe"]},{"damage_healed":0,"gold_gain":0,"player_choice":"Fought Bandits","damage_taken":0,"max_hp_gain":0,"max_hp_loss":0,"event_name":"Masked Bandits","floor":21,"gold_loss":0},{"damage_healed":0,"gold_gain":0,"player_choice":"Shed Blood","damage_taken":29,"max_hp_gain":5,"max_hp_loss":0,"event_name":"Forgotten Altar","floor":22,"gold_loss":0},{"cards_removed":["Battle Trance"],"damage_healed":0,"gold_gain":0,"player_choice":"Removed Skill","damage_taken":0,"max_hp_gain":0,"max_hp_loss":0,"event_name":"Falling","floor":38,"gold_loss":0},{"damage_healed":0,"gold_gain":0,"player_choice":"Fight","damage_taken":0,"max_hp_gain":0,"max_hp_loss":0,"event_name":"Mysterious Sphere","floor":39,"gold_loss":0}],"is_beta":false,"boss_relics":[{"not_picked":["SacredBark","Black Blood"],"picked":"Astrolabe"},{"not_picked":["Empty Cage","Philosopher\u0027s Stone"],"picked":"Snecko Eye"}],"items_purged_floors":[20,47],"is_endless":false,"potions_floor_spawned":[3,7,10,12,21,28,29,39,41,42,45],"ascension_level":20,"potion_discard_per_floor":[[],[],[],[],[],[],[],[],[],[],[],[],[],[],[],[],[],[],[],[],["Swift Potion"],[],[],[],[],[],[],[],[],[],[],[],[],[],[],[],[],[],[],[],[],[],[],[],[],[],["ColorlessPotion"],[],[],[],[],[],[],[],[],[],[]]}