{"neow_bonuses_skipped_log":["ONE_RANDOM_RARE_CARD","TWENTY_PERCENT_HP_BONUS","BOSS_RELIC"],"potions_obtained_entropic_brew":[[],[],[],[],[],["Swift Potion","AttackPotion"],[],[],[],[],[],[],[],[],[],[],[],[],[],[],[],[],[],[],[],[],[],[],[],[],[],[],["Energy Potion","LiquidBronze"],[],[],[],[],[],[],[],[],[],[],[],[],[],[],[],[],[],[]],"neow_costs_skipped_log":["NONE","NO_GOLD","NONE"],"gold_per_floor":[112,125,125,136,153,180,13,13,13,43,43,43,83,102,102,183,192,206,234,70,120,149,187,187,221,248,1,1,45,54,97,97,182,182,193,209,209,267,292,326,338,367,404,445,482,514,560,258,258,258,258],"floor_reached":51,"playtime":8456,"items_purged":["Strike_R","Shame"],"score":1731,"play_id":"7ac372f2-21b3-4803-bd31-9c7bf2958e88","local_time":"20221101194236","score_breakdown":["Floors Climbed (51): 255","Enemies Slain (14): 28","Exordium Elites Killed (3): 30","City Elites Killed (4): 80","Beyond Elites Killed (2): 60","Bosses Slain (3): 300","I Like Shiny: 50","Money Money (1241): 25","Champion (2): 50","Overkill: 25","Ascension (20): 828"],"is_ascension_mode":true,"potions_obtained_alchemize":[[],[],[],[],[],[],[],[],[],[],[],[],[],[],[],[],[],[],[],[],[],[],[],[],[],[],[],[],[],[],[],[],[],[],[],[],[],[],[],[],[],[],[],[],[],[],[],[],[],[],[]],"campfire_choices":[{"data":"Corruption","floor":8,"key":"SMITH"},{"data":"Battle Trance","floor":12,"key":"SMITH"},{"data":"Uppercut","floor":15,"key":"SMITH"},{"data":"Offering","floor":24,"key":"SMITH"},{"data":"Body Slam","floor":32,"key":"SMITH"},{"floor":49,"key":"RECALL"}],"lesson_learned_per_floor":[[],[],[],[],[],[],[],[],[],[],[],[],[],[],[],[],[],[],[],[],[],[],[],[],[],[],[],[],[],[],[],[],[],[],[],[],[],[],[],[],[],[],[],[],[],[],[],[],[],[],[]],"neow_cost":"NONE","improvable_cards":{},"seed_source_timestamp":422043361189300,"shop_contents":[{"floor":7,"relics":["InkBottle","Regal Pillow"],"cards":["Clothesline","Searing Blow","Spot Weakness","Warcry","Metallicize","Blind","Chrysalis"],"potions":["Dexterity Potion","Explosive Potion","Regen Potion"]},{"floor":11,"relics":["Bottled Lightning","Toy Ornithopter","Chemical X"],"cards":["Fiend Fire","Reckless Charge","Armaments","Warcry","Metallicize","Mind Blast","Sadistic Nature"],"potions":["ElixirPotion","Explosive Potion","FearPotion"]},{"floor":20,"relics":["FossilizedHelix","Blood Vial"],"cards":["Body Slam","Wild Strike","Battle Trance","Second Wind","Juggernaut","Forethought","Sadistic Nature"],"potions":["AttackPotion","SkillPotion","Fire Potion"]},{"floor":27,"relics":["Bird Faced Urn","Nunchaku"],"cards":["Blood for Blood","Body Slam","Battle Trance","Flex","Fire Breathing","Bandage Up","Transmutation"],"potions":["Explosive Potion","Weak Potion","ColorlessPotion"]},{"floor":48,"relics":["Mercury Hourglass","Sling"],"cards":["Thunderclap","Immolate","Rage","Flex","Fire Breathing","Swift Strike","HandOfGreed"],"potions":["BloodPotion","Regen Potion"]}],"circlet_count":0,"master_deck":["AscendersBane","Strike_R+1","Strike_R+1","Strike_R","Strike_R","Defend_R","Defend_R","Defend_R","Defend_R","Bash","Battle Trance+1","Perfected Strike","Twin Strike","Corruption+1","Flame Barrier+1","Impervious+1","Perfected Strike","Fire Breathing","Uppercut+1","Offering+1","CurseOfTheBell","Shrug It Off","Shrug It Off+1","Body Slam+1","Berserk","Demon Form","Impervious","Armaments+1","Pommel Strike+1","Pommel Strike+1","Dark Embrace+1"],"potion_use_per_floor":[[],[],[],[],[],["EntropicBrew","Swift Potion"],[],[],[],["AttackPotion"],[],[],[],[],[],[],[],[],["Fire Potion"],[],[],[],["DistilledChaos"],[],[],[],[],[],[],[],[],[],["BloodPotion","EntropicBrew"],[],[],[],[],["Energy Potion"],[],[],[],[],[],[],[],[],[],[],[],[],["PowerPotion","Swift Potion"]],"relics":["Burning Blood","Whetstone","Gremlin Horn","Orrery","CeramicFish","War Paint","Bag of Preparation","Calling Bell","Orichalcum","Singing Bowl","Turnip","ClockworkSouvenir","Akabeko","Kunai","Bronze Scales","Frozen Eye","Dream Catcher","Juzu Bracelet","Girya","Coffee Dripper","Charon\u0027s Ashes","CaptainsWheel","MawBank","Torii","Lantern"],"potions_floor_usage":[6,6,10,19,23,33,33,38,51,51],"damage_taken":[{"damage":11,"enemies":"Jaw Worm","floor":1,"turns":5},{"damage":1,"enemies":"Cultist","floor":2,"turns":3},{"damage":7,"enemies":"Small Slimes","floor":4,"turns":3},{"damage":11,"enemies":"Looter","floor":5,"turns":3},{"damage":35,"enemies":"Lagavulin","floor":6,"turns":6},{"damage":8,"enemies":"Gremlin Nob","floor":10,"turns":3},{"damage":10,"enemies":"3 Sentries","floor":13,"turns":5},{"damage":0,"enemies":"Large Slime","floor":14,"turns":3},{"damage":23,"enemies":"Slime Boss","floor":16,"turns":7},{"damage":4,"enemies":"2 Thieves","floor":18,"turns":4},{"damage":6,"enemies":"Spheric Guardian","floor":19,"turns":3},{"damage":11,"enemies":"Snecko","floor":22,"turns":6},{"damage":11,"enemies":"Slavers","floor":23,"turns":4},{"damage":6,"enemies":"Gremlin Leader","floor":25,"turns":5},{"damage":17,"enemies":"Book of Stabbing","floor":29,"turns":4},{"damage":12,"enemies":"Gremlin Leader","floor":31,"turns":5},{"damage":46,"enemies":"Champ","floor":33,"turns":9},{"damage":0,"enemies":"Orb Walker","floor":35,"turns":2},{"damage":5,"enemies":"3 Shapes","floor":36,"turns":5},{"damage":24,"enemies":"2 Orb Walkers","floor":38,"turns":5},{"damage":5,"enemies":"Mind Bloom Boss Battle","floor":39,"turns":6},{"damage":58,"enemies":"Giant Head","floor":40,"turns":8},{"damage":6,"enemies":"Jaw Worm Horde","floor":42,"turns":2},{"damage":6,"enemies":"Sphere and 2 Shapes","floor":44,"turns":3},{"damage":6,"enemies":"Writhing Mass","floor":45,"turns":4},{"damage":37,"enemies":"Maw","floor":46,"turns":7},{"damage":6,"enemies":"Reptomancer","floor":47,"turns":3},{"damage":7,"enemies":"Donu and Deca","floor":50,"turns":5},{"damage":40,"enemies":"Awakened One","floor":51,"turns":7}],"green_key_taken_log":25,"seed_played":"-8854166947239105916","neow_bonus_log":{"cardsObtained":[],"cardsUpgraded":[],"cardsRemoved":[],"cardsTransformed":[],"relicsObtained":["Whetstone"],"maxHpGained":0,"goldGained":0,"damageTaken":0,"goldLost":0,"maxHpLost":0},"potions_obtained":[{"floor":5,"key":"EntropicBrew"},{"floor":6,"key":"Fire Potion"},{"floor":13,"key":"EssenceOfSteel"},{"floor":14,"key":"DistilledChaos"},{"floor":19,"key":"Strength Potion"},{"floor":22,"key":"Fire Potion"},{"floor":25,"key":"EntropicBrew"},{"floor":31,"key":"BloodPotion"},{"floor":35,"key":"Strength Potion"},{"floor":42,"key":"BlessingOfTheForge"},{"floor":47,"key":"Swift Potion"}],"is_trial":false,"path_per_floor":["M","M","?","M","M","E","$","R","T","E","$","R","E","M","R","B",null,"M","M","$","?","M","E","R","E","T","$","?","E","?","E","R","B",null,"M","M","?","?","?","E","?","M","T","M","M","M","E","$","R","B","B"],"character_chosen":"IRONCLAD","items_purchased":["Orrery","ClockworkSouvenir","Frozen Eye","Lantern","PowerPotion"],"campfire_rested":0,"item_purchase_floors":[7,20,27,48,48],"current_hp_per_floor":[63,68,68,67,62,33,33,33,33,31,31,31,27,33,33,16,60,64,64,64,64,59,54,54,56,56,56,56,45,45,39,39,14,63,71,74,74,56,59,9,68,70,70,70,70,39,41,41,41,40,0],"gold":258,"neow_bonus":"RANDOM_COMMON_RELIC","is_prod":false,"is_daily":false,"rewards_skipped":[{"floor":36,"relics":[],"potions":["SkillPotion"]},{"floor":44,"relics":[],"potions":["Explosive Potion"]}],"chose_seed":false,"campfire_upgraded":5,"win_rate":0,"floor_exit_playtime":[303,381,452,539,748,1020,1240,1328,1334,1424,1433,1524,1805,1852,1943,2265,2728,2820,2917,3033,3173,3306,3579,3596,3721,3727,3748,3931,4124,4164,4455,4483,4997,5125,5288,5431,5449,5814,6026,6446,6515,6610,6621,6750,6842,6988,7173,7352,7356,7641],"timestamp":1667346156,"blue_key_relic_skipped_log":{"floor":43,"relicID":"Smiling Mask"},"path_taken":["M","M","?","M","M","E","$","R","T","E","?","R","E","M","R","BOSS","M","M","$","?","M","E","R","E","T","$","?","E","?","E","R","BOSS","M","M","?","?","?","E","?","M","T","M","M","M","E","$","R","BOSS","BOSS"],"build_version":"2022-10-04","purchased_purges":2,"victory":false,"max_hp_per_floor":[75,75,75,75,75,75,75,75,75,75,75,75,75,75,75,75,75,77,77,77,77,77,77,77,79,79,79,79,79,79,79,79,79,79,81,83,79,79,81,83,68,70,70,70,70,70,72,72,72,72,72],"card_choices":[{"not_picked":["Sword Boomerang","Metallicize"],"picked":"Battle Trance","floor":1},{"not_picked":["Warcry","Body Slam"],"picked":"Perfected Strike","floor":2},{"not_picked":["Disarm","Iron Wave"],"picked":"Twin Strike","floor":4},{"not_picked":["Sword Boomerang","Body Slam","Clothesline"],"picked":"SKIP","floor":5},{"not_picked":["Sword Boomerang","Flame Barrier"],"picked":"Corruption","floor":6},{"not_picked":["Wild Strike","Searing Blow"],"picked":"Flame Barrier","floor":7},{"not_picked":["Second Wind","Power Through"],"picked":"Impervious","floor":7},{"not_picked":["Warcry","True Grit"],"picked":"Perfected Strike","floor":7},{"not_picked":["Cleave","Warcry"],"picked":"Fire Breathing","floor":7},{"not_picked":["Inflame","Intimidate","Flex"],"picked":"SKIP","floor":7},{"not_picked":["Dropkick","Metallicize","Headbutt"],"picked":"SKIP","floor":10},{"not_picked":["Dropkick","Metallicize","Headbutt"],"picked":"SKIP","floor":10},{"not_picked":["Bludgeon","Cleave"],"picked":"Uppercut","floor":13},{"not_picked":["Wild Strike","Thunderclap","Intimidate"],"picked":"SKIP","floor":14},{"not_picked":["Barricade","Reaper"],"picked":"Offering","floor":16},{"not_picked":["Thunderclap","Clash","Cleave"],"picked":"Singing Bowl","floor":18},{"not_picked":["Reckless Charge","Pommel Strike"],"picked":"Shrug It Off","floor":19},{"not_picked":["Ghostly Armor","Combust"],"picked":"Shrug It Off+1","floor":22},{"not_picked":["Limit Break","Pommel Strike"],"picked":"Body Slam","floor":23},{"not_picked":["Cleave","Sentinel","Rage+1"],"picked":"Singing Bowl","floor":25},{"not_picked":["Ghostly Armor","Thunderclap"],"picked":"Berserk","floor":29},{"not_picked":["Body Slam+1","Whirlwind"],"picked":"Demon Form","floor":31},{"not_picked":["Juggernaut","Demon Form"],"picked":"Impervious","floor":33},{"not_picked":["True Grit","Armaments","Heavy Blade+1"],"picked":"Singing Bowl","floor":35},{"not_picked":["Twin Strike","Thunderclap","Anger+1"],"picked":"Singing Bowl","floor":36},{"not_picked":["Heavy Blade+1","Brutality"],"picked":"Armaments+1","floor":38},{"not_picked":["Havoc","Body Slam","Thunderclap+1"],"picked":"Singing Bowl","floor":39},{"not_picked":["Corruption","Reckless Charge","Iron Wave"],"picked":"Singing Bowl","floor":40},{"not_picked":["Armaments","Wild Strike","Bloodletting"],"picked":"Singing Bowl","floor":42},{"not_picked":["Wild Strike","Iron Wave"],"picked":"Pommel Strike+1","floor":44},{"not_picked":["Rupture","Searing Blow"],"picked":"Pommel Strike+1","floor":45},{"not_picked":["Havoc","Reckless Charge"],"picked":"Dark Embrace+1","floor":46},{"not_picked":["Combust","Warcry","Twin Strike"],"picked":"Singing Bowl","floor":47}],"player_experience":292283,"relics_obtained":[{"floor":6,"key":"Gremlin Horn"},{"floor":9,"key":"CeramicFish"},{"floor":10,"key":"War Paint"},{"floor":13,"key":"Bag of Preparation"},{"floor":17,"key":"Orichalcum"},{"floor":17,"key":"Singing Bowl"},{"floor":17,"key":"Turnip"},{"floor":23,"key":"Akabeko"},{"floor":25,"key":"Kunai"},{"floor":26,"key":"Bronze Scales"},{"floor":29,"key":"Dream Catcher"},{"floor":31,"key":"Girya"},{"floor":38,"key":"Charon\u0027s Ashes"},{"floor":39,"key":"CaptainsWheel"},{"floor":40,"key":"MawBank"},{"floor":47,"key":"Torii"}],"event_choices":[{"damage_healed":0,"gold_gain":0,"player_choice":"Leave","damage_taken":0,"max_hp_gain":0,"max_hp_loss":0,"event_name":"The Cleric","floor":3,"gold_loss":0},{"damage_healed":0,"gold_gain":100,"player_choice":"Bet on Murderer","damage_taken":0,"max_hp_gain":0,"max_hp_loss":0,"event_name":"The Joust","floor":21,"gold_loss":50},{"damage_healed":0,"gold_gain":0,"player_choice":"Ignored","damage_taken":0,"max_hp_gain":0,"max_hp_loss":0,"event_name":"The Mausoleum","floor":28,"gold_loss":0},{"damage_healed":0,"gold_gain":0,"player_choice":"Stole Relic","damage_taken":0,"relics_obtained":["Juzu Bracelet"],"max_hp_gain":0,"max_hp_loss":0,"event_name":"Addict","floor":30,"gold_loss":0,"cards_obtained":["Shame"]},{"damage_healed":0,"gold_gain":0,"player_choice":"Max HP","damage_taken":0,"max_hp_gain":0,"max_hp_loss":4,"event_name":"Winding Halls","floor":37,"gold_loss":0},{"damage_healed":0,"gold_gain":0,"player_choice":"Fight","damage_taken":0,"max_hp_gain":0,"max_hp_loss":0,"event_name":"Mysterious Sphere","floor":38,"gold_loss":0},{"damage_healed":0,"gold_gain":0,"player_choice":"Fight","damage_taken":0,"max_hp_gain":0,"max_hp_loss":0,"event_name":"MindBloom","floor":39,"gold_loss":0},{"damage_healed":68,"gold_gain":0,"player_choice":"Heal","damage_taken":0,"max_hp_gain":0,"max_hp_loss":15,"event_name":"The Moai Head","floor":41,"gold_loss":0}],"is_beta":false,"boss_relics":[{"not_picked":["Empty Cage","Ectoplasm"],"picked":"Calling Bell"},{"not_picked":["Tiny House","Cursed Key"],"picked":"Coffee Dripper"}],"items_purged_floors":[27,48],"is_endless":false,"potions_floor_spawned":[5,6,13,14,19,22,25,31,35,36,42,44,47],"killed_by":"Awakened One","ascension_level":20,"potion_discard_per_floor":[[],[],[],[],[],[],[],[],[],[],[],[],[],["EssenceOfSteel"],[],[],[],[],[],[],[],["Strength Potion"],[],[],[],[],[],[],[],[],["Fire Potion"],[],[],[],["LiquidBronze"],[],[],[],[],[],[],[],[],[],[],[],["BlessingOfTheForge"],["Strength Potion"],[],[],[]]}