{"neow_bonuses_skipped_log":["TRANSFORM_CARD","TWENTY_PERCENT_HP_BONUS","BOSS_RELIC"],"neow_costs_skipped_log":["NONE","NO_GOLD","NONE"],"potions_obtained_entropic_brew":[[],[],[],[],[],[],[],[],[],[],[],[],[],[],[],[],[],[],[],[],[],[],[],[],[],[],[],[],[],[],[],[],[],[],[],[],[],[],[],[],[],[],[],[],[],[],[],[],[],[],[],[],[],[],[],[],[]],"gold_per_floor":[113,113,113,134,134,175,187,233,245,257,292,304,332,379,391,499,511,542,579,25,40,40,80,105,143,143,143,143,156,106,21,21,120,120,134,0,0,0,19,53,53,87,87,102,120,120,151,151,151,151,151,151,151,22,60,60],"floor_reached":57,"playtime":4595,"items_purged":["Strike_R","Decay","Strike_R"],"score":3492,"play_id":"09ec70f3-d185-4588-bb3a-4de6fa85d27d","local_time":"20221108192031","falling_options_log":["Shrug It Off","Berserk+1"],"score_breakdown":["Floors Climbed (57): 285","Enemies Slain (13): 26","Exordium Elites Killed (3): 30","City Elites Killed (2): 40","Beyond Elites Killed (3): 90","Bosses Slain (5): 750","Collector (1): 25","Well Fed: 25","Champion (5): 125","Beyond Perfect: 200","Overkill: 25","C-c-c-combo: 25","Ascension (20): 1596","Heartbreaker: 250"],"is_ascension_mode":true,"potions_obtained_alchemize":[[],[],[],[],[],[],[],[],[],[],[],[],[],[],[],[],[],[],[],[],[],[],[],[],[],[],[],[],[],[],[],[],[],[],[],[],[],[],[],[],[],[],[],[],[],[],[],[],[],[],[],[],[],[],[],[],[]],"campfire_choices":[{"data":"Bash","floor":7,"key":"SMITH"},{"data":"Berserk","floor":10,"key":"SMITH"},{"data":"Battle Trance","floor":12,"key":"SMITH"},{"data":"Twin Strike","floor":15,"key":"SMITH"},{"data":"Apotheosis","floor":28,"key":"SMITH"},{"data":"Corruption","floor":32,"key":"SMITH"},{"floor":41,"key":"RECALL"},{"data":"Barricade","floor":46,"key":"SMITH"},{"data":"Feel No Pain","floor":49,"key":"SMITH"},{"data":"Fiend Fire","floor":53,"key":"SMITH"}],"lesson_learned_per_floor":[[],[],[],[],[],[],[],[],[],[],[],[],[],[],[],[],[],[],[],[],[],[],[],[],[],[],[],[],[],[],[],[],[],[],[],[],[],[],[],[],[],[],[],[],[],[],[],[],[],[],[],[],[],[],[],[],[]],"neow_cost":"NONE","improvable_cards":{},"seed_source_timestamp":492715619558000,"shop_contents":[{"floor":20,"relics":["Oddly Smooth Stone","Brimstone"],"cards":["Sword Boomerang","Thunderclap","Flex","Armaments","Fire Breathing","PanicButton"],"potions":["LiquidBronze","Swift Potion","AttackPotion"]},{"floor":30,"relics":["Torii","Ice Cream","Membership Card"],"cards":["Heavy Blade","Cleave","Armaments","Limit Break","Combust","Good Instincts","Apotheosis"],"potions":["SpeedPotion","BlessingOfTheForge","CultistPotion"]},{"floor":54,"relics":["Strawberry","Magic Flower","Cauldron"],"cards":["Wild Strike","Anger","True Grit","Inflame","Impatience","Sadistic Nature"],"potions":["PowerPotion","BlessingOfTheForge","Weak Potion"]}],"circlet_count":0,"master_deck":["AscendersBane","Strike_R","Defend_R","Defend_R","Defend_R","Defend_R","Bash+1","Twin Strike+1","Battle Trance+1","Anger","Berserk+1","Headbutt","Shrug It Off","Corruption+1","Immolate","Inflame+1","Disarm","Apotheosis+1","Feel No Pain+1","Shrug It Off","Necronomicurse","Fiend Fire+1","Burning Pact","Shrug It Off+1","Barricade+1","Shrug It Off+1","Shrug It Off","Impervious","Seeing Red","Burning Pact","Reaper"],"potion_use_per_floor":[[],[],[],[],[],[],[],["LiquidMemories"],[],[],[],[],[],[],[],[],[],["Fire Potion"],[],[],[],[],[],["Swift Potion"],[],[],[],[],[],[],[],[],[],[],[],[],[],[],[],[],[],[],[],[],[],[],[],[],[],[],[],[],[],[],[],["HeartOfIron"],[]],"relics":["Burning Blood","NeowsBlessing","Golden Idol","FaceOfCleric","MawBank","Bag of Preparation","Smiling Mask","Ancient Tea Set","Cursed Key","Dead Branch","Meat on the Bone","Gambling Chip","Necronomicon","Toy Ornithopter","Sozu","Red Mask","Mummified Hand","MealTicket","Art of War","Self Forming Clay"],"potions_floor_usage":[8,18,24,56],"damage_taken":[{"damage":0,"enemies":"Small Slimes","floor":1,"turns":1},{"damage":0,"enemies":"2 Louse","floor":4,"turns":1},{"damage":0,"enemies":"3 Sentries","floor":6,"turns":2},{"damage":20,"enemies":"Lagavulin","floor":8,"turns":5},{"damage":2,"enemies":"Cultist","floor":11,"turns":4},{"damage":6,"enemies":"Looter","floor":13,"turns":2},{"damage":11,"enemies":"Gremlin Nob","floor":14,"turns":3},{"damage":6,"enemies":"Slime Boss","floor":16,"turns":7},{"damage":8,"enemies":"3 Byrds","floor":18,"turns":5},{"damage":25,"enemies":"Shell Parasite","floor":19,"turns":3},{"damage":12,"enemies":"Centurion and Healer","floor":21,"turns":4},{"damage":4,"enemies":"Slavers","floor":23,"turns":4},{"damage":2,"enemies":"Cultist and Chosen","floor":24,"turns":5},{"damage":29,"enemies":"Gremlin Leader","floor":25,"turns":6},{"damage":0,"enemies":"Sentry and Sphere","floor":29,"turns":1},{"damage":4,"enemies":"Champ","floor":33,"turns":5},{"damage":0,"enemies":"3 Darklings","floor":35,"turns":1},{"damage":0,"enemies":"Orb Walker","floor":39,"turns":2},{"damage":0,"enemies":"Reptomancer","floor":40,"turns":3},{"damage":0,"enemies":"Giant Head","floor":42,"turns":2},{"damage":0,"enemies":"Sphere and 2 Shapes","floor":44,"turns":4},{"damage":0,"enemies":"4 Shapes","floor":45,"turns":4},{"damage":0,"enemies":"Nemesis","floor":47,"turns":1},{"damage":0,"enemies":"Awakened One","floor":50,"turns":6},{"damage":0,"enemies":"Donu and Deca","floor":51,"turns":5},{"damage":0,"enemies":"Shield and Spear","floor":55,"turns":3},{"damage":0,"enemies":"The Heart","floor":56,"turns":6}],"green_key_taken_log":14,"seed_played":"4099545189030320366","neow_bonus_log":{"cardsObtained":[],"cardsUpgraded":[],"cardsRemoved":[],"cardsTransformed":[],"relicsObtained":["NeowsBlessing"],"maxHpGained":0,"goldGained":0,"damageTaken":0,"goldLost":0,"maxHpLost":0},"potions_obtained":[{"floor":6,"key":"LiquidMemories"},{"floor":16,"key":"Fire Potion"},{"floor":18,"key":"Swift Potion"},{"floor":19,"key":"HeartOfIron"},{"floor":25,"key":"Energy Potion"}],"is_trial":false,"path_per_floor":["M","?","?","M","?","E","R","E","T","R","M","R","M","E","R","B",null,"M","M","$","M","?","E","M","E","T","?","R","M","$","?","R","B",null,"M","?","?","T","M","E","R","E","T","M","M","R","E","?","R","B","B",null,"R","$","E","B",null],"character_chosen":"IRONCLAD","items_purchased":["Dead Branch","Apotheosis","Burning Pact"],"campfire_rested":0,"item_purchase_floors":[20,20,54],"current_hp_per_floor":[74,48,48,55,76,77,77,64,64,64,69,69,70,66,66,67,78,77,59,59,54,54,57,62,52,52,31,31,50,50,50,50,53,81,88,88,88,88,92,93,93,94,94,95,96,96,97,92,92,93,94,94,94,94,95,96],"gold":60,"neow_bonus":"THREE_ENEMY_KILL","is_prod":false,"is_daily":false,"rewards_skipped":[{"floor":21,"relics":[],"potions":["Dexterity Potion"]},{"floor":33,"relics":[],"potions":["Regen Potion"]},{"floor":39,"relics":[],"potions":["SteroidPotion"]},{"floor":40,"relics":[],"potions":["SkillPotion"]},{"floor":44,"relics":[],"potions":["LiquidMemories"]},{"floor":55,"relics":[],"potions":["Block Potion"]}],"chose_seed":false,"campfire_upgraded":9,"win_rate":0,"floor_exit_playtime":[281,300,379,397,606,628,751,902,909,918,975,985,1013,1125,1221,1428,1705,1925,2015,2059,2157,2193,2335,2460,2653,2673,2691,2707,2761,2778,2786,2793,2897,2963,2986,2994,3000,3009,3044,3120,3129,3221,3224,3314,3417,3447,3541,3611,3644,3854,4004,4017,4034,4051,4162,4595],"timestamp":1667953231,"blue_key_relic_skipped_log":{"floor":26,"relicID":"Dream Catcher"},"path_taken":["M","?","?","M","?","E","R","E","T","R","M","R","M","E","R","BOSS","M","M","$","M","?","E","M","E","T","?","R","?","?","?","R","BOSS","M","?","?","?","M","E","R","E","T","M","M","R","E","?","R","BOSS","BOSS","R","$","E","BOSS"],"build_version":"2022-10-04","purchased_purges":3,"victory":true,"max_hp_per_floor":[75,75,75,76,76,77,77,78,78,78,79,79,80,81,81,82,82,83,84,84,85,85,86,87,88,88,88,88,89,89,89,89,90,90,91,91,91,91,92,93,93,94,94,95,96,96,97,92,92,93,94,94,94,94,95,96],"card_choices":[{"not_picked":["Sword Boomerang","Heavy Blade"],"picked":"Twin Strike","floor":1},{"not_picked":["Cleave","Wild Strike"],"picked":"Battle Trance","floor":4},{"not_picked":["Wild Strike","True Grit"],"picked":"Anger","floor":6},{"not_picked":["Rupture","Wild Strike"],"picked":"Berserk","floor":8},{"not_picked":["Pummel","Second Wind"],"picked":"Headbutt","floor":11},{"not_picked":["True Grit","Entrench"],"picked":"Shrug It Off","floor":13},{"not_picked":["Dark Embrace","Dual Wield"],"picked":"Corruption","floor":14},{"not_picked":["Reaper","Bludgeon"],"picked":"Immolate","floor":16},{"not_picked":["True Grit+1","Wild Strike"],"picked":"Inflame+1","floor":18},{"not_picked":["Anger","Clash+1"],"picked":"Disarm","floor":19},{"not_picked":["Hemokinesis","Flex","Heavy Blade+1"],"picked":"SKIP","floor":21},{"not_picked":["Whirlwind+1","Pommel Strike"],"picked":"Feel No Pain","floor":23},{"not_picked":["Dark Embrace","Twin Strike"],"picked":"Shrug It Off","floor":24},{"not_picked":["Warcry","Rupture","Sever Soul"],"picked":"SKIP","floor":25},{"not_picked":["Warcry","Rupture","Sever Soul"],"picked":"SKIP","floor":25},{"not_picked":["Clash","Power Through","Sever Soul"],"picked":"SKIP","floor":29},{"not_picked":["Berserk","Limit Break"],"picked":"Fiend Fire","floor":33},{"not_picked":["Havoc+1","Armaments"],"picked":"Burning Pact","floor":35},{"not_picked":["Headbutt","Reckless Charge"],"picked":"Shrug It Off+1","floor":39},{"not_picked":["Bludgeon","Heavy Blade"],"picked":"Barricade","floor":40},{"not_picked":["Heavy Blade","Whirlwind"],"picked":"Shrug It Off+1","floor":42},{"not_picked":["Thunderclap","Armaments"],"picked":"Shrug It Off","floor":44},{"not_picked":["Blood for Blood","Pummel"],"picked":"Impervious","floor":45},{"not_picked":["Dark Embrace","Sword Boomerang"],"picked":"Seeing Red","floor":47},{"not_picked":["Havoc+1","Inflame"],"picked":"Reaper","floor":55}],"player_experience":318854,"relics_obtained":[{"floor":6,"key":"MawBank"},{"floor":8,"key":"Bag of Preparation"},{"floor":9,"key":"Smiling Mask"},{"floor":14,"key":"Ancient Tea Set"},{"floor":23,"key":"Meat on the Bone"},{"floor":25,"key":"Gambling Chip"},{"floor":27,"key":"Necronomicon"},{"floor":40,"key":"Mummified Hand"},{"floor":42,"key":"MealTicket"},{"floor":47,"key":"Art of War"},{"floor":55,"key":"Self Forming Clay"}],"event_choices":[{"damage_healed":0,"gold_gain":0,"player_choice":"Take Damage","damage_taken":26,"relics_obtained":["Golden Idol"],"max_hp_gain":0,"max_hp_loss":0,"event_name":"Golden Idol","floor":2,"gold_loss":0},{"damage_healed":0,"gold_gain":0,"player_choice":"Trade","damage_taken":0,"relics_obtained":["FaceOfCleric"],"max_hp_gain":0,"max_hp_loss":0,"event_name":"FaceTrader","floor":3,"gold_loss":0},{"damage_healed":25,"gold_gain":0,"player_choice":"Banana","damage_taken":0,"max_hp_gain":0,"max_hp_loss":0,"event_name":"Big Fish","floor":5,"gold_loss":0},{"cards_removed":["Strike_R"],"damage_healed":0,"gold_gain":0,"player_choice":"Elegance","damage_taken":0,"max_hp_gain":0,"max_hp_loss":0,"event_name":"Back to Basics","floor":22,"gold_loss":0},{"damage_healed":0,"gold_gain":0,"player_choice":"Obtained Book","damage_taken":21,"max_hp_gain":0,"max_hp_loss":0,"event_name":"Cursed Tome","floor":27,"gold_loss":0},{"damage_healed":0,"gold_gain":0,"player_choice":"Obtained Relic","damage_taken":0,"relics_obtained":["Toy Ornithopter"],"max_hp_gain":0,"max_hp_loss":0,"event_name":"Addict","floor":31,"gold_loss":85},{"damage_healed":0,"gold_gain":0,"player_choice":"Paid","damage_taken":0,"relics_obtained":["Red Mask"],"max_hp_gain":0,"max_hp_loss":0,"event_name":"Tomb of Lord Red Mask","floor":36,"gold_loss":134},{"cards_removed":["Strike_R"],"damage_healed":0,"gold_gain":0,"player_choice":"Removed Attack","damage_taken":0,"max_hp_gain":0,"max_hp_loss":0,"event_name":"Falling","floor":37,"gold_loss":0},{"damage_healed":0,"gold_gain":0,"player_choice":"Max HP","damage_taken":0,"max_hp_gain":0,"max_hp_loss":5,"event_name":"Winding Halls","floor":48,"gold_loss":0}],"is_beta":false,"boss_relics":[{"not_picked":["Tiny House","Runic Dome"],"picked":"Cursed Key"},{"not_picked":["Mark of Pain","Velvet Choker"],"picked":"Sozu"}],"items_purged_floors":[20,30,54],"is_endless":false,"potions_floor_spawned":[6,16,18,19,21,25,33,39,40,44,55],"ascension_level":20,"potion_discard_per_floor":[[],[],[],[],[],[],[],[],[],[],[],[],[],[],[],[],[],[],[],[],[],[],[],[],[],[],[],[],[],[],[],[],[],[],[],[],[],[],[],[],[],[],[],[],[],[],[],[],[],[],[],[],[],[],[],[],[]]}