{"neow_bonuses_skipped_log":["REMOVE_CARD","TWENTY_PERCENT_HP_BONUS","BOSS_RELIC"],"potions_obtained_entropic_brew":[[],[],[],[],[],[],[],[],[],[],[],[],[],[],[],[],[],[],[],[],[],[],[],[],[],[],[],[],[],[],[],[],[],[],[],[],[],[],[],[],[],[],[],[],[],[],[],[],[],[],[],[],[],[],[],[],[]],"neow_costs_skipped_log":["NONE","NO_GOLD","NONE"],"gold_per_floor":[115,115,133,133,58,92,92,135,184,11,51,51,126,150,150,239,239,257,257,275,77,77,102,102,127,127,154,35,55,85,103,103,180,180,198,208,208,61,109,143,143,143,143,172,172,198,198,211,211,211,211,211,211,32,61,61],"floor_reached":57,"playtime":12380,"items_purged":["Strike_R","Strike_R","Strike_R","Strike_R"],"score":3060,"play_id":"e2a864b4-4d1d-4015-9411-28f0f5a1f8f5","local_time":"20221111134658","score_breakdown":["Floors Climbed (57): 285","Enemies Slain (10): 20","Exordium Elites Killed (3): 30","City Elites Killed (4): 80","Beyond Elites Killed (3): 90","Bosses Slain (5): 750","I Like Shiny: 50","Champion (4): 100","Overkill: 25","Ascension (20): 1380","Heartbreaker: 250"],"is_ascension_mode":true,"potions_obtained_alchemize":[[],[],[],[],[],[],[],[],[],[],[],[],[],[],[],[],[],[],[],[],[],[],[],[],[],[],[],[],[],[],[],[],[],[],[],[],[],[],[],[],[],[],[],[],[],[],[],[],[],[],[],[],[],[],[],[],[]],"campfire_choices":[{"data":"Carnage","floor":7.0,"key":"SMITH"},{"data":"Shrug It Off","floor":12.0,"key":"SMITH"},{"data":"Blood for Blood","floor":15.0,"key":"SMITH"},{"floor":24,"key":"REST"},{"data":"Apotheosis","floor":32,"key":"SMITH"},{"floor":42,"key":"DIG"},{"floor":45,"key":"RECALL"},{"floor":49,"key":"DIG"},{"floor":53,"key":"DIG"}],"lesson_learned_per_floor":[[],[],[],[],[],[],[],[],[],[],[],[],[],[],[],[],[],[],[],[],[],[],[],[],[],[],[],[],[],[],[],[],[],[],[],[],[],[],[],[],[],[],[],[],[],[],[],[],[],[],[],[],[],[],[],[],[]],"neow_cost":"NONE","improvable_cards":{},"seed_source_timestamp":12544088578500,"shop_contents":[{"floor":5,"relics":["Tiny Chest","StrikeDummy","Toolbox"],"cards":["Headbutt","Thunderclap","True Grit","Bloodletting","Evolve","Blind","Transmutation"],"potions":["Explosive Potion","BlessingOfTheForge","LiquidMemories"]},{"floor":10,"relics":["Red Skull","Whetstone"],"cards":["Iron Wave","Whirlwind","Armaments","Fire Breathing","Impatience","Secret Technique"],"potions":["LiquidMemories","DuplicationPotion","Fruit Juice"]},{"floor":21,"relics":["Shuriken","Brimstone"],"cards":["Iron Wave","Clash","Spot Weakness","Forethought","Chrysalis"],"potions":["DistilledChaos","ColorlessPotion","BlessingOfTheForge"]},{"floor":28,"relics":["FossilizedHelix","Molten Egg 2","TheAbacus"],"cards":["Iron Wave","Flex","Havoc","Metallicize","Purity"],"potions":["Energy Potion","SkillPotion","Strength Potion"]},{"floor":38,"relics":["Matryoshka","Sundial"],"cards":["Hemokinesis","Wild Strike","Flex","Rage","Combust","Trip","Mayhem"],"potions":["Weak Potion","Weak Potion","Block Potion"]},{"floor":54,"relics":["Mummified Hand","Cauldron"],"cards":["Rampage","Body Slam","Flex","Power Through","Forethought","Panache+1"],"potions":["Swift Potion","BlessingOfTheForge","Fire Potion"]}],"circlet_count":0,"master_deck":["AscendersBane","Defend_R","Defend_R","Defend_R","Defend_R","Bash","Carnage+1","Anger","Brutality+1","Offering","Pommel Strike","Shrug It Off+1","Blood for Blood+1","Impervious","Body Slam","True Grit+1","Disarm","Rupture","Power Through","Battle Trance","Shockwave","Apotheosis+1","Uppercut","Seeing Red","Exhume","Whirlwind","Burning Pact","Berserk+1","Bloodletting+1","Whirlwind","Rupture+1"],"special_seed":0,"potion_use_per_floor":[[],[],[],[],[],[],[],[],[],[],[],[],[],[],[],["PowerPotion","HeartOfIron"],[],[],[],["Weak Potion"],[],[],["Strength Potion"],[],["BlessingOfTheForge"],[],[],[],[],["Fire Potion"],[],[],[],[],[],[],[],[],["SpeedPotion"],[],[],[],[],[],[],[],[],[],[],[],[],[],[],[],[],["Dexterity Potion","Dexterity Potion","CultistPotion"],[]],"relics":["Burning Blood","NeowsBlessing","Bloody Idol","Omamori","Paper Frog","Potion Belt","Membership Card","Darkstone Periapt","Runic Pyramid","Oddly Smooth Stone","Necronomicon","PreservedInsect","Lantern","Akabeko","Blood Vial","Art of War","SlaversCollar","Strange Spoon","Shovel","Frozen Egg 2","Bottled Lightning","Orichalcum","Pen Nib","Regal Pillow","CaptainsWheel","Self Forming Clay","Vajra","Centennial Puzzle"],"potions_floor_usage":[16,16,20,23,25,30,39,56,56,56],"damage_taken":[{"damage":0.0,"enemies":"Cultist","floor":1.0,"turns":1.0},{"damage":0.0,"enemies":"Jaw Worm","floor":3.0,"turns":1.0},{"damage":0.0,"enemies":"Lagavulin","floor":6.0,"turns":1.0},{"damage":16.0,"enemies":"Gremlin Nob","floor":8.0,"turns":3.0},{"damage":25.0,"enemies":"Lagavulin","floor":11.0,"turns":5.0},{"damage":0.0,"enemies":"Small Slimes","floor":14.0,"turns":2.0},{"damage":17,"enemies":"The Guardian","floor":16,"turns":9},{"damage":17,"enemies":"3 Byrds","floor":18,"turns":6},{"damage":18,"enemies":"Shell Parasite","floor":20,"turns":3},{"damage":8,"enemies":"Book of Stabbing","floor":23,"turns":3},{"damage":9,"enemies":"Gremlin Leader","floor":25,"turns":6},{"damage":6,"enemies":"Book of Stabbing","floor":27,"turns":2},{"damage":11,"enemies":"Sentry and Sphere","floor":29,"turns":6},{"damage":13,"enemies":"Slavers","floor":30,"turns":3},{"damage":4,"enemies":"3 Cultists","floor":31,"turns":4},{"damage":24,"enemies":"Automaton","floor":33,"turns":6},{"damage":11,"enemies":"3 Darklings","floor":35,"turns":5},{"damage":6,"enemies":"3 Shapes","floor":36,"turns":2},{"damage":9,"enemies":"2 Orb Walkers","floor":39,"turns":2},{"damage":18,"enemies":"Reptomancer","floor":40,"turns":2},{"damage":3,"enemies":"Giant Head","floor":44,"turns":4},{"damage":11,"enemies":"Reptomancer","floor":46,"turns":3},{"damage":10,"enemies":"Writhing Mass","floor":48,"turns":2},{"damage":19,"enemies":"Time Eater","floor":50,"turns":7},{"damage":35,"enemies":"Awakened One","floor":51,"turns":10},{"damage":6,"enemies":"Shield and Spear","floor":55,"turns":4},{"damage":68,"enemies":"The Heart","floor":56,"turns":8}],"green_key_taken_log":11,"seed_played":"-2825274286818362572","neow_bonus_log":{"cardsObtained":[],"cardsUpgraded":[],"cardsRemoved":[],"cardsTransformed":[],"relicsObtained":["NeowsBlessing"],"maxHpGained":0,"goldGained":0,"damageTaken":0,"goldLost":0,"maxHpLost":0},"potions_obtained":[{"floor":3.0,"key":"Strength Potion"},{"floor":6.0,"key":"HeartOfIron"},{"floor":11.0,"key":"PowerPotion"},{"floor":16,"key":"BlessingOfTheForge"},{"floor":18,"key":"Weak Potion"},{"floor":20,"key":"EssenceOfSteel"},{"floor":25,"key":"Fire Potion"},{"floor":30,"key":"SpeedPotion"},{"floor":31,"key":"Explosive Potion"},{"floor":33,"key":"Dexterity Potion"},{"floor":35,"key":"SpeedPotion"},{"floor":40,"key":"Swift Potion"},{"floor":44,"key":"CultistPotion"},{"floor":48,"key":"FearPotion"},{"floor":55,"key":"Dexterity Potion"}],"is_trial":false,"path_per_floor":["M","?","M","?","$","E","R","E","T","$","E","R","?","M","R","B",null,"M","?","M","$","?","E","R","E","T","E","$","M","E","M","R","B",null,"M","M","?","$","?","E","?","R","T","E","R","E","T","M","R","B","B",null,"R","$","E","B",null],"character_chosen":"IRONCLAD","items_purchased":["Membership Card","Shrug It Off","Disarm","Oddly Smooth Stone","Rupture","Apotheosis","Uppercut","Strange Spoon","Rupture+1","Vajra"],"campfire_rested":1,"item_purchase_floors":[10,10,21,21,21,28,28,38,54,54],"current_hp_per_floor":[74,48,54,54,54,60,60,50,50,50,31,31,20,26,26,15,60,49,49,42,42,21,24,46,48,48,53,53,55,55,64,64,53,70,72,75,75,75,75,68,68,68,68,75,75,75,75,75,75,62,35,65,65,65,72,12],"gold":61,"neow_bonus":"THREE_ENEMY_KILL","is_prod":false,"is_daily":false,"rewards_skipped":[],"chose_seed":false,"campfire_upgraded":4,"win_rate":0,"floor_exit_playtime":[475,771,848,878,1197,1233,1271,1622,1633,1727,2232,2287,2330,2425,2448,3278,4047,4949,5374,5734,6143,6288,6689,6697,7052,7066,7199,7336,7692,7802,8061,8081,8780,8982,9417,9463,9561,9874,10129,10232,10329,10381,10387,10575,10588,10706,10726,10863,10868,11064,11384,11404,11431,11484,11615,12380],"timestamp":1668192418,"blue_key_relic_skipped_log":{"floor":43,"relicID":"Unceasing Top"},"path_taken":["M","?","M","?","$","E","R","E","T","?","E","R","?","?","R","BOSS","M","?","M","$","?","E","R","E","T","E","$","M","E","?","R","BOSS","M","M","?","$","?","E","?","R","T","E","R","E","?","M","R","BOSS","BOSS","R","$","E","BOSS"],"build_version":"2022-10-04","purchased_purges":4,"victory":true,"max_hp_per_floor":[75,75,75,75,75,75,75,75,75,75,75,75,75,75,75,75,75,75,75,75,75,75,75,75,75,75,75,75,75,75,75,75,75,75,75,75,75,75,75,75,75,75,75,75,75,75,75,75,75,75,75,75,75,75,75,75],"card_choices":[{"not_picked":["Ghostly Armor","Clothesline"],"picked":"Carnage","floor":1.0},{"not_picked":["Havoc","Twin Strike"],"picked":"Anger","floor":3.0},{"not_picked":["Uppercut","Shrug It Off"],"picked":"Offering","floor":6.0},{"not_picked":["Twin Strike","Anger"],"picked":"Pommel Strike","floor":8.0},{"not_picked":["Searing Blow","Bludgeon","Demon Form"],"picked":"SKIP","floor":11.0},{"not_picked":["Iron Wave","Cleave"],"picked":"Blood for Blood","floor":14.0},{"not_picked":["Berserk","Brutality"],"picked":"Impervious","floor":16},{"not_picked":["Warcry","Flex"],"picked":"Body Slam","floor":18},{"not_picked":["Heavy Blade+1","Cleave+1"],"picked":"True Grit+1","floor":20},{"not_picked":["Intimidate","Anger"],"picked":"Power Through","floor":23},{"not_picked":["Clash","Sword Boomerang"],"picked":"Battle Trance","floor":25},{"not_picked":["Immolate","Wild Strike"],"picked":"Shockwave","floor":27},{"not_picked":["Sword Boomerang","Clothesline","Rampage"],"picked":"SKIP","floor":29},{"not_picked":["Twin Strike","Armaments"],"picked":"Seeing Red","floor":30},{"not_picked":["Pummel","Ghostly Armor","True Grit"],"picked":"SKIP","floor":31},{"not_picked":["Berserk","Demon Form"],"picked":"Exhume","floor":33},{"not_picked":["Pummel+1","Metallicize"],"picked":"Whirlwind","floor":35},{"not_picked":["Cleave+1","Twin Strike+1","Flame Barrier"],"picked":"SKIP","floor":36},{"not_picked":["Headbutt","Havoc"],"picked":"Burning Pact","floor":39},{"not_picked":["Evolve+1","Armaments+1"],"picked":"Berserk+1","floor":40},{"not_picked":["Fire Breathing+1","Cleave"],"picked":"Bloodletting+1","floor":44},{"not_picked":["Sentinel+1","Rage+1","Twin Strike+1"],"picked":"SKIP","floor":46},{"not_picked":["Anger","Wild Strike"],"picked":"Whirlwind","floor":48},{"not_picked":["Demon Form+1","Infernal Blade","Iron Wave+1"],"picked":"SKIP","floor":55}],"player_experience":354904,"relics_obtained":[{"floor":6.0,"key":"Omamori"},{"floor":8.0,"key":"Paper Frog"},{"floor":9.0,"key":"Potion Belt"},{"floor":11.0,"key":"Darkstone Periapt"},{"floor":22,"key":"Necronomicon"},{"floor":23,"key":"PreservedInsect"},{"floor":25,"key":"Lantern"},{"floor":26,"key":"Akabeko"},{"floor":27,"key":"Blood Vial"},{"floor":30,"key":"Art of War"},{"floor":39,"key":"Shovel"},{"floor":40,"key":"Frozen Egg 2"},{"floor":42,"key":"Bottled Lightning"},{"floor":44,"key":"Orichalcum"},{"floor":46,"key":"Pen Nib"},{"floor":47,"key":"Regal Pillow"},{"floor":49,"key":"CaptainsWheel"},{"floor":53,"key":"Self Forming Clay"},{"floor":55,"key":"Centennial Puzzle"}],"event_choices":[{"damage_healed":0.0,"max_hp_gain":0.0,"max_hp_loss":0.0,"gold_gain":0.0,"event_name":"Golden Idol","player_choice":"Take Damage","floor":2.0,"gold_loss":0.0,"damage_taken":26.0,"relics_obtained":["Golden Idol"]},{"damage_healed":0.0,"max_hp_gain":0.0,"max_hp_loss":0.0,"gold_gain":0.0,"cards_transformed":["Strike_R"],"event_name":"Transmorgrifier","player_choice":"Transformed","floor":4.0,"gold_loss":0.0,"damage_taken":0.0,"cards_obtained":["Brutality"]},{"damage_healed":0.0,"max_hp_gain":0.0,"max_hp_loss":0.0,"gold_gain":75.0,"event_name":"World of Goop","player_choice":"Gather Gold","floor":13.0,"gold_loss":0.0,"damage_taken":11.0},{"damage_healed":0,"gold_gain":0,"player_choice":"Gave Idol","damage_taken":0,"relics_obtained":["Bloody Idol"],"max_hp_gain":0,"max_hp_loss":0,"event_name":"Forgotten Altar","floor":19,"relics_lost":["Golden Idol"],"gold_loss":0},{"damage_healed":0,"gold_gain":0,"player_choice":"Obtained Book","damage_taken":21,"max_hp_gain":0,"max_hp_loss":0,"event_name":"Cursed Tome","floor":22,"gold_loss":0},{"damage_healed":15,"gold_gain":0,"player_choice":"Writhe","damage_taken":0,"max_hp_gain":0,"max_hp_loss":0,"event_name":"Winding Halls","floor":37,"gold_loss":0,"cards_obtained":["Writhe"]},{"damage_healed":0,"gold_gain":0,"player_choice":"Fight","damage_taken":0,"max_hp_gain":0,"max_hp_loss":0,"event_name":"Mysterious Sphere","floor":39,"gold_loss":0},{"damage_healed":0,"gold_gain":0,"player_choice":"Forge","damage_taken":0,"max_hp_gain":0,"max_hp_loss":0,"event_name":"Accursed Blacksmith","floor":41,"gold_loss":0,"cards_upgraded":["Brutality"]}],"is_beta":false,"boss_relics":[{"not_picked":["Coffee Dripper","Black Star"],"picked":"Runic Pyramid"},{"not_picked":["SacredBark","Philosopher\u0027s Stone"],"picked":"SlaversCollar"}],"items_purged_floors":[5,21,38,54],"is_endless":false,"potions_floor_spawned":[3,6,11,16,18,20,25,30,31,33,35,40,44,48,55],"ascension_level":20,"potion_discard_per_floor":[[],[],[],[],[],[],[],[],[],[],[],[],[],[],[],[],[],[],[],[],[],[],[],[],[],[],[],[],[],[],[],[],[],[],["EssenceOfSteel"],[],[],[],[],[],[],[],[],["Explosive Potion"],[],[],[],["SpeedPotion"],[],[],[],[],[],[],["FearPotion"],[],[]]}