{"neow_bonuses_skipped_log":["THREE_SMALL_POTIONS","RANDOM_COLORLESS_2","BOSS_RELIC"],"neow_costs_skipped_log":["NONE","PERCENT_DAMAGE","NONE"],"potions_obtained_entropic_brew":[[],[],[],[],[],[],[],[],[],[],[],[],[],[],[],[],[],[],[],[],[],[],[],[],[],[],[],[],[],[],[],[],[],[],[],[],[],[],[],[],[],[],[],[],[],[],[],[],[],[],[],[],[],[],[],[],[]],"gold_per_floor":[118,130,130,205,218,218,244,244,268,298,318,318,5,34,34,108,108,122,122,141,56,132,132,163,174,174,186,212,232,92,121,121,198,198,215,34,309,319,336,361,383,425,437,474,506,518,563,591,603,615,627,639,651,343,371,371],"floor_reached":57,"playtime":7798,"items_purged":["Defend_R","Defend_R"],"score":3500,"play_id":"67a72f36-ff01-4e05-bb1c-8a38a60a3b77","local_time":"20221110001558","score_breakdown":["Floors Climbed (57): 285","Enemies Slain (15): 30","Exordium Elites Killed (3): 30","City Elites Killed (3): 60","Beyond Elites Killed (4): 120","Bosses Slain (5): 750","I Like Shiny: 50","Money Money (1371): 25","Librarian: 25","Stuffed: 50","Champion (7): 175","Perfect (1): 50","Overkill: 25","C-c-c-combo: 25","Ascension (20): 1550","Heartbreaker: 250"],"is_ascension_mode":true,"potions_obtained_alchemize":[[],[],[],[],[],[],[],[],[],[],[],[],[],[],[],[],[],[],[],[],[],[],[],[],[],[],[],[],[],[],[],[],[],[],[],[],[],[],[],[],[],[],[],[],[],[],[],[],[],[],[],[],[],[],[],[],[]],"campfire_choices":[{"data":"Inflame","floor":6,"key":"SMITH"},{"data":"Offering","floor":8,"key":"SMITH"},{"data":"Body Slam","floor":15,"key":"SMITH"},{"data":"Shockwave","floor":23,"key":"SMITH"},{"data":"Armaments","floor":32,"key":"SMITH"},{"floor":46,"key":"RECALL"},{"floor":49,"key":"REST"},{"data":"Barricade","floor":53,"key":"SMITH"}],"lesson_learned_per_floor":[[],[],[],[],[],[],[],[],[],[],[],[],[],[],[],[],[],[],[],[],[],[],[],[],[],[],[],[],[],[],[],[],[],[],[],[],[],[],[],[],[],[],[],[],[],[],[],[],[],[],[],[],[],[],[],[],[]],"neow_cost":"NONE","improvable_cards":{},"seed_source_timestamp":593634472807000,"shop_contents":[{"floor":13,"relics":["CeramicFish"],"cards":["Twin Strike","True Grit","Fire Breathing","Finesse","Violence"],"potions":["LiquidMemories","Dexterity Potion","Explosive Potion"]},{"floor":30,"relics":["Molten Egg 2","Cauldron"],"cards":["Pummel","Sever Soul","Warcry","Inflame","Deep Breath","Metamorphosis"],"potions":["BloodPotion","GamblersBrew","Fruit Juice"]},{"floor":36,"relics":["Toxic Egg 2","Strange Spoon"],"cards":["Wild Strike","Body Slam","Infernal Blade","Armaments","Dark Shackles","Sadistic Nature"],"potions":["AttackPotion","BloodPotion","Regen Potion"]},{"floor":54,"relics":["Brimstone"],"cards":["Reckless Charge","Warcry","Inflame+1","Swift Strike","The Bomb"],"potions":["Dexterity Potion","ElixirPotion","DistilledChaos"]}],"circlet_count":0,"master_deck":["AscendersBane","Defend_R","Defend_R","Offering+1","Inflame+1","Twin Strike","Iron Wave","Shockwave+1","Impervious","Body Slam+1","Intimidate","Exhume","Impervious+1","Feel No Pain+1","Blood for Blood+1","Burning Pact","Armaments+1","Barricade+1","Shockwave","Bloodletting","Offering","Disarm","Feed","Seeing Red","Feel No Pain","Regret","Dual Wield+1","Burning Pact","Writhe","Headbutt+1","Dark Embrace+1","Feel No Pain+1","Disarm+1","Reaper","Shrug It Off","Shockwave"],"potion_use_per_floor":[[],[],[],[],[],[],[],[],[],["Energy Potion"],["Regen Potion"],[],[],[],[],[],[],[],[],[],[],[],[],[],[],[],[],["AttackPotion"],[],[],[],[],["BloodPotion"],[],[],[],[],[],[],[],[],[],[],[],[],[],[],[],[],[],[],[],[],[],[],["DuplicationPotion"],[]],"relics":["Burning Blood","Toy Ornithopter","Happy Flower","Blue Candle","Orichalcum","Membership Card","Bag of Preparation","Dead Branch","Astrolabe","Regal Pillow","Sundial","Unceasing Top","Darkstone Periapt","Bronze Scales","StoneCalendar","Cursed Key","Pantograph","MawBank","Question Card","Frozen Egg 2","HornCleat","Paper Frog","Pen Nib","Akabeko","Red Skull"],"potions_floor_usage":[10,11,28,33,56],"damage_taken":[{"damage":6,"enemies":"Cultist","floor":1,"turns":3},{"damage":5,"enemies":"2 Louse","floor":2,"turns":5},{"damage":7,"enemies":"Jaw Worm","floor":5,"turns":3},{"damage":10,"enemies":"Gremlin Nob","floor":7,"turns":3},{"damage":6,"enemies":"Lagavulin","floor":10,"turns":3},{"damage":0,"enemies":"Large Slime","floor":11,"turns":4},{"damage":10,"enemies":"3 Sentries","floor":14,"turns":5},{"damage":28,"enemies":"Slime Boss","floor":16,"turns":8},{"damage":9,"enemies":"Shell Parasite","floor":18,"turns":6},{"damage":2,"enemies":"2 Thieves","floor":20,"turns":4},{"damage":12,"enemies":"Book of Stabbing","floor":24,"turns":4},{"damage":6,"enemies":"Centurion and Healer","floor":25,"turns":7},{"damage":9,"enemies":"3 Cultists","floor":27,"turns":6},{"damage":18,"enemies":"Slavers","floor":28,"turns":4},{"damage":4,"enemies":"Shelled Parasite and Fungi","floor":29,"turns":4},{"damage":15,"enemies":"Gremlin Leader","floor":31,"turns":2},{"damage":28,"enemies":"Collector","floor":33,"turns":5},{"damage":6,"enemies":"3 Shapes","floor":35,"turns":7},{"damage":24,"enemies":"3 Darklings","floor":38,"turns":6},{"damage":8,"enemies":"Spire Growth","floor":39,"turns":12},{"damage":19,"enemies":"Reptomancer","floor":40,"turns":7},{"damage":24,"enemies":"Sphere and 2 Shapes","floor":41,"turns":5},{"damage":10,"enemies":"Giant Head","floor":42,"turns":5},{"damage":6,"enemies":"Nemesis","floor":44,"turns":11},{"damage":14,"enemies":"3 Darklings","floor":45,"turns":7},{"damage":18,"enemies":"Reptomancer","floor":47,"turns":4},{"damage":19,"enemies":"Jaw Worm Horde","floor":48,"turns":4},{"damage":11,"enemies":"Time Eater","floor":50,"turns":7},{"damage":43,"enemies":"Donu and Deca","floor":51,"turns":2},{"damage":35,"enemies":"Shield and Spear","floor":55,"turns":7},{"damage":30,"enemies":"The Heart","floor":56,"turns":7}],"green_key_taken_log":28,"seed_played":"-6855352819888947619","neow_bonus_log":{"cardsObtained":["Offering"],"cardsUpgraded":[],"cardsRemoved":[],"cardsTransformed":["Strike_R"],"relicsObtained":[],"maxHpGained":0,"goldGained":0,"damageTaken":0,"goldLost":0,"maxHpLost":0},"potions_obtained":[{"floor":1,"key":"Energy Potion"},{"floor":2,"key":"AttackPotion"},{"floor":10,"key":"Regen Potion"},{"floor":11,"key":"DuplicationPotion"},{"floor":31,"key":"BloodPotion"},{"floor":33,"key":"FairyPotion"}],"is_trial":false,"path_per_floor":["M","M","?","?","M","R","E","R","T","E","M","?","$","E","R","B",null,"M","?","M","?","T","R","E","M","T","M","E","M","$","E","R","B",null,"M","$","?","M","M","E","M","E","T","E","M","R","E","M","R","B","B",null,"R","$","E","B",null],"character_chosen":"IRONCLAD","items_purchased":["Membership Card","Bag of Preparation","Impervious","Body Slam","Disarm","Bronze Scales","Feel No Pain","Pantograph","Reaper","Pen Nib","Akabeko","Shrug It Off"],"campfire_rested":1,"item_purchase_floors":[13,13,13,13,30,30,36,36,54,54,54,54],"current_hp_per_floor":[68,69,65,54,53,53,49,49,49,54,75,57,57,53,53,31,64,61,61,65,65,65,65,59,59,59,56,49,51,51,42,42,40,66,69,69,75,60,61,52,41,41,47,47,39,39,30,29,81,101,89,117,117,117,98,126],"gold":371,"neow_bonus":"TRANSFORM_CARD","is_prod":false,"is_daily":false,"rewards_skipped":[{"floor":18,"relics":[],"potions":["FearPotion"]},{"floor":25,"relics":[],"potions":["Swift Potion"]},{"floor":35,"relics":[],"potions":["ElixirPotion"]},{"floor":39,"relics":[],"potions":["LiquidBronze"]},{"floor":41,"relics":[],"potions":["SpeedPotion"]},{"floor":45,"relics":[],"potions":["Dexterity Potion"]},{"floor":47,"relics":[],"potions":["ColorlessPotion"]}],"chose_seed":false,"campfire_upgraded":6,"win_rate":0,"floor_exit_playtime":[508,642,715,729,1011,1019,1159,1364,1379,1506,1710,1716,1824,1963,1969,2423,2548,2705,2934,3110,3131,3147,3169,3319,3465,3476,3598,3792,3883,3928,3997,4048,4286,4324,4595,4878,4901,5195,5327,5568,5682,5855,5870,6055,6348,6354,6554,6685,6720,6906,7015,7027,7035,7212,7462,7798],"timestamp":1668057358,"blue_key_relic_skipped_log":{"floor":26,"relicID":"Strawberry"},"path_taken":["M","M","?","?","M","R","E","R","T","E","M","?","$","E","R","BOSS","M","?","M","?","?","R","E","M","T","M","E","?","?","E","R","BOSS","M","$","?","?","M","E","M","E","T","E","M","R","E","M","R","BOSS","BOSS","R","$","E","BOSS"],"build_version":"2022-10-04","purchased_purges":2,"victory":true,"max_hp_per_floor":[75,75,75,75,75,75,75,75,75,75,75,75,75,75,75,75,75,75,75,75,75,75,75,75,75,75,75,75,75,75,75,75,75,75,78,78,84,87,90,94,101,105,111,111,111,111,114,126,126,126,126,126,126,126,126,126],"card_choices":[{"not_picked":["Heavy Blade","Thunderclap"],"picked":"Inflame","floor":1},{"not_picked":["Flex","Thunderclap"],"picked":"Twin Strike","floor":2},{"not_picked":["Sword Boomerang","Clothesline"],"picked":"Iron Wave","floor":5},{"not_picked":["Clothesline","True Grit","Warcry"],"picked":"SKIP","floor":7},{"not_picked":["Rage","Combust"],"picked":"Shockwave","floor":10},{"not_picked":["Sentinel","Warcry","Havoc"],"picked":"SKIP","floor":11},{"not_picked":["Armaments","Carnage"],"picked":"Intimidate","floor":14},{"not_picked":["Reaper","Barricade"],"picked":"Exhume","floor":16},{"not_picked":["Body Slam","Anger"],"picked":"Burning Pact","floor":18},{"not_picked":["Pommel Strike","Thunderclap+1","Cleave"],"picked":"SKIP","floor":20},{"not_picked":["Havoc","Cleave","Burning Pact"],"picked":"SKIP","floor":24},{"not_picked":["Shrug It Off","Clash"],"picked":"Shockwave","floor":25},{"not_picked":["Flame Barrier","Thunderclap"],"picked":"Bloodletting","floor":27},{"not_picked":["Intimidate","Warcry","Shockwave+1"],"picked":"SKIP","floor":28},{"not_picked":["Inflame+1","Headbutt"],"picked":"Offering","floor":29},{"not_picked":["Twin Strike","Iron Wave","Thunderclap"],"picked":"SKIP","floor":31},{"not_picked":["Immolate","Demon Form"],"picked":"Feed","floor":33},{"not_picked":["Evolve","Body Slam"],"picked":"Seeing Red","floor":35},{"not_picked":["Dropkick","Body Slam","Flex"],"picked":"SKIP","floor":38},{"not_picked":["Dropkick","Warcry+1"],"picked":"Dual Wield+1","floor":39},{"not_picked":["Burning Pact","Flex","Body Slam"],"picked":"SKIP","floor":40},{"not_picked":["Carnage","Warcry"],"picked":"Burning Pact","floor":41},{"not_picked":["Anger","Sever Soul","Metallicize+1"],"picked":"SKIP","floor":42},{"not_picked":["Immolate","Wild Strike","Pummel"],"picked":"Headbutt+1","floor":44},{"not_picked":["Armaments","Pommel Strike+1","Cleave"],"picked":"Dark Embrace+1","floor":45},{"not_picked":["Inflame+1","Clash","Power Through"],"picked":"Feel No Pain+1","floor":47},{"not_picked":["Fire Breathing+1","Warcry","Rage+1"],"picked":"Disarm+1","floor":48},{"not_picked":["Hemokinesis","Clothesline","Armaments"],"picked":"Shockwave","floor":55}],"player_experience":337620,"relics_obtained":[{"floor":7,"key":"Toy Ornithopter"},{"floor":9,"key":"Happy Flower"},{"floor":10,"key":"Blue Candle"},{"floor":14,"key":"Dead Branch"},{"floor":22,"key":"Sundial"},{"floor":24,"key":"Unceasing Top"},{"floor":28,"key":"Darkstone Periapt"},{"floor":31,"key":"StoneCalendar"},{"floor":40,"key":"MawBank"},{"floor":42,"key":"Question Card"},{"floor":43,"key":"Frozen Egg 2"},{"floor":44,"key":"HornCleat"},{"floor":47,"key":"Paper Frog"},{"floor":55,"key":"Red Skull"}],"event_choices":[{"damage_healed":0,"gold_gain":0,"player_choice":"Bought 0 Potions","damage_taken":0,"max_hp_gain":0,"max_hp_loss":0,"event_name":"The Woman in Blue","floor":3,"gold_loss":0},{"damage_healed":0,"gold_gain":75,"player_choice":"Gather Gold","damage_taken":11,"max_hp_gain":0,"max_hp_loss":0,"event_name":"World of Goop","floor":4,"gold_loss":0},{"damage_healed":0,"gold_gain":0,"player_choice":"Success","damage_taken":18,"relics_obtained":["Orichalcum"],"max_hp_gain":0,"max_hp_loss":0,"event_name":"Scrap Ooze","floor":12,"gold_loss":0},{"damage_healed":0,"gold_gain":0,"cards_transformed":["Strike_R","Bash"],"player_choice":"Became Test Subject","damage_taken":0,"max_hp_gain":0,"max_hp_loss":0,"event_name":"Drug Dealer","floor":19,"gold_loss":0,"cards_obtained":["Armaments","Barricade"]},{"damage_healed":0,"gold_gain":0,"player_choice":"Obtained Relic","damage_taken":0,"relics_obtained":["Regal Pillow"],"max_hp_gain":0,"max_hp_loss":0,"event_name":"Addict","floor":21,"gold_loss":85},{"damage_healed":0,"gold_gain":275,"player_choice":"Desecrate","damage_taken":0,"max_hp_gain":0,"max_hp_loss":0,"event_name":"Golden Shrine","floor":37,"gold_loss":0,"cards_obtained":["Regret"]}],"is_beta":false,"boss_relics":[{"not_picked":["Tiny House","Mark of Pain"],"picked":"Astrolabe"},{"not_picked":["Black Blood","Empty Cage"],"picked":"Cursed Key"}],"items_purged_floors":[30,54],"is_endless":false,"potions_floor_spawned":[1,2,10,11,18,25,31,33,35,39,41,45,47],"ascension_level":20,"potion_discard_per_floor":[[],[],[],[],[],[],[],[],[],[],[],[],[],[],[],[],[],[],[],[],[],[],[],[],[],[],[],[],[],[],[],[],[],[],[],[],[],[],[],[],[],[],[],[],[],[],[],[],[],[],[],[],[],[],[],[],[]]}