{"neow_bonuses_skipped_log":["RANDOM_COLORLESS","HUNDRED_GOLD","BOSS_RELIC"],"potions_obtained_entropic_brew":[[],[],[],[],[],[],[],[],[],[],[],[],[],[],[],[],[],[],[],[],[],[],[],[],[],[],[],[],[],[],[],[],[]],"neow_costs_skipped_log":["NONE","NONE","NONE"],"gold_per_floor":[118,137,154,154,154,188,213,213,263,278,293,14,61,94,94,193,193,214,214,238,67,92,92,131,131,131,181,213,261,284,284,284,284],"floor_reached":33,"playtime":6593,"items_purged":["Strike_R"],"score":688,"play_id":"0f12c813-07aa-4c30-aa21-3d00dea327d1","local_time":"20221111195655","score_breakdown":["Floors Climbed (33): 165","Enemies Slain (12): 24","Exordium Elites Killed (2): 20","City Elites Killed (3): 60","Bosses Slain (1): 50","Stuffed: 50","Ascension (20): 319"],"is_ascension_mode":true,"potions_obtained_alchemize":[[],[],[],[],[],[],[],[],[],[],[],[],[],[],[],[],[],[],[],[],[],[],[],[],[],[],[],[],[],[],[],[],[]],"campfire_choices":[{"data":"Bash","floor":8,"key":"SMITH"},{"data":"Immolate","floor":15,"key":"SMITH"},{"data":"Body Slam","floor":23,"key":"SMITH"},{"floor":25,"key":"REST"},{"data":"Corruption","floor":32,"key":"SMITH"}],"lesson_learned_per_floor":[[],[],[],[],[],[],[],[],[],[],[],[],[],[],[],[],[],[],[],[],[],[],[],[],[],[],[],[],[],[],[],[],[]],"neow_cost":"PERCENT_DAMAGE","improvable_cards":{},"seed_source_timestamp":40932252982400,"shop_contents":[{"floor":12,"relics":["Gremlin Horn","Lee\u0027s Waffle"],"cards":["Uppercut","Blood for Blood","Ghostly Armor","Rage","Combust","Blind","The Bomb"],"potions":["GamblersBrew","Dexterity Potion","AttackPotion"]},{"floor":21,"relics":["Whetstone","Lizard Tail","OrangePellets"],"cards":["Iron Wave","Perfected Strike","Armaments","Sentinel","Feel No Pain","Secret Weapon"],"potions":["ElixirPotion","Explosive Potion","SpeedPotion"]}],"circlet_count":0,"master_deck":["AscendersBane","Strike_R","Strike_R","Strike_R","Defend_R","Defend_R","Defend_R","Defend_R","Bash+1","Feed","Cleave","Anger","Pommel Strike","Impervious","Shrug It Off","Armaments","Body Slam+1","Immolate+1","Offering","Flame Barrier+1","PanicButton","Dark Embrace+1","Seeing Red","Corruption+1"],"potion_use_per_floor":[[],[],[],[],[],["Strength Potion","AttackPotion"],[],[],[],[],[],[],["Weak Potion"],[],[],[],[],[],[],[],[],[],[],["LiquidMemories"],[],[],["SkillPotion"],[],["Fire Potion"],[],[],[],[]],"relics":["Burning Blood","Golden Idol","Boot","Pantograph","CeramicFish","Runic Cube","Pear","Red Skull","Darkstone Periapt","Molten Egg 2","Potion Belt","Self Forming Clay"],"potions_floor_usage":[6,6,13,24,27,29],"damage_taken":[{"damage":7,"enemies":"2 Louse","floor":1,"turns":3},{"damage":9,"enemies":"Jaw Worm","floor":2,"turns":4},{"damage":1,"enemies":"Small Slimes","floor":3,"turns":3},{"damage":10,"enemies":"3 Sentries","floor":6,"turns":4},{"damage":15,"enemies":"Looter","floor":7,"turns":4},{"damage":24,"enemies":"Exordium Thugs","floor":10,"turns":5},{"damage":4,"enemies":"Large Slime","floor":11,"turns":6},{"damage":27,"enemies":"Gremlin Nob","floor":13,"turns":5},{"damage":0,"enemies":"Blue Slaver","floor":14,"turns":3},{"damage":28,"enemies":"The Guardian","floor":16,"turns":15},{"damage":40,"enemies":"Shell Parasite","floor":18,"turns":4},{"damage":15,"enemies":"3 Byrds","floor":20,"turns":4},{"damage":19,"enemies":"Snake Plant","floor":22,"turns":5},{"damage":28,"enemies":"Gremlin Leader","floor":24,"turns":7},{"damage":7,"enemies":"Slavers","floor":27,"turns":2},{"damage":15,"enemies":"Centurion and Healer","floor":28,"turns":6},{"damage":30,"enemies":"Book of Stabbing","floor":29,"turns":5},{"damage":5,"enemies":"Snecko","floor":30,"turns":4},{"damage":74,"enemies":"Automaton","floor":33,"turns":6}],"green_key_taken_log":13,"seed_played":"4906904474376268638","neow_bonus_log":{"cardsObtained":[],"cardsUpgraded":[],"cardsRemoved":[],"cardsTransformed":[],"relicsObtained":[],"maxHpGained":0,"goldGained":0,"damageTaken":18,"goldLost":0,"maxHpLost":0},"potions_obtained":[{"floor":1,"key":"Strength Potion"},{"floor":2,"key":"AttackPotion"},{"floor":10,"key":"Weak Potion"},{"floor":14,"key":"LiquidMemories"},{"floor":18,"key":"ElixirPotion"},{"floor":20,"key":"Fire Potion"},{"floor":24,"key":"SkillPotion"}],"is_trial":false,"path_per_floor":["M","M","M","?","?","E","M","R","T","M","M","$","E","M","R","B",null,"M","?","M","$","M","R","E","R","T","E","M","E","M","T","R","B"],"character_chosen":"IRONCLAD","items_purchased":["Pantograph","PanicButton"],"campfire_rested":1,"item_purchase_floors":[12,21],"current_hp_per_floor":[52,52,60,60,60,59,53,53,53,38,43,43,22,31,31,37,80,49,59,54,54,41,41,22,56,56,59,54,30,31,31,31,0],"gold":284,"neow_bonus":"THREE_RARE_CARDS","is_prod":false,"is_daily":false,"rewards_skipped":[{"floor":3,"relics":[],"potions":["ColorlessPotion"]}],"chose_seed":false,"campfire_upgraded":4,"win_rate":0,"floor_exit_playtime":[567,729,783,813,898,1155,1247,1428,1480,1706,1870,2479,2802,2901,2970,3190,3594,3748,3762,4004,4124,4535,4623,5058,5069,5075,5212,5511,5857,6016,6025,6099],"timestamp":1668214615,"blue_key_relic_skipped_log":{"floor":9,"relicID":"Tiny Chest"},"path_taken":["M","M","M","?","?","E","M","R","T","M","?","$","E","M","R","BOSS","M","?","M","?","?","R","E","R","T","E","?","E","M","?","R","BOSS"],"build_version":"2022-10-04","purchased_purges":1,"victory":false,"max_hp_per_floor":[78,81,84,84,76,79,82,82,82,85,88,88,88,91,91,94,94,97,107,111,111,111,111,114,114,114,118,122,122,122,122,122,122],"card_choices":[{"not_picked":["Fiend Fire","Double Tap"],"picked":"Feed","floor":0},{"not_picked":["Thunderclap","Metallicize"],"picked":"Cleave","floor":1},{"not_picked":["Sword Boomerang","Inflame"],"picked":"Anger","floor":2},{"not_picked":["Thunderclap","Wild Strike"],"picked":"Pommel Strike","floor":3},{"not_picked":["Rupture","Havoc"],"picked":"Impervious","floor":6},{"not_picked":["Rampage","Anger","True Grit"],"picked":"SKIP","floor":7},{"not_picked":["Anger","Perfected Strike"],"picked":"Shrug It Off","floor":10},{"not_picked":["Bloodletting","Reckless Charge"],"picked":"Armaments","floor":11},{"not_picked":["Flex","Shrug It Off"],"picked":"Body Slam","floor":13},{"not_picked":["Carnage","Perfected Strike"],"picked":"Immolate","floor":14},{"not_picked":["Feed","Bludgeon"],"picked":"Offering","floor":16},{"not_picked":["Warcry","Wild Strike","Sword Boomerang"],"picked":"SKIP","floor":18},{"not_picked":["Armaments","Cleave"],"picked":"Flame Barrier+1","floor":20},{"not_picked":["True Grit","Flex","Flame Barrier"],"picked":"SKIP","floor":22},{"not_picked":["True Grit","Flex","Flame Barrier"],"picked":"SKIP","floor":22},{"not_picked":["True Grit","Flex","Flame Barrier"],"picked":"SKIP","floor":22},{"not_picked":["Thunderclap","Dual Wield","Headbutt"],"picked":"SKIP","floor":24},{"not_picked":["Dropkick+1","Heavy Blade+1"],"picked":"Dark Embrace+1","floor":27},{"not_picked":["Twin Strike+1","Clash+1"],"picked":"Seeing Red","floor":28},{"not_picked":["Thunderclap+1","Armaments"],"picked":"Corruption","floor":29},{"not_picked":["Iron Wave+1","Wild Strike+1","Heavy Blade+1"],"picked":"SKIP","floor":30}],"player_experience":381515,"relics_obtained":[{"floor":6,"key":"Boot"},{"floor":13,"key":"CeramicFish"},{"floor":24,"key":"Red Skull"},{"floor":26,"key":"Darkstone Periapt"},{"floor":27,"key":"Molten Egg 2"},{"floor":29,"key":"Potion Belt"},{"floor":31,"key":"Self Forming Clay"}],"event_choices":[{"cards_removed":["Strike_R"],"damage_healed":0,"gold_gain":0,"player_choice":"Purged","damage_taken":0,"max_hp_gain":0,"max_hp_loss":0,"event_name":"Purifier","floor":4,"gold_loss":0},{"damage_healed":0,"gold_gain":0,"player_choice":"Lose Max HP","damage_taken":0,"relics_obtained":["Golden Idol"],"max_hp_gain":0,"max_hp_loss":8,"event_name":"Golden Idol","floor":5,"gold_loss":0},{"damage_healed":0,"gold_gain":0,"player_choice":"Gave Potion","damage_taken":0,"relics_obtained":["Pear"],"max_hp_gain":0,"max_hp_loss":0,"event_name":"WeMeetAgain","floor":19,"gold_loss":0}],"is_beta":false,"boss_relics":[{"not_picked":["Empty Cage","Busted Crown"],"picked":"Runic Cube"}],"items_purged_floors":[21],"is_endless":false,"potions_floor_spawned":[1,2,3,10,14,18,20,24],"killed_by":"Automaton","ascension_level":20,"potion_discard_per_floor":[[],[],[],[],[],[],[],[],[],[],[],[],[],[],[],[],[],[],[],[],[],[],[],[],[],[],[],[],[],[],[],[],[]]}