{"neow_bonuses_skipped_log":["TRANSFORM_CARD","ONE_RARE_RELIC","BOSS_RELIC"],"potions_obtained_entropic_brew":[[],[],[],[],[],[],[],[],[],[],[],[],[],[],[],[],[],[],[],[],[],[],[],[],[],[],[],[],[],[],[],[],[],[],[],[],[],[],[],[],[],[],[],[],[],[],[],[],[],[],[],[],[],[],[],[],[]],"neow_costs_skipped_log":["NONE","NO_GOLD","NONE"],"gold_per_floor":[115,126,140,155,50,83,83,109,109,139,99,114,129,161,161,235,235,251,269,194,212,238,266,285,210,210,244,244,260,260,260,260,332,332,352,367,367,23,78,113,63,96,122,122,122,122,154,170,170,170,170,170,170,29,63,63],"floor_reached":57,"playtime":14231,"items_purged":["Strike_R","Strike_R","Strike_R"],"score":2966,"play_id":"45de3253-feb9-4c78-9848-a959217c021f","local_time":"20221111180408","score_breakdown":["Floors Climbed (57): 285","Enemies Slain (14): 28","Exordium Elites Killed (4): 40","City Elites Killed (2): 40","Beyond Elites Killed (3): 90","Bosses Slain (5): 750","I Like Shiny: 50","Champion (1): 25","Perfect (1): 50","C-c-c-combo: 25","Ascension (20): 1333","Heartbreaker: 250"],"is_ascension_mode":true,"potions_obtained_alchemize":[[],[],[],[],[],[],[],[],[],[],[],[],[],[],[],[],[],[],[],[],[],[],[],[],[],[],[],[],[],[],[],[],[],[],[],[],[],[],[],[],[],[],[],[],[],[],[],[],[],[],[],[],[],[],[],[],[]],"campfire_choices":[{"data":"Whirlwind","floor":7,"key":"SMITH"},{"data":"Armaments","floor":15,"key":"SMITH"},{"floor":28,"key":"DIG"},{"floor":30,"key":"DIG"},{"floor":32,"key":"DIG"},{"floor":44,"key":"DIG"},{"floor":46,"key":"RECALL"},{"floor":49,"key":"DIG"},{"floor":53,"key":"DIG"}],"lesson_learned_per_floor":[[],[],[],[],[],[],[],[],[],[],[],[],[],[],[],[],[],[],[],[],[],[],[],[],[],[],[],[],[],[],[],[],[],[],[],[],[],[],[],[],[],[],[],[],[],[],[],[],[],[],[],[],[],[],[],[],[]],"neow_cost":"NONE","improvable_cards":{},"seed_source_timestamp":26316856780000,"shop_contents":[{"floor":5,"relics":["Toy Ornithopter","Whetstone","Frozen Eye"],"cards":["Heavy Blade","Sever Soul","Dual Wield","Rage","Dark Embrace","The Bomb"],"potions":["SkillPotion","BloodPotion","Regen Potion"]},{"floor":20,"relics":["Mercury Hourglass","Gremlin Horn","Strange Spoon"],"cards":["Wild Strike","Blood for Blood","Havoc","Exhume","Combust","Panacea","Sadistic Nature"],"potions":["Strength Potion","Ancient Potion","EssenceOfSteel"]},{"floor":38,"relics":["Kunai","Bottled Flame"],"cards":["Carnage","Headbutt","Flame Barrier","Armaments","Jack Of All Trades","The Bomb"],"potions":["Energy Potion","CultistPotion","FearPotion"]},{"floor":41,"relics":["Red Skull","Bird Faced Urn","Membership Card"],"cards":["Anger","Body Slam","Armaments","True Grit","Evolve","Discovery","Sadistic Nature"],"potions":["Block Potion","AttackPotion","BlessingOfTheForge"]},{"floor":54,"relics":["Letter Opener","Pocketwatch","Medical Kit"],"cards":["Blood for Blood+1","Twin Strike+1","Warcry","Metallicize","Flash of Steel+1","Secret Technique"],"potions":["DistilledChaos","SneckoOil"]}],"circlet_count":0,"master_deck":["AscendersBane","Defend_R","Defend_R","Defend_R","Defend_R","Bash","Hemokinesis","Shrug It Off","Pommel Strike","Whirlwind+1","Dark Shackles","Seeing Red","Inflame","Impervious","Armaments+1","Reaper","Battle Trance","Corruption","Fiend Fire","Evolve+1","Dark Embrace","Dual Wield","Pommel Strike+1","Barricade","Rage"],"potion_use_per_floor":[[],[],[],[],[],["LiquidBronze"],[],["Weak Potion","Block Potion"],[],[],[],[],[],[],[],[],[],[],[],[],[],["SteroidPotion"],[],[],[],[],[],[],[],[],[],[],["CultistPotion"],[],["Fruit Juice"],["Fruit Juice"],[],[],["SkillPotion"],[],[],[],[],[],[],[],[],[],[],[],[],[],[],[],[],["BloodPotion"],[]],"relics":["Burning Blood","Lantern","Magic Flower","Eternal Feather","InkBottle","Centennial Puzzle","Shovel","Snecko Eye","Red Mask","Darkstone Periapt","Sundial","PreservedInsect","Akabeko","Regal Pillow","Omamori","Fusion Hammer","OrangePellets","CaptainsWheel","Smiling Mask","Oddly Smooth Stone","Art of War","Singing Bowl","Molten Egg 2","Bag of Preparation","Pantograph","Bag of Marbles"],"potions_floor_usage":[6,8,8,22,33,35,36,39,56],"damage_taken":[{"damage":6,"enemies":"2 Louse","floor":1,"turns":3},{"damage":9,"enemies":"Small Slimes","floor":2,"turns":3},{"damage":1,"enemies":"Cultist","floor":3,"turns":3},{"damage":3,"enemies":"Looter","floor":4,"turns":2},{"damage":18,"enemies":"3 Sentries","floor":6,"turns":7},{"damage":16,"enemies":"Lagavulin","floor":8,"turns":7},{"damage":29,"enemies":"3 Sentries","floor":10,"turns":6},{"damage":0,"enemies":"Large Slime","floor":12,"turns":5},{"damage":0,"enemies":"Red Slaver","floor":13,"turns":2},{"damage":3,"enemies":"Lagavulin","floor":14,"turns":7},{"damage":4,"enemies":"Slime Boss","floor":16,"turns":8},{"damage":2,"enemies":"Spheric Guardian","floor":18,"turns":3},{"damage":12,"enemies":"Chosen","floor":19,"turns":4},{"damage":2,"enemies":"Snecko","floor":21,"turns":3},{"damage":0,"enemies":"Masked Bandits","floor":22,"turns":2},{"damage":31,"enemies":"Book of Stabbing","floor":23,"turns":5},{"damage":37,"enemies":"Shelled Parasite and Fungi","floor":24,"turns":6},{"damage":14,"enemies":"Slavers","floor":27,"turns":4},{"damage":0,"enemies":"Cultist and Chosen","floor":29,"turns":2},{"damage":42,"enemies":"Champ","floor":33,"turns":10},{"damage":8,"enemies":"3 Shapes","floor":35,"turns":11},{"damage":12,"enemies":"Orb Walker","floor":36,"turns":2},{"damage":19,"enemies":"2 Orb Walkers","floor":39,"turns":5},{"damage":0,"enemies":"Reptomancer","floor":40,"turns":3},{"damage":8,"enemies":"Nemesis","floor":42,"turns":5},{"damage":25,"enemies":"Reptomancer","floor":47,"turns":5},{"damage":0,"enemies":"Jaw Worm Horde","floor":48,"turns":4},{"damage":40,"enemies":"Time Eater","floor":50,"turns":7},{"damage":15,"enemies":"Awakened One","floor":51,"turns":6},{"damage":6,"enemies":"Shield and Spear","floor":55,"turns":3},{"damage":83,"enemies":"The Heart","floor":56,"turns":7}],"green_key_taken_log":40,"seed_played":"-540594744487192526","neow_bonus_log":{"cardsObtained":[],"cardsUpgraded":[],"cardsRemoved":[],"cardsTransformed":[],"relicsObtained":["Lantern"],"maxHpGained":0,"goldGained":0,"damageTaken":0,"goldLost":0,"maxHpLost":0},"potions_obtained":[{"floor":2,"key":"LiquidBronze"},{"floor":3,"key":"Weak Potion"},{"floor":6,"key":"Block Potion"},{"floor":8,"key":"DistilledChaos"},{"floor":11,"key":"SteroidPotion"},{"floor":24,"key":"CultistPotion"},{"floor":29,"key":"Fruit Juice"},{"floor":33,"key":"SkillPotion"},{"floor":35,"key":"Fruit Juice"},{"floor":36,"key":"Energy Potion"}],"is_trial":false,"path_per_floor":["M","M","M","M","$","E","R","E","T","E","?","M","M","E","R","B",null,"M","M","$","M","?","E","M","?","T","E","R","M","R","T","R","B",null,"M","M","?","$","?","E","$","E","T","R","?","R","E","M","R","B","B",null,"R","$","E","B",null],"character_chosen":"IRONCLAD","items_purchased":["Dark Shackles","Dark Embrace","OrangePellets","Rage","BloodPotion"],"campfire_rested":0,"item_purchase_floors":[5,38,38,54,54],"current_hp_per_floor":[68,65,70,73,73,61,61,54,54,34,34,43,52,58,70,75,75,75,72,72,75,75,62,37,37,37,50,62,71,75,75,75,59,71,80,82,82,82,80,85,85,85,85,85,85,85,85,87,87,71,76,84,87,87,89,41],"gold":63,"neow_bonus":"RANDOM_COMMON_RELIC","is_prod":false,"is_daily":false,"rewards_skipped":[{"floor":11,"relics":[],"potions":["HeartOfIron","Explosive Potion"]},{"floor":12,"relics":[],"potions":["FearPotion"]},{"floor":13,"relics":[],"potions":["HeartOfIron"]},{"floor":19,"relics":[],"potions":["SkillPotion"]},{"floor":21,"relics":[],"potions":["ColorlessPotion"]},{"floor":27,"relics":[],"potions":["LiquidBronze"]}],"chose_seed":false,"campfire_upgraded":2,"win_rate":0,"floor_exit_playtime":[367,474,681,789,858,1193,1231,1870,1882,2136,2347,3013,3053,3253,3271,3683,3940,4042,4334,4592,4714,4853,5132,5359,5384,5394,5727,5737,5883,5889,5909,5919,6604,6839,7154,7246,7268,7659,7907,8128,8170,8482,8489,8500,8565,8578,9001,9158,9165,9718,10299,10314,10346,10635,10877,14231],"timestamp":1668207848,"blue_key_relic_skipped_log":{"floor":31,"relicID":"Matryoshka"},"path_taken":["M","M","M","M","$","E","R","E","T","E","?","M","?","E","R","BOSS","M","?","$","?","?","E","M","?","T","E","R","?","R","?","R","BOSS","M","M","?","$","?","E","?","E","T","R","?","R","E","M","R","BOSS","BOSS","R","$","E","BOSS"],"build_version":"2022-10-04","purchased_purges":3,"victory":true,"max_hp_per_floor":[75,75,75,75,75,75,75,75,75,75,75,75,75,75,75,75,75,75,75,75,75,75,75,75,75,75,75,75,75,75,75,75,75,75,80,85,85,85,85,85,85,85,85,85,85,85,85,87,87,87,87,87,87,87,89,89],"card_choices":[{"not_picked":["Shrug It Off","Iron Wave"],"picked":"Hemokinesis","floor":1},{"not_picked":["Pummel","Havoc"],"picked":"Shrug It Off","floor":2},{"not_picked":["Wild Strike","Disarm"],"picked":"Pommel Strike","floor":3},{"not_picked":["Headbutt","Shrug It Off"],"picked":"Whirlwind","floor":4},{"not_picked":["Clash","Wild Strike"],"picked":"Seeing Red","floor":6},{"not_picked":["Juggernaut","Dual Wield"],"picked":"Inflame","floor":8},{"not_picked":["Twin Strike","Sever Soul"],"picked":"Impervious","floor":10},{"not_picked":["Body Slam","Infernal Blade"],"picked":"Armaments","floor":12},{"not_picked":["Searing Blow","Sword Boomerang","Heavy Blade"],"picked":"SKIP","floor":13},{"not_picked":["Second Wind","Heavy Blade","Dropkick"],"picked":"SKIP","floor":14},{"not_picked":["Barricade","Limit Break"],"picked":"Reaper","floor":16},{"not_picked":["Clash","Pommel Strike","Flex"],"picked":"SKIP","floor":18},{"not_picked":["Juggernaut","Cleave"],"picked":"Perfected Strike","floor":19},{"not_picked":["Thunderclap","Blood for Blood"],"picked":"Battle Trance","floor":21},{"not_picked":["Body Slam","Anger+1","Cleave"],"picked":"SKIP","floor":22},{"not_picked":["Clothesline","Entrench+1","Dropkick"],"picked":"SKIP","floor":23},{"not_picked":["Shrug It Off","Body Slam"],"picked":"Corruption","floor":24},{"not_picked":["Double Tap","Twin Strike"],"picked":"Fiend Fire","floor":27},{"not_picked":["Body Slam","Twin Strike"],"picked":"Evolve+1","floor":29},{"not_picked":["Anger+1","Thunderclap","Sword Boomerang"],"picked":"SKIP","floor":35},{"not_picked":["Metallicize","Cleave","Clothesline"],"picked":"SKIP","floor":36},{"not_picked":["Shrug It Off+1","Berserk"],"picked":"Dual Wield","floor":39},{"not_picked":["Headbutt","Dual Wield","Clash"],"picked":"SKIP","floor":40},{"not_picked":["Havoc","True Grit"],"picked":"Pommel Strike+1","floor":42},{"not_picked":["Havoc","Pommel Strike+1"],"picked":"Barricade","floor":47},{"not_picked":["Rampage+1","Headbutt+1","Clash+1"],"picked":"Singing Bowl","floor":48},{"not_picked":["Ghostly Armor","Clash+1","Twin Strike+1"],"picked":"Singing Bowl","floor":55}],"player_experience":367284,"relics_obtained":[{"floor":6,"key":"Magic Flower"},{"floor":8,"key":"Eternal Feather"},{"floor":9,"key":"InkBottle"},{"floor":10,"key":"Centennial Puzzle"},{"floor":14,"key":"Shovel"},{"floor":22,"key":"Red Mask"},{"floor":23,"key":"Darkstone Periapt"},{"floor":26,"key":"Sundial"},{"floor":27,"key":"PreservedInsect"},{"floor":28,"key":"Akabeko"},{"floor":30,"key":"Regal Pillow"},{"floor":32,"key":"Omamori"},{"floor":39,"key":"CaptainsWheel"},{"floor":40,"key":"Smiling Mask"},{"floor":42,"key":"Oddly Smooth Stone"},{"floor":43,"key":"Art of War"},{"floor":44,"key":"Singing Bowl"},{"floor":47,"key":"Molten Egg 2"},{"floor":49,"key":"Bag of Preparation"},{"floor":53,"key":"Pantograph"},{"floor":55,"key":"Bag of Marbles"}],"event_choices":[{"damage_healed":0,"gold_gain":0,"player_choice":"Bought 3 Potions","damage_taken":0,"max_hp_gain":0,"max_hp_loss":0,"event_name":"The Woman in Blue","floor":11,"gold_loss":0},{"damage_healed":0,"gold_gain":0,"player_choice":"Fought Bandits","damage_taken":0,"max_hp_gain":0,"max_hp_loss":0,"event_name":"Masked Bandits","floor":22,"gold_loss":0},{"cards_removed":["Strike_R"],"damage_healed":0,"gold_gain":0,"player_choice":"Gave Gold","damage_taken":0,"max_hp_gain":0,"max_hp_loss":0,"event_name":"Beggar","floor":25,"gold_loss":75},{"cards_removed":["Strike_R"],"damage_healed":0,"gold_gain":0,"player_choice":"Purged","damage_taken":0,"max_hp_gain":0,"max_hp_loss":0,"event_name":"Purifier","floor":37,"gold_loss":0},{"damage_healed":0,"gold_gain":0,"player_choice":"Fight","damage_taken":0,"max_hp_gain":0,"max_hp_loss":0,"event_name":"Mysterious Sphere","floor":39,"gold_loss":0},{"cards_removed":["Perfected Strike"],"damage_healed":5,"gold_gain":0,"player_choice":"Offered Common","damage_taken":0,"max_hp_gain":0,"max_hp_loss":0,"event_name":"Bonfire Elementals","floor":45,"gold_loss":0},{"cards_removed":["Perfected Strike"],"damage_healed":5,"gold_gain":0,"player_choice":"Offered Special","damage_taken":0,"max_hp_gain":0,"max_hp_loss":0,"event_name":"Bonfire Elementals","floor":45,"gold_loss":0}],"is_beta":false,"boss_relics":[{"not_picked":["Velvet Choker","SacredBark"],"picked":"Snecko Eye"},{"not_picked":["Runic Dome","Busted Crown"],"picked":"Fusion Hammer"}],"items_purged_floors":[20,38,41],"is_endless":false,"potions_floor_spawned":[2,3,6,8,12,13,19,21,24,27,29,33,35,36],"ascension_level":20,"potion_discard_per_floor":[[],[],[],[],[],[],[],[],[],[],[],[],[],[],[],[],[],[],[],[],[],[],[],[],[],[],[],[],["DistilledChaos"],[],[],[],[],[],[],[],[],[],[],[],[],[],[],[],[],[],[],[],[],[],[],[],[],[],[],[],[]]}