{"neow_bonuses_skipped_log":["REMOVE_CARD","REMOVE_TWO","BOSS_RELIC"],"neow_costs_skipped_log":["NONE","NO_GOLD","NONE"],"potions_obtained_entropic_brew":[[],[],[],[],[],[],[],[],[],[],[],[],[],[],[],[],[],[],[],[],[],[],[],[],[],[],[],[],[],[],[],[],[],[],[],[],[],[],[],[],[],[],[],[],[],[],[],[],[],[],[],[],[],[],[],[],[]],"gold_per_floor":[119,119,14,14,27,27,59,78,78,78,78,78,89,122,122,195,195,215,215,115,115,128,160,160,195,195,195,35,35,70,81,81,160,160,176,189,208,113,113,113,127,127,127,137,165,165,199,212,212,212,212,212,212,42,69,69],"floor_reached":57,"playtime":9486,"items_purged":["Strike_R","Juggernaut"],"score":3052,"play_id":"4e68a080-5a12-4d84-b790-4c4e23993f0d","local_time":"20221110025947","score_breakdown":["Floors Climbed (57): 285","Enemies Slain (13): 26","Exordium Elites Killed (2): 20","City Elites Killed (3): 60","Beyond Elites Killed (2): 60","Bosses Slain (5): 750","Stuffed: 50","Champion (5): 125","Perfect (1): 50","Ascension (20): 1376","Heartbreaker: 250"],"is_ascension_mode":true,"potions_obtained_alchemize":[[],[],[],[],[],[],[],[],[],[],[],[],[],[],[],[],[],[],[],[],[],[],[],[],[],[],[],[],[],[],[],[],[],[],[],[],[],[],[],[],[],[],[],[],[],[],[],[],[],[],[],[],[],[],[],[],[]],"campfire_choices":[{"data":"Pommel Strike","floor":6,"key":"SMITH"},{"data":"Shrug It Off","floor":10,"key":"SMITH"},{"data":"Twin Strike","floor":12,"key":"SMITH"},{"data":"Bash","floor":15,"key":"SMITH"},{"data":"Offering","floor":24,"key":"SMITH"},{"data":"Feed","floor":27,"key":"SMITH"},{"data":"Entrench","floor":32,"key":"SMITH"},{"data":"Entrench","floor":40,"key":"SMITH"},{"data":"Barricade","floor":42,"key":"SMITH"},{"floor":49,"key":"RECALL"},{"data":"Bloodletting","floor":53,"key":"SMITH"}],"lesson_learned_per_floor":[[],[],[],[],[],[],[],[],[],[],[],[],[],[],[],[],[],[],[],[],[],[],[],[],[],[],[],[],[],[],[],[],[],[],[],[],[],[],[],[],[],[],[],[],[],[],[],[],[],[],[],[],[],[],[],[],[]],"neow_cost":"NONE","improvable_cards":{},"seed_source_timestamp":601779775957600,"shop_contents":[{"floor":3,"relics":["HornCleat","Mercury Hourglass","TheAbacus"],"cards":["Sword Boomerang","Iron Wave","Offering","Combust","Blind","Master of Strategy"],"potions":["BlessingOfTheForge","Swift Potion","EssenceOfSteel"]},{"floor":20,"relics":["StoneCalendar","Mummified Hand","Cauldron"],"cards":["Wild Strike","Heavy Blade","Entrench","Sentinel","Fire Breathing","Impatience","Thinking Ahead"],"potions":["EssenceOfSteel","Explosive Potion","FearPotion"]},{"floor":28,"relics":["Boot","Frozen Eye"],"cards":["Sword Boomerang","Clash","Warcry","Flex","Combust","Finesse","Secret Weapon"],"potions":["FearPotion","ColorlessPotion","Block Potion"]},{"floor":38,"relics":["Regal Pillow","Du-Vu Doll","OrangePellets"],"cards":["Feed","Thunderclap","Flex","Warcry","Dark Embrace","Chrysalis"],"potions":["DuplicationPotion","Regen Potion","Fire Potion"]},{"floor":54,"relics":["Orichalcum","Ornamental Fan","PrismaticShard"],"cards":["Rampage","Whirlwind","Battle Trance","Armaments","Dark Embrace+1","Transmutation"],"potions":["LiquidBronze","SkillPotion"]}],"circlet_count":0,"master_deck":["AscendersBane","Bash+1","Twin Strike+1","Shrug It Off+1","Pommel Strike+1","Headbutt","Offering+1","Seeing Red+1","Bloodletting+1","Spot Weakness","Anger","Clothesline","Shrug It Off+1","Shrug It Off+1","Feed+1","Entrench+1","Pommel Strike+1","Barricade+1","Entrench+1","Intimidate+1","Good Instincts","PanicButton+1","Flash of Steel","Dark Shackles"],"potion_use_per_floor":[[],[],[],[],[],[],[],[],[],[],[],[],[],["SteroidPotion"],[],[],[],["Weak Potion"],[],[],[],[],["PowerPotion","Strength Potion"],[],[],[],[],[],[],[],[],[],["SkillPotion"],[],[],[],[],[],[],[],[],[],[],[],[],[],[],[],[],[],[],[],[],[],["LiquidMemories"],["LiquidMemories"],[]],"relics":["Burning Blood","NeowsBlessing","Eternal Feather","Lantern","Pandora\u0027s Box","Singing Bowl","Anchor","Vajra","Blood Vial","War Paint","Darkstone Periapt","Runic Pyramid","Frozen Egg 2","Incense Burner","Blue Candle","Oddly Smooth Stone"],"potions_floor_usage":[14,18,23,23,33,55,56],"damage_taken":[{"damage":0,"enemies":"2 Louse","floor":1,"turns":2},{"damage":0,"enemies":"Cultist","floor":5,"turns":1},{"damage":0,"enemies":"Lagavulin","floor":7,"turns":1},{"damage":5,"enemies":"Small Slimes","floor":8,"turns":4},{"damage":15,"enemies":"Gremlin Gang","floor":13,"turns":5},{"damage":15,"enemies":"3 Sentries","floor":14,"turns":9},{"damage":37,"enemies":"The Guardian","floor":16,"turns":13},{"damage":12,"enemies":"3 Byrds","floor":18,"turns":3},{"damage":12,"enemies":"Spheric Guardian","floor":22,"turns":2},{"damage":23,"enemies":"Slavers","floor":23,"turns":4},{"damage":9,"enemies":"Book of Stabbing","floor":25,"turns":2},{"damage":10,"enemies":"Slavers","floor":30,"turns":5},{"damage":8,"enemies":"Snecko","floor":31,"turns":3},{"damage":35,"enemies":"Collector","floor":33,"turns":6},{"damage":6,"enemies":"3 Shapes","floor":35,"turns":3},{"damage":0,"enemies":"Orb Walker","floor":36,"turns":3},{"damage":9,"enemies":"Transient","floor":37,"turns":6},{"damage":0,"enemies":"Maw","floor":41,"turns":9},{"damage":6,"enemies":"Writhing Mass","floor":44,"turns":9},{"damage":3,"enemies":"Giant Head","floor":45,"turns":8},{"damage":6,"enemies":"Nemesis","floor":47,"turns":11},{"damage":0,"enemies":"4 Shapes","floor":48,"turns":11},{"damage":0,"enemies":"Time Eater","floor":50,"turns":18},{"damage":21,"enemies":"Donu and Deca","floor":51,"turns":12},{"damage":6,"enemies":"Shield and Spear","floor":55,"turns":12},{"damage":40,"enemies":"The Heart","floor":56,"turns":13}],"green_key_taken_log":7,"seed_played":"-1718734411374178657","neow_bonus_log":{"cardsObtained":[],"cardsUpgraded":[],"cardsRemoved":[],"cardsTransformed":[],"relicsObtained":["NeowsBlessing"],"maxHpGained":0,"goldGained":0,"damageTaken":0,"goldLost":0,"maxHpLost":0},"potions_obtained":[{"floor":5,"key":"Strength Potion"},{"floor":13,"key":"SteroidPotion"},{"floor":14,"key":"ColorlessPotion"},{"floor":16,"key":"Weak Potion"},{"floor":22,"key":"PowerPotion"},{"floor":23,"key":"SkillPotion"},{"floor":25,"key":"EssenceOfSteel"},{"floor":33,"key":"Energy Potion"},{"floor":41,"key":"LiquidMemories"}],"is_trial":false,"path_per_floor":["M","?","$","?","M","R","E","M","T","R","?","R","M","E","R","B",null,"M","?","$","?","M","E","R","E","T","R","$","?","E","M","R","B",null,"M","M","M","$","?","R","M","R","T","M","E","?","E","M","R","B","B",null,"R","$","E","B",null],"character_chosen":"IRONCLAD","items_purchased":["Shrug It Off","War Paint","Good Instincts","Dark Shackles","LiquidMemories"],"campfire_rested":0,"item_purchase_floors":[3,28,38,54,54],"current_hp_per_floor":[74,74,74,74,75,75,75,75,75,75,68,74,65,56,62,31,64,58,58,58,58,52,37,43,40,40,49,49,49,51,57,66,39,75,83,95,94,94,86,98,105,105,105,111,117,117,123,129,129,129,118,129,133,133,139,105],"gold":69,"neow_bonus":"THREE_ENEMY_KILL","is_prod":false,"is_daily":false,"rewards_skipped":[{"floor":48,"relics":[],"potions":["Regen Potion"]}],"chose_seed":false,"campfire_upgraded":10,"win_rate":0,"floor_exit_playtime":[360,445,514,542,801,868,913,1071,1082,1101,1114,1125,1358,1585,1619,3026,3479,3637,3859,3964,3995,4252,4436,4444,4527,4557,4582,4830,5184,5403,5499,5505,6007,6182,6393,6459,6641,6773,6869,6879,7140,7150,7153,7359,7461,7483,7630,7801,7836,8080,8256,8268,8283,8371,9064,9486],"timestamp":1668067187,"blue_key_relic_skipped_log":{"floor":9,"relicID":"Unceasing Top"},"path_taken":["M","?","$","?","M","R","E","M","T","R","?","R","M","E","R","BOSS","M","?","$","?","M","E","R","E","T","R","$","?","E","M","R","BOSS","M","M","M","$","?","R","?","R","T","M","E","?","E","M","R","BOSS","BOSS","R","$","E","BOSS"],"build_version":"2022-10-04","purchased_purges":2,"victory":true,"max_hp_per_floor":[75,75,75,75,75,75,75,75,75,75,75,75,75,75,75,75,75,75,75,75,75,75,77,77,77,77,77,77,77,81,87,87,87,87,93,97,97,97,99,99,105,105,105,111,117,117,123,129,129,129,133,133,133,133,139,139],"card_choices":[{"not_picked":["True Grit","Metallicize"],"picked":"Twin Strike","floor":1},{"not_picked":["Havoc","Searing Blow"],"picked":"Pommel Strike","floor":5},{"not_picked":["Thunderclap","Twin Strike","Metallicize"],"picked":"SKIP","floor":7},{"not_picked":["Sword Boomerang","True Grit","Iron Wave"],"picked":"SKIP","floor":8},{"not_picked":["Dropkick","Feel No Pain","Cleave"],"picked":"SKIP","floor":13},{"not_picked":["Sword Boomerang","Havoc"],"picked":"Headbutt","floor":14},{"not_picked":["Corruption","Demon Form"],"picked":"Offering","floor":16},{"not_picked":["True Grit","Dual Wield","Infernal Blade"],"picked":"SKIP","floor":18},{"not_picked":["True Grit+1","Clothesline+1"],"picked":"Shrug It Off","floor":22},{"not_picked":["Evolve","Combust","Reckless Charge"],"picked":"Singing Bowl","floor":23},{"not_picked":["Twin Strike+1","Barricade"],"picked":"Feed","floor":25},{"not_picked":["Rage","Thunderclap","Feel No Pain","Anger","Sentinel","Clash","Bloodletting","True Grit","Havoc","Carnage","Sword Boomerang","Dropkick","Wild Strike","Twin Strike","Warcry","Perfected Strike","Inflame","Dual Wield","Heavy Blade"],"picked":"Entrench","floor":29},{"not_picked":["Combust+1","Warcry"],"picked":"Pommel Strike+1","floor":30},{"not_picked":["Ghostly Armor","Uppercut","Heavy Blade"],"picked":"Singing Bowl","floor":31},{"not_picked":["Corruption","Offering"],"picked":"Barricade","floor":33},{"not_picked":["Pommel Strike+1","Thunderclap","Infernal Blade"],"picked":"Singing Bowl","floor":35},{"not_picked":["Rage","Headbutt"],"picked":"Entrench","floor":36},{"not_picked":["Blood for Blood","Uppercut"],"picked":"Intimidate+1","floor":37},{"not_picked":["The Bomb","Flash of Steel"],"picked":"PanicButton","floor":39},{"not_picked":["Enlightenment","Chrysalis"],"picked":"Flash of Steel","floor":39},{"not_picked":["Swift Strike","Good Instincts","Dramatic Entrance"],"picked":"Singing Bowl","floor":39},{"not_picked":["Spot Weakness","Clothesline","Body Slam"],"picked":"Singing Bowl","floor":41},{"not_picked":["Sword Boomerang+1","Fire Breathing+1","Havoc"],"picked":"Singing Bowl","floor":44},{"not_picked":["Dropkick+1","Warcry","Juggernaut+1"],"picked":"Singing Bowl","floor":45},{"not_picked":["Evolve+1","Flame Barrier","Shrug It Off"],"picked":"Singing Bowl","floor":47},{"not_picked":["Warcry","Rupture+1","Clash+1"],"picked":"Singing Bowl","floor":48},{"not_picked":["Sword Boomerang","Headbutt","Twin Strike"],"picked":"Singing Bowl","floor":55}],"player_experience":345418,"relics_obtained":[{"floor":7,"key":"Eternal Feather"},{"floor":14,"key":"Lantern"},{"floor":23,"key":"Anchor"},{"floor":25,"key":"Vajra"},{"floor":26,"key":"Blood Vial"},{"floor":30,"key":"Darkstone Periapt"},{"floor":43,"key":"Frozen Egg 2"},{"floor":45,"key":"Incense Burner"},{"floor":47,"key":"Blue Candle"},{"floor":55,"key":"Oddly Smooth Stone"}],"event_choices":[{"damage_healed":0,"gold_gain":0,"player_choice":"Leave","damage_taken":0,"max_hp_gain":0,"max_hp_loss":0,"event_name":"The Cleric","floor":2,"gold_loss":0},{"damage_healed":0,"gold_gain":0,"player_choice":"Ignored","damage_taken":0,"max_hp_gain":0,"max_hp_loss":0,"event_name":"Liars Game","floor":4,"gold_loss":0},{"cards_removed":["Strike_R"],"damage_healed":0,"gold_gain":0,"player_choice":"Card Removal","damage_taken":7,"max_hp_gain":0,"max_hp_loss":0,"event_name":"Golden Wing","floor":11,"gold_loss":0},{"damage_healed":0,"gold_gain":0,"player_choice":"Copied","damage_taken":0,"max_hp_gain":0,"max_hp_loss":0,"event_name":"Duplicator","floor":19,"gold_loss":0,"cards_obtained":["Shrug It Off"]},{"cards_removed":["Thunderclap"],"damage_healed":0,"gold_gain":0,"player_choice":"Gave Card","damage_taken":0,"relics_obtained":["Singing Bowl"],"max_hp_gain":0,"max_hp_loss":0,"event_name":"WeMeetAgain","floor":21,"gold_loss":0},{"damage_healed":0,"gold_gain":0,"player_choice":"Read","damage_taken":0,"max_hp_gain":0,"max_hp_loss":0,"event_name":"The Library","floor":29,"gold_loss":0,"cards_obtained":["Entrench"]},{"damage_healed":0,"gold_gain":0,"player_choice":"Memory 3","damage_taken":10,"max_hp_gain":0,"max_hp_loss":0,"event_name":"SensoryStone","floor":39,"gold_loss":0},{"damage_healed":0,"gold_gain":0,"player_choice":"Upgraded","damage_taken":0,"max_hp_gain":0,"max_hp_loss":0,"event_name":"Upgrade Shrine","floor":46,"gold_loss":0,"cards_upgraded":["PanicButton"]}],"is_beta":false,"boss_relics":[{"not_picked":["SlaversCollar","Runic Cube"],"picked":"Pandora\u0027s Box"},{"not_picked":["Empty Cage","Mark of Pain"],"picked":"Runic Pyramid"}],"items_purged_floors":[3,20],"is_endless":false,"potions_floor_spawned":[5,13,14,16,22,23,25,33,41,48],"ascension_level":20,"potion_discard_per_floor":[[],[],[],[],[],[],[],[],[],[],[],[],[],[],[],["ColorlessPotion"],[],[],[],[],[],[],[],[],[],[],[],[],[],[],[],[],[],[],[],[],[],[],[],[],["EssenceOfSteel"],[],[],[],[],[],[],[],[],[],[],[],[],["Energy Potion"],[],[],[]]}