{"neow_bonuses_skipped_log":["ONE_RANDOM_RARE_CARD","THREE_SMALL_POTIONS","BOSS_RELIC"],"neow_costs_skipped_log":["NONE","NONE","NONE"],"potions_obtained_entropic_brew":[[],[],[],[],[],[],[],[],[],[],[],[],[],[],[],[],[],[],[],[],[],[],[],[],[],[],[],[],[],[],[],[],[],[],[],[],[]],"gold_per_floor":[10,25,44,58,108,108,33,45,122,142,142,160,160,192,192,268,268,281,281,55,55,67,97,97,122,122,122,140,140,140,157,157,235,235,257,286,286],"floor_reached":37,"playtime":2874,"items_purged":["Strike_B","Zap"],"score":822,"play_id":"a50cb76c-2035-4e17-b9cf-f2ee36675c7d","local_time":"20230114143857","score_breakdown":["Floors Climbed (37): 185","Enemies Slain (13): 26","Exordium Elites Killed (1): 10","City Elites Killed (2): 40","Beyond Elites Killed (0): 0","Bosses Slain (2): 150","Ascension (20): 411"],"is_ascension_mode":true,"potions_obtained_alchemize":[[],[],[],[],[],[],[],[],[],[],[],[],[],[],[],[],[],[],[],[],[],[],[],[],[],[],[],[],[],[],[],[],[],[],[],[],[]],"campfire_choices":[{"data":"Defragment","floor":6.0,"key":"SMITH"},{"data":"Doom and Gloom","floor":11.0,"key":"SMITH"},{"data":"Hologram","floor":15.0,"key":"SMITH"},{"data":"Reboot","floor":24,"key":"SMITH"},{"data":"Coolheaded","floor":27,"key":"SMITH"},{"floor":30,"key":"RECALL"},{"data":"Trip","floor":32,"key":"SMITH"}],"lesson_learned_per_floor":[[],[],[],[],[],[],[],[],[],[],[],[],[],[],[],[],[],[],[],[],[],[],[],[],[],[],[],[],[],[],[],[],[],[],[],[],[]],"neow_cost":"NO_GOLD","improvable_cards":{"Genetic Algorithm":[25]},"seed_source_timestamp":2878486805415854627,"shop_contents":[{"floor":7,"relics":["Sundial","Akabeko","Membership Card"],"cards":["Sweeping Beam","Meteor Strike","Steam","Reprogram","Electrodynamics","Swift Strike","Apotheosis"],"potions":["SteroidPotion","FearPotion","DistilledChaos"]},{"floor":20,"relics":["Mummified Hand","Torii","TheAbacus"],"cards":["Rebound","Beam Cell","Conserve Battery","Leap","Storm","Forethought","Metamorphosis"],"potions":["SteroidPotion","Strength Potion","SneckoOil"]}],"circlet_count":0,"master_deck":["AscendersBane","Strike_B","Strike_B","Strike_B","Defend_B","Defend_B","Defend_B","Defend_B","Dualcast","Ball Lightning","Hologram+1","Defragment+1","Doom and Gloom+1","Auto Shields","Genetic Algorithm","Skim","Lockon","Reboot+1","Go for the Eyes+1","Skim","Glacier","Trip+1","Necronomicurse","Redo+1","Self Repair","Coolheaded+1","Hologram+1","Echo Form","CurseOfTheBell","Turbo","Hologram+1"],"special_seed":0,"potion_use_per_floor":[[],[],[],[],[],[],[],[],[],[],[],[],[],[],[],["AttackPotion"],[],["SneckoOil"],[],[],[],[],["GamblersBrew","AttackPotion"],[],["Strength Potion"],[],[],[],[],[],[],[],["Dexterity Potion"],[],[],["Fire Potion","Block Potion"],["BlessingOfTheForge"]],"relics":["Cracked Core","The Courier","Unceasing Top","Coffee Dripper","Necronomicon","Anchor","Ginger","Potion Belt","NlothsMask","Calling Bell","CeramicFish","White Beast Statue","CaptainsWheel"],"potions_floor_usage":[23,23,25,33,36,36,37],"damage_taken":[{"damage":3.0,"enemies":"2 Louse","floor":1.0,"turns":2.0},{"damage":0.0,"enemies":"Cultist","floor":2.0,"turns":3.0},{"damage":3.0,"enemies":"Small Slimes","floor":3.0,"turns":3.0},{"damage":14.0,"enemies":"2 Fungi Beasts","floor":4.0,"turns":4.0},{"damage":9.0,"enemies":"Red Slaver","floor":8.0,"turns":3.0},{"damage":4.0,"enemies":"Large Slime","floor":10.0,"turns":5.0},{"damage":9.0,"enemies":"Looter","floor":12.0,"turns":4.0},{"damage":11.0,"enemies":"Lagavulin","floor":14.0,"turns":6.0},{"damage":6.0,"enemies":"The Guardian","floor":16.0,"turns":9.0},{"damage":9.0,"enemies":"Chosen","floor":18.0,"turns":4.0},{"damage":1.0,"enemies":"2 Thieves","floor":22.0,"turns":2.0},{"damage":23,"enemies":"Slavers","floor":23,"turns":3},{"damage":11,"enemies":"Book of Stabbing","floor":25,"turns":6},{"damage":8,"enemies":"Snake Plant","floor":28,"turns":5},{"damage":0,"enemies":"3 Cultists","floor":31,"turns":3},{"damage":5,"enemies":"Collector","floor":33,"turns":6},{"damage":11,"enemies":"3 Shapes","floor":35,"turns":3},{"damage":30,"enemies":"3 Darklings","floor":36,"turns":10},{"damage":45,"enemies":"2 Orb Walkers","floor":37,"turns":4}],"seed_played":"3354859402703730064","neow_bonus_log":{"cardsObtained":[],"cardsUpgraded":[],"cardsRemoved":[],"cardsTransformed":[],"relicsObtained":[],"maxHpGained":14,"goldGained":0,"damageTaken":0,"goldLost":99,"maxHpLost":0},"potions_obtained":[{"floor":3.0,"key":"AttackPotion"},{"floor":4.0,"key":"SneckoOil"},{"floor":12.0,"key":"SneckoOil"},{"floor":16.0,"key":"AttackPotion"},{"floor":18.0,"key":"GamblersBrew"},{"floor":23,"key":"Strength Potion"},{"floor":28,"key":"Dexterity Potion"},{"floor":31,"key":"Block Potion"},{"floor":35,"key":"Fire Potion"},{"floor":36,"key":"BlessingOfTheForge"}],"is_trial":false,"path_per_floor":["M","M","M","M","?","R","$","M","T","M","R","M","?","E","R","B",null,"M","?","$","?","M","E","R","E","T","R","M","?","R","M","R","B",null,"M","M","?"],"character_chosen":"DEFECT","items_purchased":["Glacier","Trip"],"campfire_rested":0,"item_purchase_floors":[20,20],"current_hp_per_floor":[75,75,72,58,58,58,58,49,49,45,45,36,36,25,25,19,69,60,60,60,39,38,15,15,11,11,11,10,10,10,17,17,19,69,58,42,0],"gold":286,"neow_bonus":"TWENTY_PERCENT_HP_BONUS","is_prod":false,"is_daily":false,"rewards_skipped":[],"chose_seed":false,"campfire_upgraded":6,"win_rate":0,"floor_exit_playtime":[90,149,187,265,302,348,476,545,558,625,630,681,693,786,791,976,1038,1102,1170,1280,1350,1394,1577,1602,1716,1720,1739,1929,2029,2044,2100,2137,2263,2307,2388,2611],"timestamp":1673725137,"path_taken":["M","M","M","M","?","R","?","M","T","M","R","M","?","E","R","BOSS","M","?","$","?","M","E","R","E","T","R","M","?","R","M","R","BOSS","M","M","?"],"build_version":"2022-12-18","purchased_purges":2,"victory":false,"max_hp_per_floor":[85,85,85,85,85,85,85,85,85,85,85,85,85,85,85,85,85,85,85,85,85,85,85,85,85,85,85,85,85,85,85,85,85,85,85,85,85],"relic_stats":{"counters":[19,85],"CeramicFish":18,"The Courier":56,"Necronomicon":[11],"Ginger":[9],"obtain_stats":[{"Potion Belt":26,"CeramicFish":34,"The Courier":9,"Ginger":25,"White Beast Statue":34,"Calling Bell":34,"Anchor":23,"CaptainsWheel":34,"Coffee Dripper":17,"Necronomicon":21,"Cracked Core":0,"Unceasing Top":14,"NlothsMask":29},{"Potion Belt":13,"CeramicFish":16,"The Courier":5,"Ginger":13,"White Beast Statue":16,"Calling Bell":16,"Anchor":12,"CaptainsWheel":16,"Coffee Dripper":9,"Necronomicon":10,"Cracked Core":0,"Unceasing Top":8,"NlothsMask":14},{"Potion Belt":54,"CeramicFish":68,"The Courier":15,"Ginger":54,"White Beast Statue":68,"Calling Bell":68,"Anchor":48,"CaptainsWheel":68,"Coffee Dripper":39,"Necronomicon":43,"Cracked Core":0,"Unceasing Top":30,"NlothsMask":59}],"Unceasing Top":[3],"White Beast Statue":[0.0,0.0,0.12000000000000002,0.0,0.5800000000000001,0.0,0.30000000000000004,0.0,0.0,0.0,0.0,0.8200000000000001]},"card_choices":[{"not_picked":["Barrage","Redo"],"picked":"Ball Lightning","floor":1.0},{"not_picked":["Barrage","Steam"],"picked":"Hologram","floor":2.0},{"not_picked":["Ball Lightning","Hologram"],"picked":"Defragment","floor":3.0},{"not_picked":["Heatsinks","Compile Driver"],"picked":"Doom and Gloom","floor":4.0},{"not_picked":["Heatsinks","Reprogram"],"picked":"Auto Shields","floor":8.0},{"not_picked":["Aggregate","Ball Lightning"],"picked":"Genetic Algorithm","floor":10.0},{"not_picked":["Go for the Eyes","Sweeping Beam"],"picked":"Skim","floor":12.0},{"not_picked":["Ball Lightning","Stack"],"picked":"Lockon","floor":14.0},{"not_picked":["Machine Learning","Hyperbeam"],"picked":"Reboot","floor":16.0},{"not_picked":["Conserve Battery","Hello World"],"picked":"Go for the Eyes+1","floor":18.0},{"not_picked":["Tempest","Stack","Scrape","Hello World","Fusion","Steam","Capacitor","Streamline","Force Field","Hologram","White Noise","Compile Driver","Rebound","Ball Lightning","FTL","Gash","Cold Snap","Sweeping Beam","Reprogram"],"picked":"Skim","floor":19.0},{"not_picked":["Beam Cell+1","Sweeping Beam"],"picked":"Redo+1","floor":22.0},{"not_picked":["Heatsinks","Static Discharge"],"picked":"Self Repair","floor":23},{"not_picked":["Auto Shields","Static Discharge"],"picked":"Coolheaded","floor":25},{"not_picked":["Genetic Algorithm","Rebound","Barrage"],"picked":"SKIP","floor":28},{"not_picked":["Genetic Algorithm","Fusion"],"picked":"Hologram+1","floor":31},{"not_picked":["Reboot","Thunder Strike"],"picked":"Echo Form","floor":33},{"not_picked":["Force Field","Beam Cell+1"],"picked":"Turbo","floor":35},{"not_picked":["Rebound+1","Gash+1"],"picked":"Hologram+1","floor":36}],"player_experience":5008773,"relics_obtained":[{"floor":9.0,"key":"The Courier"},{"floor":14.0,"key":"Unceasing Top"},{"floor":21.0,"key":"Necronomicon"},{"floor":23,"key":"Anchor"},{"floor":25,"key":"Ginger"},{"floor":26,"key":"Potion Belt"},{"floor":34,"key":"CeramicFish"},{"floor":34,"key":"White Beast Statue"},{"floor":34,"key":"CaptainsWheel"}],"event_choices":[{"damage_healed":0.0,"max_hp_gain":0.0,"max_hp_loss":0.0,"gold_gain":50.0,"event_name":"Golden Shrine","player_choice":"Pray","floor":5.0,"gold_loss":0.0,"damage_taken":0.0},{"damage_healed":0.0,"max_hp_gain":0.0,"max_hp_loss":0.0,"gold_gain":0.0,"event_name":"Dead Adventurer","player_choice":"Searched \u00270\u0027 times","floor":13.0,"gold_loss":0.0,"damage_taken":0.0},{"damage_healed":0.0,"max_hp_gain":0.0,"max_hp_loss":0.0,"gold_gain":0.0,"event_name":"The Library","player_choice":"Read","floor":19.0,"gold_loss":0.0,"damage_taken":0.0,"cards_obtained":["Skim"]},{"damage_healed":0.0,"max_hp_gain":0.0,"max_hp_loss":0.0,"gold_gain":0.0,"event_name":"Cursed Tome","player_choice":"Obtained Book","floor":21.0,"gold_loss":0.0,"damage_taken":21.0},{"damage_healed":0,"gold_gain":0,"player_choice":"Trade","damage_taken":0,"relics_obtained":["NlothsMask"],"max_hp_gain":0,"max_hp_loss":0,"event_name":"FaceTrader","floor":29,"gold_loss":0},{"damage_healed":0,"gold_gain":0,"player_choice":"Fight","damage_taken":0,"max_hp_gain":0,"max_hp_loss":0,"event_name":"Mysterious Sphere","floor":37,"gold_loss":0}],"is_beta":false,"boss_relics":[{"not_picked":["Runic Dome","SacredBark"],"picked":"Coffee Dripper"},{"not_picked":["Black Star","Sozu"],"picked":"Calling Bell"}],"items_purged_floors":[7,20],"is_endless":false,"potions_floor_spawned":[3,4,12,16,18,23,28,31,35,36],"killed_by":"2 Orb Walkers","ascension_level":20,"potion_discard_per_floor":[[],[],[],[],[],[],[],[],[],[],[],["SneckoOil"],[],[],[],[],[],[],[],[],[],[],[],[],[],[],[],[],[],[],[],[],[],[],[],[],[]]}