{"neow_bonuses_skipped_log":["RANDOM_COLORLESS","RANDOM_COMMON_RELIC","BOSS_RELIC"],"neow_costs_skipped_log":["NONE","NONE","NONE"],"potions_obtained_entropic_brew":[[],[],[],[],[],[],[],[],[],[],[],[],[],[],[],[],[],[],[],[],[],[],[],[],[],[],[],[],[],[],[],[],[],[],[],[],[],[],[],[],[],[],[],[],[],[],[],[],[],[],[],[],[],[],[],[],[]],"gold_per_floor":[19,30,47,12,87,87,122,132,157,157,209,219,248,248,248,319,319,329,0,0,13,25,58,58,93,120,45,145,145,155,167,167,241,241,253,269,288,301,164,164,182,182,182,182,201,201,296,323,323,323,323,323,323,58,90,90],"floor_reached":57,"playtime":7153,"items_purged":["Zap","Defend_B","Defend_B"],"score":2693,"play_id":"dd7c8237-af3a-4606-b0ef-7a495b3b1b5d","local_time":"20230112213443","score_breakdown":["Floors Climbed (57): 285","Enemies Slain (17): 34","Exordium Elites Killed (2): 20","City Elites Killed (2): 40","Beyond Elites Killed (1): 30","Bosses Slain (5): 750","Money Money (1031): 25","Champion (1): 25","Overkill: 25","Ascension (20): 1209","Heartbreaker: 250"],"is_ascension_mode":true,"potions_obtained_alchemize":[[],[],[],[],[],[],[],[],[],[],[],[],[],[],[],[],[],[],[],[],[],[],[],[],[],[],[],[],[],[],[],[],[],[],[],[],[],[],[],[],[],[],[],[],[],[],[],[],[],[],[],[],[],[],[],[],[]],"campfire_choices":[{"data":"Sweeping Beam","floor":6,"key":"SMITH"},{"data":"Doom and Gloom","floor":10,"key":"SMITH"},{"data":"Defragment","floor":15,"key":"SMITH"},{"floor":24,"key":"REST"},{"data":"Recycle","floor":29,"key":"SMITH"},{"data":"Aggregate","floor":32,"key":"SMITH"},{"data":"Hologram","floor":40,"key":"SMITH"},{"data":"Heatsinks","floor":42,"key":"SMITH"},{"data":"Loop","floor":44,"key":"SMITH"},{"data":"Fusion","floor":46,"key":"SMITH"},{"floor":49,"key":"RECALL"},{"data":"Seek","floor":53,"key":"SMITH"}],"lesson_learned_per_floor":[[],[],[],[],[],[],[],[],[],[],[],[],[],[],[],[],[],[],[],[],[],[],[],[],[],[],[],[],[],[],[],[],[],[],[],[],[],[],[],[],[],[],[],[],[],[],[],[],[],[],[],[],[],[],[],[],[]],"neow_cost":"NO_GOLD","improvable_cards":{},"seed_source_timestamp":6799930175556375755,"shop_contents":[{"floor":19,"relics":["Toxic Egg 2","Nunchaku"],"cards":["Sunder","Leap","Defragment","Dramatic Entrance","Apotheosis"],"potions":["DuplicationPotion","SpeedPotion","Block Potion"]},{"floor":39,"relics":["Kunai","Omamori","Cauldron"],"cards":["Gash","Rebound","Turbo","Redo","Good Instincts","Secret Technique"],"potions":["Block Potion","BlessingOfTheForge","SkillPotion"]},{"floor":54,"relics":["Strawberry","PrismaticShard"],"cards":["Cold Snap","Barrage","Genetic Algorithm","Glacier","Capacitor","Purity","Master of Strategy"],"potions":["Dexterity Potion","Fire Potion"]}],"circlet_count":0,"master_deck":["AscendersBane","Strike_B+1","Strike_B","Defend_B","Defend_B","Dualcast","Sweeping Beam+1","Doom and Gloom+1","Self Repair","Turbo","Skim","Sunder+1","Defragment+1","Biased Cognition","Defragment","Cold Snap+1","Redo","Compile Driver+1","Redo+1","Recycle+1","Heatsinks+1","Glacier","Conserve Battery","Aggregate+1","Biased Cognition","Undo","Cold Snap+1","Hologram+1","Loop+1","Turbo+1","Fusion+1","Chill+1","Seek+1","Go for the Eyes+1"],"potion_use_per_floor":[[],[],[],[],[],[],[],[],[],[],[],[],["GamblersBrew"],[],[],["FearPotion"],[],[],[],[],[],["Ancient Potion"],[],[],["Swift Potion"],[],[],[],[],[],[],[],[],[],[],[],["Energy Potion"],[],[],[],[],[],[],[],[],[],[],[],[],[],[],[],[],[],[],["FocusPotion","Weak Potion","EssenceOfDarkness","DistilledChaos"],[]],"relics":["Cracked Core","Smiling Mask","Vajra","Potion Belt","Toy Ornithopter","Nuclear Battery","Toolbox","Eternal Feather","Bottled Tornado","Orichalcum","Unceasing Top","InkBottle","Inserter","Whetstone","Happy Flower","Centennial Puzzle"],"potions_floor_usage":[13,16,22,25,37,56,56,56,56],"damage_taken":[{"damage":22,"enemies":"Small Slimes","floor":1,"turns":4},{"damage":1,"enemies":"2 Louse","floor":2,"turns":3},{"damage":9,"enemies":"Jaw Worm","floor":3,"turns":4},{"damage":34,"enemies":"Lagavulin","floor":7,"turns":8},{"damage":15,"enemies":"3 Louse","floor":8,"turns":5},{"damage":7,"enemies":"Looter","floor":12,"turns":3},{"damage":5,"enemies":"3 Sentries","floor":13,"turns":3},{"damage":12,"enemies":"Slime Boss","floor":16,"turns":5},{"damage":28,"enemies":"2 Thieves","floor":18,"turns":3},{"damage":22,"enemies":"3 Byrds","floor":21,"turns":6},{"damage":9,"enemies":"Cultist and Chosen","floor":22,"turns":6},{"damage":24,"enemies":"Gremlin Leader","floor":23,"turns":5},{"damage":54,"enemies":"Book of Stabbing","floor":25,"turns":5},{"damage":4,"enemies":"Colosseum Slavers","floor":28,"turns":4},{"damage":10,"enemies":"Colosseum Nobs","floor":28,"turns":5},{"damage":0,"enemies":"Chosen and Byrds","floor":30,"turns":3},{"damage":7,"enemies":"Centurion and Healer","floor":31,"turns":11},{"damage":5,"enemies":"Champ","floor":33,"turns":11},{"damage":1,"enemies":"3 Shapes","floor":35,"turns":3},{"damage":30,"enemies":"3 Darklings","floor":36,"turns":6},{"damage":23,"enemies":"Jaw Worm Horde","floor":37,"turns":4},{"damage":3,"enemies":"Writhing Mass","floor":38,"turns":5},{"damage":0,"enemies":"Spire Growth","floor":41,"turns":8},{"damage":0,"enemies":"Maw","floor":45,"turns":6},{"damage":5,"enemies":"4 Shapes","floor":47,"turns":15},{"damage":48,"enemies":"Nemesis","floor":48,"turns":9},{"damage":19,"enemies":"Donu and Deca","floor":50,"turns":12},{"damage":24,"enemies":"Time Eater","floor":51,"turns":98},{"damage":0,"enemies":"Shield and Spear","floor":55,"turns":8},{"damage":101,"enemies":"The Heart","floor":56,"turns":11}],"green_key_taken_log":48,"seed_played":"-2907575192247166543","neow_bonus_log":{"cardsObtained":[],"cardsUpgraded":[],"cardsRemoved":[],"cardsTransformed":[],"relicsObtained":[],"maxHpGained":14,"goldGained":0,"damageTaken":0,"goldLost":99,"maxHpLost":0},"potions_obtained":[{"floor":7,"key":"GamblersBrew"},{"floor":8,"key":"FearPotion"},{"floor":18,"key":"Ancient Potion"},{"floor":21,"key":"Swift Potion"},{"floor":28,"key":"SpeedPotion"},{"floor":31,"key":"Energy Potion"},{"floor":35,"key":"Weak Potion"},{"floor":37,"key":"EssenceOfDarkness"},{"floor":41,"key":"SmokeBomb"},{"floor":45,"key":"DistilledChaos"}],"is_trial":false,"path_per_floor":["M","M","M","?","?","R","E","M","T","R","T","M","E","?","R","B",null,"M","$","?","M","M","E","R","E","T","?","?","R","M","M","R","B",null,"M","M","M","M","$","R","M","R","T","R","M","R","M","E","R","B","B",null,"R","$","E","B",null],"character_chosen":"DEFECT","items_purchased":["Cold Snap","Redo","Toolbox","Loop","FocusPotion","Happy Flower"],"campfire_rested":1,"item_purchase_floors":[19,19,19,39,54,54],"current_hp_per_floor":[56,55,46,67,56,56,29,21,21,21,21,21,16,16,16,9,66,45,45,45,30,36,19,56,14,14,14,14,26,33,33,48,50,76,82,59,48,52,52,70,77,85,85,85,85,85,85,44,62,50,33,72,85,85,85,8],"gold":90,"neow_bonus":"TWENTY_PERCENT_HP_BONUS","is_prod":false,"is_daily":false,"rewards_skipped":[],"chose_seed":false,"campfire_upgraded":10,"win_rate":0,"floor_exit_playtime":[201,245,272,276,282,295,405,477,480,488,491,546,723,727,732,842,879,945,1041,1049,1198,1338,1469,1476,1587,1591,1598,1871,1894,2135,2342,2347,2732,2796,2913,3070,3191,3386,3441,3453,3621,3630,3633,3653,3874,3881,4073,4240,4253,4612,5381,5392,5585,5944,6309,7153],"timestamp":1673577283,"blue_key_relic_skipped_log":{"floor":43,"relicID":"Ornamental Fan"},"path_taken":["M","M","M","?","?","R","E","M","T","R","?","M","E","?","R","BOSS","M","$","?","M","?","E","R","E","T","?","?","R","?","M","R","BOSS","M","M","?","M","$","R","M","R","T","R","M","R","M","E","R","BOSS","BOSS","R","$","E","BOSS"],"build_version":"2022-12-18","purchased_purges":3,"victory":true,"max_hp_per_floor":[85,85,85,85,85,85,85,85,85,85,85,85,85,85,85,85,85,85,85,85,85,85,85,85,85,85,85,85,85,85,85,85,85,85,85,85,85,85,85,85,85,85,85,85,85,85,85,85,85,85,85,85,85,85,85,85],"relic_stats":{"Inserter":[50],"Happy Flower":[6],"counters":[30,279],"Eternal Feather":96,"Whetstone":["Cold Snap","Strike_B"],"Bottled Tornado":"Heatsinks","Orichalcum":[150],"Smiling Mask":150,"Centennial Puzzle":[3],"obtain_stats":[{"Potion Belt":11,"Inserter":34,"Happy Flower":54,"Vajra":9,"Eternal Feather":23,"Whetstone":48,"Bottled Tornado":25,"Orichalcum":26,"Smiling Mask":7,"Nuclear Battery":17,"Centennial Puzzle":55,"Toolbox":19,"Cracked Core":0,"Toy Ornithopter":13,"Unceasing Top":28,"InkBottle":28},{"Potion Belt":5,"Inserter":18,"Happy Flower":28,"Vajra":5,"Eternal Feather":12,"Whetstone":26,"Bottled Tornado":13,"Orichalcum":13,"Smiling Mask":4,"Nuclear Battery":8,"Centennial Puzzle":29,"Toolbox":9,"Cracked Core":0,"Toy Ornithopter":7,"Unceasing Top":15,"InkBottle":15},{"Potion Belt":24,"Inserter":94,"Happy Flower":260,"Vajra":24,"Eternal Feather":55,"Whetstone":150,"Bottled Tornado":60,"Orichalcum":60,"Smiling Mask":19,"Nuclear Battery":35,"Centennial Puzzle":268,"Toolbox":38,"Cracked Core":0,"Toy Ornithopter":30,"Unceasing Top":69,"InkBottle":69}],"Toy Ornithopter":37,"Unceasing Top":[18],"InkBottle":[67]},"card_choices":[{"not_picked":["Beam Cell","Barrage"],"picked":"Sweeping Beam","floor":1},{"not_picked":["Reinforced Body","Beam Cell"],"picked":"Doom and Gloom","floor":2},{"not_picked":["Double Energy","Compile Driver"],"picked":"Self Repair","floor":3},{"not_picked":["Loop","Go for the Eyes"],"picked":"Turbo","floor":7},{"not_picked":["Static Discharge","Steam"],"picked":"Skim","floor":8},{"not_picked":["Beam Cell","Storm"],"picked":"Sunder","floor":12},{"not_picked":["Aggregate","Darkness"],"picked":"Defragment","floor":13},{"not_picked":["All For One","Core Surge"],"picked":"Biased Cognition","floor":16},{"not_picked":["Gash","Leap"],"picked":"Defragment","floor":18},{"not_picked":["Chill","Rebound"],"picked":"Compile Driver+1","floor":21},{"not_picked":["Double Energy","Ball Lightning"],"picked":"Redo+1","floor":22},{"not_picked":["Sunder","Ball Lightning+1"],"picked":"Recycle","floor":23},{"not_picked":["Melter","Chaos"],"picked":"Heatsinks","floor":25},{"not_picked":["Steam Power","Ball Lightning"],"picked":"Glacier","floor":28},{"not_picked":["Leap","Streamline"],"picked":"Conserve Battery","floor":30},{"not_picked":["Sweeping Beam","Defragment"],"picked":"Aggregate","floor":31},{"not_picked":["Rainbow","Creative AI"],"picked":"Biased Cognition","floor":33},{"not_picked":["Steam","Sunder"],"picked":"Undo","floor":35},{"not_picked":["Conserve Battery","Sweeping Beam"],"picked":"Cold Snap+1","floor":36},{"not_picked":["Melter+1","Ball Lightning"],"picked":"Hologram","floor":37},{"not_picked":["Hyperbeam","Doom and Gloom","Undo+1"],"picked":"SKIP","floor":38},{"not_picked":["Streamline","Cold Snap"],"picked":"Turbo+1","floor":41},{"not_picked":["Go for the Eyes","Redo"],"picked":"Fusion","floor":45},{"not_picked":["Hello World","Chaos"],"picked":"Chill+1","floor":47},{"not_picked":["Leap+1","Scrape+1"],"picked":"Seek","floor":48},{"not_picked":["Ball Lightning","Tempest"],"picked":"Go for the Eyes+1","floor":55}],"player_experience":4992950,"relics_obtained":[{"floor":7,"key":"Smiling Mask"},{"floor":9,"key":"Vajra"},{"floor":11,"key":"Potion Belt"},{"floor":13,"key":"Toy Ornithopter"},{"floor":23,"key":"Eternal Feather"},{"floor":25,"key":"Bottled Tornado"},{"floor":26,"key":"Orichalcum"},{"floor":28,"key":"Unceasing Top"},{"floor":28,"key":"InkBottle"},{"floor":48,"key":"Whetstone"},{"floor":55,"key":"Centennial Puzzle"}],"event_choices":[{"damage_healed":21,"gold_gain":0,"player_choice":"Healed","damage_taken":0,"max_hp_gain":0,"max_hp_loss":0,"event_name":"The Cleric","floor":4,"gold_loss":35},{"damage_healed":0,"gold_gain":75,"player_choice":"Gather Gold","damage_taken":11,"max_hp_gain":0,"max_hp_loss":0,"event_name":"World of Goop","floor":5,"gold_loss":0},{"damage_healed":0,"gold_gain":0,"player_choice":"Grow","damage_taken":0,"max_hp_gain":0,"max_hp_loss":0,"event_name":"Living Wall","floor":14,"gold_loss":0,"cards_upgraded":["Sunder"]},{"cards_removed":["Strike_B"],"damage_healed":0,"gold_gain":0,"player_choice":"Purged","damage_taken":0,"max_hp_gain":0,"max_hp_loss":0,"event_name":"Purifier","floor":20,"gold_loss":0},{"cards_removed":["Strike_B"],"damage_healed":0,"gold_gain":0,"player_choice":"Gave Gold","damage_taken":0,"max_hp_gain":0,"max_hp_loss":0,"event_name":"Beggar","floor":27,"gold_loss":75},{"damage_healed":0,"gold_gain":0,"player_choice":"Fight","damage_taken":0,"max_hp_gain":0,"max_hp_loss":0,"event_name":"Colosseum","floor":28,"gold_loss":0},{"damage_healed":0,"gold_gain":0,"player_choice":"Fought Nobs","damage_taken":0,"max_hp_gain":0,"max_hp_loss":0,"event_name":"Colosseum","floor":28,"gold_loss":0}],"is_beta":false,"boss_relics":[{"not_picked":["SlaversCollar","SacredBark"],"picked":"Nuclear Battery"},{"not_picked":["Tiny House","Cursed Key"],"picked":"Inserter"}],"items_purged_floors":[19,39,54],"is_endless":false,"potions_floor_spawned":[7,8,18,21,28,28,31,35,37,41,45],"ascension_level":20,"potion_discard_per_floor":[[],[],[],[],[],[],[],[],[],[],[],[],[],[],[],[],[],[],[],[],[],[],[],[],[],[],[],[],[],[],[],[],[],[],[],[],[],[],[],[],[],[],[],[],["SmokeBomb"],[],[],[],[],[],[],[],[],["SpeedPotion"],[],[],[]]}