{"neow_bonuses_skipped_log":["UPGRADE_CARD","HUNDRED_GOLD","BOSS_RELIC"],"neow_costs_skipped_log":["NONE","NONE","NONE"],"potions_obtained_entropic_brew":[[],[],[],[],[],[],[],[],[],[],[],[],[],[],[],[],[],[],[],[],[],[],[],[],[],[],[],[],[],[],[],[],[]],"gold_per_floor":[15,15,32,42,53,53,53,53,80,112,131,131,166,182,182,259,259,275,635,649,132,132,158,158,187,187,187,187,31,63,78,78,78],"floor_reached":33,"playtime":3305,"items_purged":["Defend_B"],"score":676,"play_id":"c22ce998-1002-42f3-a4d2-6e323e555b22","local_time":"20230116150810","score_breakdown":["Floors Climbed (33): 165","Enemies Slain (9): 18","Exordium Elites Killed (2): 20","City Elites Killed (3): 60","Bosses Slain (1): 50","Champion (1): 25","Ascension (20): 338"],"is_ascension_mode":true,"potions_obtained_alchemize":[[],[],[],[],[],[],[],[],[],[],[],[],[],[],[],[],[],[],[],[],[],[],[],[],[],[],[],[],[],[],[],[],[]],"campfire_choices":[{"data":"Defragment","floor":6,"key":"SMITH"},{"data":"Zap","floor":8,"key":"SMITH"},{"data":"Hyperbeam","floor":12,"key":"SMITH"},{"data":"Beam Cell","floor":15,"key":"SMITH"},{"floor":24,"key":"REST"},{"data":"Hologram","floor":27,"key":"SMITH"},{"data":"Redo","floor":32,"key":"SMITH"}],"lesson_learned_per_floor":[[],[],[],[],[],[],[],[],[],[],[],[],[],[],[],[],[],[],[],[],[],[],[],[],[],[],[],[],[],[],[],[],[]],"neow_cost":"NO_GOLD","improvable_cards":{"Genetic Algorithm+1":[13]},"seed_source_timestamp":-7868822730204650376,"shop_contents":[{"floor":21,"relics":["Matryoshka"],"cards":["Scrape","Rip and Tear","Coolheaded","Hello World","The Bomb"],"potions":["Explosive Potion","Weak Potion","AttackPotion"]},{"floor":29,"relics":["Blood Vial","Omamori","DollysMirror"],"cards":["Rebound","Fission","Jack Of All Trades","HandOfGreed"],"potions":["BlessingOfTheForge","Energy Potion","FocusPotion"]}],"circlet_count":0,"master_deck":["AscendersBane","Strike_B","Strike_B","Strike_B","Strike_B","Defend_B","Defend_B","Zap+1","Dualcast","Reinforced Body","Leap","Undo","Ball Lightning","Defragment+1","Hyperbeam+1","Beam Cell+1","Coolheaded","Compile Driver","All For One","Hologram+1","Skim","Dramatic Entrance","Conserve Battery","Genetic Algorithm+1","Chaos+1","Defragment","Hologram","Cold Snap","Redo+1","Steam+1"],"potion_use_per_floor":[[],[],[],[],[],[],[],[],[],[],[],[],[],[],[],[],[],[],[],[],[],[],["Explosive Potion"],[],[],[],[],[],[],[],[],[],["Explosive Potion","SteroidPotion","DistilledChaos","Fire Potion"]],"relics":["Cracked Core","Akabeko","Bag of Marbles","Potion Belt","Cursed Key","Centennial Puzzle","Sling","MealTicket","Art of War","Enchiridion"],"potions_floor_usage":[23,33,33,33,33],"damage_taken":[{"damage":2,"enemies":"2 Louse","floor":1,"turns":4},{"damage":0,"enemies":"Cultist","floor":3,"turns":4},{"damage":0,"enemies":"Jaw Worm","floor":4,"turns":4},{"damage":0,"enemies":"Looter","floor":5,"turns":4},{"damage":12,"enemies":"Lagavulin","floor":10,"turns":7},{"damage":5,"enemies":"Exordium Thugs","floor":11,"turns":3},{"damage":10,"enemies":"3 Sentries","floor":13,"turns":4},{"damage":2,"enemies":"Red Slaver","floor":14,"turns":2},{"damage":34,"enemies":"Slime Boss","floor":16,"turns":7},{"damage":7,"enemies":"Shell Parasite","floor":18,"turns":5},{"damage":0,"enemies":"3 Byrds","floor":20,"turns":2},{"damage":11,"enemies":"Slavers","floor":23,"turns":2},{"damage":0,"enemies":"Gremlin Leader","floor":25,"turns":5},{"damage":6,"enemies":"Book of Stabbing","floor":30,"turns":4},{"damage":0,"enemies":"Snecko","floor":31,"turns":3},{"damage":49,"enemies":"Collector","floor":33,"turns":9}],"green_key_taken_log":10,"seed_played":"-7720289610312068145","neow_bonus_log":{"cardsObtained":[],"cardsUpgraded":[],"cardsRemoved":[],"cardsTransformed":[],"relicsObtained":[],"maxHpGained":14,"goldGained":0,"damageTaken":0,"goldLost":99,"maxHpLost":0},"potions_obtained":[{"floor":1,"key":"EssenceOfSteel"},{"floor":3,"key":"Fire Potion"},{"floor":5,"key":"Explosive Potion"},{"floor":14,"key":"SteroidPotion"},{"floor":20,"key":"DistilledChaos"},{"floor":23,"key":"SpeedPotion"},{"floor":30,"key":"Explosive Potion"}],"is_trial":false,"path_per_floor":["M","?","M","M","M","R","?","R","T","E","M","R","E","M","R","B",null,"M","?","M","$","T","E","R","E","T","R","?","$","E","M","R","B"],"character_chosen":"DEFECT","items_purchased":["Centennial Puzzle","Sling","Dramatic Entrance","Conserve Battery","Defragment","Hologram","Cold Snap"],"campfire_rested":1,"item_purchase_floors":[21,21,21,21,29,29,29],"current_hp_per_floor":[76,76,76,76,76,76,69,69,69,57,52,52,42,40,40,6,65,58,22,22,22,22,11,36,36,36,36,15,30,24,24,24,0],"gold":78,"neow_bonus":"TWENTY_PERCENT_HP_BONUS","is_prod":false,"is_daily":false,"rewards_skipped":[{"floor":30,"relics":["Tiny Chest"],"potions":[]}],"chose_seed":false,"campfire_upgraded":6,"win_rate":0,"floor_exit_playtime":[158,219,303,345,397,431,441,457,466,592,678,684,779,834,839,1085,1158,1260,1365,1469,1608,1615,1716,1720,1842,1881,1894,1914,2016,2233,2314,2346],"timestamp":1673899690,"path_taken":["M","?","?","M","M","R","?","R","T","E","M","R","E","M","R","BOSS","M","?","?","$","?","E","R","E","T","R","?","?","E","M","R","BOSS"],"build_version":"2022-12-18","purchased_purges":1,"victory":false,"max_hp_per_floor":[85,85,85,85,85,85,85,85,85,85,85,85,85,85,85,85,85,85,85,85,85,85,85,85,85,85,85,85,85,85,85,85,85],"relic_stats":{"Centennial Puzzle":[9],"counters":[16,69],"MealTicket":15,"Art of War":[4],"Cursed Key":0,"obtain_stats":[{"Potion Belt":13,"Centennial Puzzle":21,"Enchiridion":28,"MealTicket":23,"Bag of Marbles":10,"Art of War":25,"Cracked Core":0,"Cursed Key":17,"Sling":21,"Akabeko":9},{"Potion Belt":7,"Centennial Puzzle":11,"Enchiridion":13,"MealTicket":12,"Bag of Marbles":5,"Art of War":13,"Cracked Core":0,"Cursed Key":9,"Sling":11,"Akabeko":4},{"Potion Belt":30,"Centennial Puzzle":46,"Enchiridion":53,"MealTicket":48,"Bag of Marbles":23,"Art of War":53,"Cracked Core":0,"Cursed Key":39,"Sling":46,"Akabeko":16}]},"card_choices":[{"not_picked":["Heatsinks","Scrape"],"picked":"Reinforced Body","floor":1},{"not_picked":["Coolheaded","Redo"],"picked":"Undo","floor":3},{"not_picked":["Compile Driver","Leap"],"picked":"Ball Lightning","floor":4},{"not_picked":["Coolheaded","Beam Cell"],"picked":"Defragment","floor":5},{"not_picked":["Gash","Turbo"],"picked":"Hyperbeam","floor":10},{"not_picked":["Steam","Consume"],"picked":"Beam Cell","floor":11},{"not_picked":["Ball Lightning","White Noise"],"picked":"Coolheaded","floor":13},{"not_picked":["Redo","Gash"],"picked":"Compile Driver","floor":14},{"not_picked":["Fission","Electrodynamics"],"picked":"All For One","floor":16},{"not_picked":["Reinforced Body","Gash"],"picked":"Hologram","floor":18},{"not_picked":["Leap","Blizzard"],"picked":"Skim","floor":20},{"not_picked":["Loop","Creative AI"],"picked":"Genetic Algorithm+1","floor":23},{"not_picked":["Redo","Compile Driver"],"picked":"Chaos+1","floor":25},{"not_picked":["Heatsinks","Hologram"],"picked":"Redo","floor":30},{"not_picked":["Turbo","Conserve Battery+1"],"picked":"Steam+1","floor":31}],"player_experience":5014951,"relics_obtained":[{"floor":9,"key":"Akabeko"},{"floor":10,"key":"Bag of Marbles"},{"floor":13,"key":"Potion Belt"},{"floor":23,"key":"MealTicket"},{"floor":25,"key":"Art of War"},{"floor":28,"key":"Enchiridion"}],"event_choices":[{"damage_healed":0,"gold_gain":0,"player_choice":"1 cards matched","damage_taken":0,"max_hp_gain":0,"max_hp_loss":0,"event_name":"Match and Keep!","floor":2,"gold_loss":0,"cards_obtained":["Leap"]},{"cards_removed":["Defend_B"],"damage_healed":0,"gold_gain":0,"player_choice":"Card Removal","damage_taken":7,"max_hp_gain":0,"max_hp_loss":0,"event_name":"Golden Wing","floor":7,"gold_loss":0},{"damage_healed":0,"gold_gain":360,"player_choice":"GOLD GOLD GOLD GOLD ","damage_taken":36,"max_hp_gain":0,"max_hp_loss":0,"event_name":"Knowing Skull","floor":19,"potions_obtained":[],"gold_loss":0,"cards_obtained":[]},{"damage_healed":0,"gold_gain":0,"player_choice":"Obtained Book","damage_taken":21,"max_hp_gain":0,"max_hp_loss":0,"event_name":"Cursed Tome","floor":28,"gold_loss":0}],"is_beta":false,"boss_relics":[{"not_picked":["Velvet Choker","Black Star"],"picked":"Cursed Key"}],"items_purged_floors":[21],"is_endless":false,"potions_floor_spawned":[1,3,5,14,20,23,30],"killed_by":"Collector","ascension_level":20,"potion_discard_per_floor":[[],[],[],[],["EssenceOfSteel"],[],[],[],[],[],[],[],[],[],[],[],[],[],[],[],[],[],[],[],[],[],[],[],[],["SpeedPotion"],[],[],[]]}