{"neow_bonuses_skipped_log":["RANDOM_COLORLESS","TEN_PERCENT_HP_BONUS","BOSS_RELIC"],"potions_obtained_entropic_brew":[[],[],[],[],[],[],[],[],[],[],[],[],[],[],[],[],[],[],[],[],[],[],[],[],[],[],[],[],[],[],[],[],[],[],[],[],[],[],[],[],[],[],[],[],[],[],[],[],[],[],[],[],[],[],[],[]],"neow_costs_skipped_log":["NONE","NONE","NONE"],"gold_per_floor":[11,25,25,42,53,79,79,104,104,116,136,136,147,112,112,189,189,199,199,213,138,138,138,169,169,243,243,243,276,276,65,65,143,143,158,158,42,55,74,102,102,130,211,211,227,152,172,77,77,77,77,77,77,1,34,34],"floor_reached":56,"playtime":5568,"items_purged":["Zap"],"score":1956,"play_id":"b50ee011-0361-479f-ae56-5e24f9028ad9","local_time":"20230111203340","score_breakdown":["Floors Climbed (56): 280","Enemies Slain (14): 28","Exordium Elites Killed (2): 20","City Elites Killed (2): 40","Beyond Elites Killed (2): 60","Bosses Slain (4): 500","Librarian: 25","Well Fed: 25","Overkill: 25","Ascension (20): 953"],"is_ascension_mode":true,"potions_obtained_alchemize":[[],[],[],[],[],[],[],[],[],[],[],[],[],[],[],[],[],[],[],[],[],[],[],[],[],[],[],[],[],[],[],[],[],[],[],[],[],[],[],[],[],[],[],[],[],[],[],[],[],[],[],[],[],[],[],[]],"campfire_choices":[{"data":"Reboot","floor":7,"key":"SMITH"},{"data":"Seek","floor":12,"key":"SMITH"},{"floor":15,"key":"DIG"},{"data":"Darkness","floor":23,"key":"SMITH"},{"data":"Sunder","floor":25,"key":"SMITH"},{"floor":27,"key":"DIG"},{"floor":30,"key":"DIG"},{"floor":32,"key":"REST"},{"data":"Hologram","floor":41,"key":"SMITH"},{"data":"Biased Cognition","floor":44,"key":"SMITH"},{"floor":49,"key":"RECALL"},{"data":"Capacitor","floor":53,"key":"SMITH"}],"lesson_learned_per_floor":[[],[],[],[],[],[],[],[],[],[],[],[],[],[],[],[],[],[],[],[],[],[],[],[],[],[],[],[],[],[],[],[],[],[],[],[],[],[],[],[],[],[],[],[],[],[],[],[],[],[],[],[],[],[],[],[]],"neow_cost":"NO_GOLD","improvable_cards":{},"seed_source_timestamp":-5512676505924469377,"shop_contents":[{"floor":31,"relics":["StrikeDummy","Strawberry","Cauldron"],"cards":["Cold Snap","Blizzard","BootSequence","Storm","Panacea","Chrysalis"],"potions":["AttackPotion","EssenceOfSteel"]},{"floor":37,"relics":["Whetstone","Potion Belt","ClockworkSouvenir"],"cards":["Cold Snap","Chill","Loop","Flash of Steel","Chrysalis"],"potions":["AttackPotion","FocusPotion","Strength Potion"]},{"floor":48,"relics":["Meat on the Bone","Lantern","Chemical X"],"cards":["Compile Driver","Barrage","Hologram","Leap","Self Repair","Chrysalis"],"potions":["FairyPotion","Weak Potion","CultistPotion"]},{"floor":54,"relics":["Shuriken","Akabeko","Lee\u0027s Waffle"],"cards":["Rebound","Doom and Gloom","Conserve Battery","Double Energy","Purity","Thinking Ahead"],"potions":["SpeedPotion","Weak Potion","EssenceOfDarkness"]}],"circlet_count":0,"master_deck":["AscendersBane","Strike_B","Strike_B","Defend_B","Defend_B","Defend_B","Dualcast","Ball Lightning","Rip and Tear","Steam","Reboot+1","Rebound","Cold Snap","Seek+1","Core Surge","Compile Driver","Darkness+1","Necronomicurse","Sunder+1","Core Surge","Hologram+1","Biased Cognition+1","Coolheaded","Sweeping Beam","Skim","Doom and Gloom","Compile Driver","Self Repair+1","Steam Power+1","Capacitor+1","Electrodynamics","Scrape","Glacier+1","Blind","Capacitor","Cold Snap"],"potion_use_per_floor":[[],[],[],[],[],[],[],["SneckoOil"],[],[],[],[],[],[],[],[],[],[],[],[],[],[],[],[],[],[],[],[],["Block Potion"],[],[],[],["Regen Potion"],[],[],[],[],[],[],[],[],[],[],[],[],[],[],[],[],[],[],[],[],[],["Fruit Juice"],["PowerPotion","FairyPotion"]],"relics":["Cracked Core","Art of War","Shovel","Torii","Thread and Needle","Velvet Choker","Necronomicon","Gremlin Horn","Symbiotic Virus","Anchor","Bag of Marbles","Happy Flower","Coffee Dripper","Eternal Feather","Orichalcum","Emotion Chip"],"potions_floor_usage":[8,29,33,55,56],"damage_taken":[{"damage":9,"enemies":"Jaw Worm","floor":1,"turns":4},{"damage":0,"enemies":"Cultist","floor":2,"turns":3},{"damage":0,"enemies":"Small Slimes","floor":4,"turns":2},{"damage":0,"enemies":"2 Fungi Beasts","floor":5,"turns":3},{"damage":11,"enemies":"Gremlin Nob","floor":6,"turns":3},{"damage":19,"enemies":"3 Sentries","floor":8,"turns":5},{"damage":3,"enemies":"Gremlin Gang","floor":10,"turns":3},{"damage":1,"enemies":"Exordium Wildlife","floor":11,"turns":2},{"damage":0,"enemies":"3 Louse","floor":13,"turns":4},{"damage":16,"enemies":"Slime Boss","floor":16,"turns":9},{"damage":8,"enemies":"2 Thieves","floor":18,"turns":4},{"damage":0,"enemies":"Chosen","floor":20,"turns":4},{"damage":41,"enemies":"Slavers","floor":24,"turns":5},{"damage":2,"enemies":"Book of Stabbing","floor":29,"turns":3},{"damage":23,"enemies":"Collector","floor":33,"turns":6},{"damage":0,"enemies":"3 Darklings","floor":35,"turns":4},{"damage":0,"enemies":"Orb Walker","floor":38,"turns":1},{"damage":27,"enemies":"Writhing Mass","floor":39,"turns":4},{"damage":12,"enemies":"Reptomancer","floor":40,"turns":5},{"damage":50,"enemies":"Nemesis","floor":42,"turns":9},{"damage":14,"enemies":"Maw","floor":45,"turns":5},{"damage":0,"enemies":"Sphere and 2 Shapes","floor":47,"turns":3},{"damage":11,"enemies":"Awakened One","floor":50,"turns":37},{"damage":20,"enemies":"Donu and Deca","floor":51,"turns":12},{"damage":82,"enemies":"Shield and Spear","floor":55,"turns":8},{"damage":68,"enemies":"The Heart","floor":56,"turns":9}],"green_key_taken_log":40,"seed_played":"6550379461276924980","neow_bonus_log":{"cardsObtained":[],"cardsUpgraded":[],"cardsRemoved":[],"cardsTransformed":[],"relicsObtained":[],"maxHpGained":14,"goldGained":0,"damageTaken":0,"goldLost":99,"maxHpLost":0},"potions_obtained":[{"floor":5,"key":"SneckoOil"},{"floor":6,"key":"Energy Potion"},{"floor":18,"key":"Explosive Potion"},{"floor":19,"key":"FairyPotion"},{"floor":24,"key":"Block Potion"},{"floor":39,"key":"Dexterity Potion"},{"floor":42,"key":"Fruit Juice"},{"floor":55,"key":"PowerPotion"}],"is_trial":false,"path_per_floor":["M","M","?","M","M","E","R","E","T","M","M","R","M","?","R","B",null,"M","?","M","?","?","R","E","R","T","R","?","E","R","$","R","B",null,"M","?","$","M","M","E","R","E","T","R","M","?","M","$","R","B","B",null,"R","$","E","B"],"character_chosen":"DEFECT","items_purchased":["Hologram","Regen Potion","Skim","Doom and Gloom","Blind","Capacitor"],"campfire_rested":1,"item_purchase_floors":[31,31,37,37,48,54],"current_hp_per_floor":[69,69,69,69,69,58,58,39,39,36,35,35,35,56,56,40,74,66,66,66,66,45,45,4,4,4,4,4,2,2,2,27,19,69,69,69,69,69,42,40,58,18,18,36,32,32,42,42,60,59,49,76,85,85,8,0],"gold":34,"neow_bonus":"TWENTY_PERCENT_HP_BONUS","is_prod":false,"is_daily":false,"rewards_skipped":[{"floor":19,"relics":[],"potions":["LiquidBronze"]}],"chose_seed":false,"campfire_upgraded":7,"win_rate":0,"floor_exit_playtime":[58,94,132,196,280,385,391,747,751,909,950,981,1196,1206,1212,1431,1570,1678,1690,1763,1770,1812,1820,1981,1987,1990,1998,2020,2173,2181,2353,2360,2507,2594,2701,2742,2840,2874,3072,3288,3299,3552,3557,3568,3752,3830,3883,3948,3952,4517,4761,4773,4799,4846,5093],"timestamp":1673487220,"blue_key_relic_skipped_log":{"floor":43,"relicID":"Cables"},"path_taken":["M","M","?","?","M","E","R","E","T","M","M","R","M","?","R","BOSS","M","?","?","?","?","R","E","R","T","R","?","E","R","$","R","BOSS","M","?","?","M","?","E","R","E","T","R","M","?","M","?","R","BOSS","BOSS","R","$","E","BOSS"],"build_version":"2022-12-18","purchased_purges":1,"victory":false,"max_hp_per_floor":[85,85,85,85,85,85,85,85,85,85,85,85,85,85,85,85,85,85,85,85,85,85,85,85,85,85,85,85,85,85,85,85,85,85,85,85,85,85,85,85,85,85,85,85,85,85,85,85,85,85,85,85,85,85,90,90],"relic_stats":{"Emotion Chip":[24,4,15,5,0],"Shovel":3,"Torii":53,"Gremlin Horn":[20,20],"Happy Flower":[34],"counters":[26,157],"Eternal Feather":63,"Art of War":[15],"Necronomicon":[35],"Orichalcum":[186],"obtain_stats":[{"Torii":9,"Gremlin Horn":24,"Happy Flower":30,"Velvet Choker":17,"Thread and Needle":15,"Eternal Feather":40,"Orichalcum":42,"Anchor":27,"Emotion Chip":55,"Shovel":8,"Art of War":6,"Necronomicon":22,"Bag of Marbles":29,"Coffee Dripper":34,"Cracked Core":0,"Symbiotic Virus":26},{"Torii":6,"Gremlin Horn":13,"Happy Flower":14,"Velvet Choker":10,"Thread and Needle":9,"Eternal Feather":19,"Orichalcum":20,"Anchor":13,"Emotion Chip":25,"Shovel":6,"Art of War":5,"Necronomicon":12,"Bag of Marbles":14,"Coffee Dripper":15,"Cracked Core":0,"Symbiotic Virus":13},{"Torii":20,"Gremlin Horn":51,"Happy Flower":54,"Velvet Choker":38,"Thread and Needle":29,"Eternal Feather":74,"Orichalcum":83,"Anchor":51,"Emotion Chip":148,"Shovel":20,"Art of War":15,"Necronomicon":46,"Bag of Marbles":54,"Coffee Dripper":60,"Cracked Core":0,"Symbiotic Virus":51}]},"card_choices":[{"not_picked":["Leap","Steam"],"picked":"Ball Lightning","floor":1},{"not_picked":["Stack","Recycle"],"picked":"Rip and Tear","floor":2},{"not_picked":["Go for the Eyes","Redo"],"picked":"Steam","floor":4},{"not_picked":["Redo","Compile Driver"],"picked":"Reboot","floor":5},{"not_picked":["Streamline","Compile Driver"],"picked":"Rebound","floor":6},{"not_picked":["Streamline","Recycle"],"picked":"Cold Snap","floor":8},{"not_picked":["Coolheaded","Barrage","Rebound"],"picked":"SKIP","floor":10},{"not_picked":["Lockon","Compile Driver"],"picked":"Seek","floor":11},{"not_picked":["Coolheaded","Gash","Steam Power"],"picked":"SKIP","floor":13},{"not_picked":["Coolheaded","Gash","Steam Power"],"picked":"SKIP","floor":13},{"not_picked":["Fission","Rainbow"],"picked":"Core Surge","floor":16},{"not_picked":["Hologram","Turbo"],"picked":"Compile Driver","floor":18},{"not_picked":["Sweeping Beam","Rip and Tear"],"picked":"Darkness","floor":20},{"not_picked":["Genetic Algorithm","Cold Snap+1"],"picked":"Sunder","floor":24},{"not_picked":["Streamline","Thunder Strike"],"picked":"Core Surge","floor":29},{"not_picked":["Amplify","Multi-Cast"],"picked":"Biased Cognition","floor":33},{"not_picked":["Blizzard","Stack"],"picked":"Coolheaded","floor":35},{"not_picked":["Stack+1","Gash+1"],"picked":"Compile Driver","floor":38},{"not_picked":["Coolheaded","Rebound"],"picked":"Self Repair+1","floor":39},{"not_picked":["Coolheaded","Go for the Eyes"],"picked":"Steam Power+1","floor":40},{"not_picked":["Rebound+1","Beam Cell+1","Hyperbeam"],"picked":"SKIP","floor":42},{"not_picked":["Gash","Cold Snap"],"picked":"Capacitor","floor":45},{"not_picked":["Gash","BootSequence"],"picked":"Glacier+1","floor":47},{"not_picked":["Rip and Tear+1","Stack"],"picked":"Cold Snap","floor":55}],"player_experience":4987382,"relics_obtained":[{"floor":6,"key":"Art of War"},{"floor":8,"key":"Shovel"},{"floor":9,"key":"Torii"},{"floor":15,"key":"Thread and Needle"},{"floor":22,"key":"Necronomicon"},{"floor":24,"key":"Gremlin Horn"},{"floor":26,"key":"Symbiotic Virus"},{"floor":27,"key":"Anchor"},{"floor":29,"key":"Bag of Marbles"},{"floor":30,"key":"Happy Flower"},{"floor":40,"key":"Eternal Feather"},{"floor":42,"key":"Orichalcum"},{"floor":55,"key":"Emotion Chip"}],"event_choices":[{"cards_removed":["Strike_B"],"damage_healed":0,"gold_gain":0,"player_choice":"Offered Basic","damage_taken":0,"max_hp_gain":0,"max_hp_loss":0,"event_name":"Bonfire Elementals","floor":3,"gold_loss":0},{"damage_healed":21,"gold_gain":0,"player_choice":"Healed","damage_taken":0,"max_hp_gain":0,"max_hp_loss":0,"event_name":"The Cleric","floor":14,"gold_loss":35},{"damage_healed":0,"gold_gain":0,"player_choice":"Got Potions","damage_taken":0,"max_hp_gain":0,"max_hp_loss":0,"event_name":"Lab","floor":19,"gold_loss":0},{"cards_removed":["Strike_B"],"damage_healed":0,"gold_gain":0,"player_choice":"Gave Gold","damage_taken":0,"max_hp_gain":0,"max_hp_loss":0,"event_name":"Beggar","floor":21,"gold_loss":75},{"damage_healed":0,"gold_gain":0,"player_choice":"Obtained Book","damage_taken":21,"max_hp_gain":0,"max_hp_loss":0,"event_name":"Cursed Tome","floor":22,"gold_loss":0},{"damage_healed":0,"gold_gain":0,"player_choice":"Ignored","damage_taken":0,"max_hp_gain":0,"max_hp_loss":0,"event_name":"Vampires","floor":28,"gold_loss":0},{"damage_healed":0,"gold_gain":0,"player_choice":"2 cards matched","damage_taken":0,"max_hp_gain":0,"max_hp_loss":0,"event_name":"Match and Keep!","floor":36,"gold_loss":0,"cards_obtained":["Zap","Sweeping Beam"]},{"damage_healed":0,"gold_gain":0,"cards_transformed":["Zap","Defend_B"],"player_choice":"Transformed Cards","damage_taken":0,"max_hp_gain":0,"max_hp_loss":0,"event_name":"Designer","floor":46,"gold_loss":75,"cards_obtained":["Electrodynamics","Scrape"]}],"is_beta":false,"boss_relics":[{"not_picked":["SacredBark","SlaversCollar"],"picked":"Velvet Choker"},{"not_picked":["Philosopher\u0027s Stone","Inserter"],"picked":"Coffee Dripper"}],"items_purged_floors":[31],"is_endless":false,"potions_floor_spawned":[5,6,18,24,39,42,55],"killed_by":"The Heart","ascension_level":20,"potion_discard_per_floor":[[],[],[],[],[],[],[],[],[],[],[],[],[],[],[],[],[],[],["Energy Potion"],[],[],[],[],["Explosive Potion"],[],[],[],[],[],[],[],[],[],[],[],[],[],[],[],[],[],["Dexterity Potion"],[],[],[],[],[],[],[],[],[],[],[],[],[],[]]}