{"neow_bonuses_skipped_log":["REMOVE_CARD","THREE_SMALL_POTIONS","BOSS_RELIC"],"potions_obtained_entropic_brew":[[],[],[],[],[],[],[],[],[],[],[],[],[],[],[],[],[],[],[],[],[],[],[],[],[],[],[],[],[],[],[],[],[],[],[],[],[],[],[],[],[],[],[],[],[],[],[],[]],"neow_costs_skipped_log":["NONE","NONE","NONE"],"gold_per_floor":[16,29,40,90,107,107,134,153,205,216,216,216,244,117,117,193,193,205,219,219,27,27,27,58,58,58,58,77,157,157,168,168,242,242,259,284,284,11,11,39,57,82,109,135,135,162,162,162],"floor_reached":48,"playtime":3748,"items_purged":["Strike_B","Writhe","Dualcast"],"score":1373,"play_id":"07c6cc86-9fbf-4161-b352-86482b82c668","local_time":"20230113142201","score_breakdown":["Floors Climbed (48): 240","Enemies Slain (12): 24","Exordium Elites Killed (2): 20","City Elites Killed (1): 20","Beyond Elites Killed (4): 120","Bosses Slain (2): 150","Well Fed: 25","Champion (4): 100","Ascension (20): 674"],"is_ascension_mode":true,"potions_obtained_alchemize":[[],[],[],[],[],[],[],[],[],[],[],[],[],[],[],[],[],[],[],[],[],[],[],[],[],[],[],[],[],[],[],[],[],[],[],[],[],[],[],[],[],[],[],[],[],[],[],[]],"campfire_choices":[{"data":"Beam Cell","floor":6,"key":"SMITH"},{"data":"Sunder","floor":12,"key":"SMITH"},{"data":"Defragment","floor":15,"key":"SMITH"},{"data":"Streamline","floor":23,"key":"SMITH"},{"data":"Defragment","floor":25,"key":"SMITH"},{"data":"Hologram","floor":30,"key":"SMITH"},{"data":"Biased Cognition","floor":32,"key":"SMITH"},{"floor":45,"key":"RECALL"},{"data":"Fusion","floor":47,"key":"SMITH"}],"lesson_learned_per_floor":[[],[],[],[],[],[],[],[],[],[],[],[],[],[],[],[],[],[],[],[],[],[],[],[],[],[],[],[],[],[],[],[],[],[],[],[],[],[],[],[],[],[],[],[],[],[],[],[]],"neow_cost":"NO_GOLD","improvable_cards":{},"seed_source_timestamp":-139996081215518716,"shop_contents":[{"floor":14,"relics":["Regal Pillow","Strawberry","Lee\u0027s Waffle"],"cards":["Scrape","Melter","Stack","Static Discharge","Forethought","Thinking Ahead"],"potions":["EssenceOfDarkness","Regen Potion","SteroidPotion"]},{"floor":21,"relics":["HornCleat","Cables","PrismaticShard"],"cards":["Compile Driver","Rebound","White Noise","Leap","Static Discharge","Secret Weapon"],"potions":["SpeedPotion","Weak Potion","SkillPotion"]},{"floor":38,"relics":["Pear","Thread and Needle","Potion Belt"],"cards":["FTL","Ball Lightning","Steam","Conserve Battery","Defragment","Trip","Violence"],"potions":["Regen Potion","BlessingOfTheForge","Explosive Potion"]}],"circlet_count":0,"master_deck":["AscendersBane","Defend_B","Defend_B","Defend_B","Rebound","Conserve Battery","Beam Cell+1","Ball Lightning","Compile Driver+1","Sunder+1","Defragment+1","Hologram+1","Meteor Strike","Defragment+1","Streamline+1","Panacea","Coolheaded+1","Hologram","Biased Cognition+1","Core Surge+1","Recycle+1","Redo+1","Multi-Cast+1","Go for the Eyes+1","Compile Driver","Secret Technique","Master of Strategy","PanicButton","Glacier","Defragment+1","Buffer","Fusion+1","Hologram+1"],"potion_use_per_floor":[[],[],[],[],[],[],["Block Potion"],[],[],[],[],[],[],[],[],["SneckoOil"],[],[],["Fire Potion"],[],[],[],[],[],[],[],[],[],[],[],[],[],[],[],[],[],[],[],[],["Block Potion"],[],[],[],[],[],[],[],["DistilledChaos"]],"relics":["Cracked Core","Oddly Smooth Stone","Akabeko","Ornamental Fan","Runic Pyramid","Juzu Bracelet","Blood Vial","Vajra","The Courier","Astrolabe","Mango","Chemical X","DataDisk","Molten Egg 2","Whetstone","Happy Flower","Darkstone Periapt"],"potions_floor_usage":[7,16,19,40,48],"damage_taken":[{"damage":0,"enemies":"2 Louse","floor":1,"turns":3},{"damage":1,"enemies":"Cultist","floor":2,"turns":3},{"damage":4,"enemies":"Small Slimes","floor":3,"turns":4},{"damage":19,"enemies":"Exordium Thugs","floor":5,"turns":5},{"damage":6,"enemies":"Lagavulin","floor":7,"turns":6},{"damage":6,"enemies":"Large Slime","floor":8,"turns":5},{"damage":0,"enemies":"3 Louse","floor":10,"turns":2},{"damage":8,"enemies":"3 Sentries","floor":13,"turns":4},{"damage":18,"enemies":"The Guardian","floor":16,"turns":6},{"damage":8,"enemies":"3 Byrds","floor":18,"turns":4},{"damage":6,"enemies":"2 Thieves","floor":19,"turns":3},{"damage":0,"enemies":"Gremlin Leader","floor":24,"turns":5},{"damage":14,"enemies":"Cultist and Chosen","floor":28,"turns":6},{"damage":10,"enemies":"Snake Plant","floor":31,"turns":5},{"damage":34,"enemies":"Champ","floor":33,"turns":13},{"damage":10,"enemies":"3 Shapes","floor":35,"turns":2},{"damage":0,"enemies":"Mind Bloom Boss Battle","floor":36,"turns":3},{"damage":8,"enemies":"Giant Head","floor":40,"turns":6},{"damage":9,"enemies":"3 Darklings","floor":41,"turns":5},{"damage":0,"enemies":"Reptomancer","floor":42,"turns":8},{"damage":0,"enemies":"Nemesis","floor":44,"turns":7},{"damage":0,"enemies":"Giant Head","floor":46,"turns":7},{"damage":58,"enemies":"Reptomancer","floor":48,"turns":3}],"seed_played":"-7433072253829785380","neow_bonus_log":{"cardsObtained":[],"cardsUpgraded":[],"cardsRemoved":[],"cardsTransformed":[],"relicsObtained":[],"maxHpGained":14,"goldGained":0,"damageTaken":0,"goldLost":99,"maxHpLost":0},"potions_obtained":[{"floor":2,"key":"SneckoOil"},{"floor":5,"key":"Block Potion"},{"floor":8,"key":"LiquidBronze"},{"floor":16,"key":"Fire Potion"},{"floor":19,"key":"Block Potion"},{"floor":24,"key":"CultistPotion"},{"floor":35,"key":"Block Potion"},{"floor":42,"key":"SpeedPotion"},{"floor":46,"key":"DistilledChaos"}],"is_trial":false,"path_per_floor":["M","M","M","?","M","R","E","M","T","M","?","R","E","$","R","B",null,"M","M","?","$","?","R","E","R","T","?","M","T","R","M","R","B",null,"M","?","?","$","?","E","M","E","T","E","R","E","R","E"],"character_chosen":"DEFECT","items_purchased":["Hologram","Panacea","Chemical X","Compile Driver"],"campfire_rested":0,"item_purchase_floors":[14,21,38,38],"current_hp_per_floor":[78,77,73,73,54,54,48,42,42,42,42,42,34,34,34,16,68,60,54,54,54,54,54,54,54,54,54,42,42,42,34,34,2,64,56,72,72,72,62,56,49,51,51,53,53,55,55,0],"gold":162,"neow_bonus":"TWENTY_PERCENT_HP_BONUS","is_prod":false,"is_daily":false,"rewards_skipped":[{"floor":36,"relics":[],"potions":["ColorlessPotion"]}],"chose_seed":false,"campfire_upgraded":8,"win_rate":0,"floor_exit_playtime":[91,122,188,217,348,354,439,499,502,573,587,592,737,788,795,972,1067,1150,1232,1235,1527,1550,1557,1688,1694,1707,1730,1822,1825,1838,1893,1904,2271,2371,2423,2473,2475,2572,2627,2793,2967,3143,3148,3313,3318,3475,3491],"timestamp":1673637721,"blue_key_relic_skipped_log":{"floor":26,"relicID":"Bottled Lightning"},"path_taken":["M","M","M","?","M","R","E","?","T","M","?","R","E","$","R","BOSS","M","M","?","$","?","R","E","R","T","?","M","?","R","M","R","BOSS","M","?","?","$","?","E","M","E","T","E","R","E","R","E"],"build_version":"2022-12-18","purchased_purges":3,"victory":false,"max_hp_per_floor":[85,85,85,85,85,85,85,85,85,85,85,85,85,85,85,85,85,85,85,85,85,85,85,85,85,85,85,85,85,85,85,85,85,85,85,99,99,99,99,99,99,99,99,99,99,99,99,99],"relic_stats":{"Blood Vial":22,"Darkstone Periapt":0,"Happy Flower":[3],"counters":[23,115],"Ornamental Fan":[116],"Astrolabe":["Recycle","Redo","Multi-Cast"],"The Courier":68,"Juzu Bracelet":1,"Chemical X":[2],"Whetstone":["Core Surge","Compile Driver"],"obtain_stats":[{"Darkstone Periapt":46,"Happy Flower":44,"Astrolabe":34,"Oddly Smooth Stone":7,"Vajra":27,"Mango":36,"The Courier":29,"Juzu Bracelet":20,"Whetstone":43,"Akabeko":9,"Blood Vial":24,"DataDisk":40,"Ornamental Fan":13,"Molten Egg 2":42,"Chemical X":38,"Cracked Core":0,"Runic Pyramid":17},{"Darkstone Periapt":22,"Happy Flower":21,"Astrolabe":15,"Oddly Smooth Stone":5,"Vajra":12,"Mango":17,"The Courier":13,"Juzu Bracelet":11,"Whetstone":20,"Akabeko":6,"Blood Vial":12,"DataDisk":18,"Ornamental Fan":8,"Molten Egg 2":20,"Chemical X":17,"Cracked Core":0,"Runic Pyramid":9},{"Darkstone Periapt":112,"Happy Flower":105,"Astrolabe":74,"Oddly Smooth Stone":21,"Vajra":50,"Mango":79,"The Courier":56,"Juzu Bracelet":45,"Whetstone":98,"Akabeko":26,"Blood Vial":50,"DataDisk":85,"Ornamental Fan":32,"Molten Egg 2":98,"Chemical X":79,"Cracked Core":0,"Runic Pyramid":38}]},"card_choices":[{"not_picked":["Steam","Compile Driver"],"picked":"Rebound","floor":1},{"not_picked":["Rebound","Gash"],"picked":"Conserve Battery","floor":2},{"not_picked":["Leap","Rebound"],"picked":"Beam Cell","floor":3},{"not_picked":["Storm","Beam Cell"],"picked":"Ball Lightning","floor":5},{"not_picked":["Redo","Recycle"],"picked":"Compile Driver","floor":7},{"not_picked":["Loop","Steam"],"picked":"Sunder","floor":8},{"not_picked":["Compile Driver","White Noise","Ball Lightning"],"picked":"SKIP","floor":10},{"not_picked":["Storm","BootSequence"],"picked":"Defragment","floor":13},{"not_picked":["Reboot","Hyperbeam"],"picked":"Meteor Strike","floor":16},{"not_picked":["Conserve Battery","Reprogram"],"picked":"Defragment","floor":18},{"not_picked":["Ball Lightning+1","Sweeping Beam"],"picked":"Streamline","floor":19},{"not_picked":["Cold Snap","White Noise"],"picked":"Coolheaded+1","floor":24},{"not_picked":["Sweeping Beam","Coolheaded"],"picked":"Hologram","floor":28},{"not_picked":["Barrage","Doom and Gloom"],"picked":"Biased Cognition","floor":31},{"not_picked":["Electrodynamics","Meteor Strike"],"picked":"Core Surge","floor":33},{"not_picked":["Gash+1","Blizzard"],"picked":"Go for the Eyes+1","floor":35},{"not_picked":["Go for the Eyes","Streamline","Melter"],"picked":"SKIP","floor":36},{"not_picked":["Madness","Chrysalis"],"picked":"Secret Technique","floor":39},{"not_picked":["Bandage Up","PanicButton"],"picked":"Master of Strategy","floor":39},{"not_picked":["Blind","Thinking Ahead"],"picked":"PanicButton","floor":39},{"not_picked":["Redo","Steam"],"picked":"Glacier","floor":40},{"not_picked":["White Noise+1","Go for the Eyes"],"picked":"Defragment+1","floor":41},{"not_picked":["Redo","Streamline+1"],"picked":"Buffer","floor":42},{"not_picked":["Redo","Coolheaded"],"picked":"Fusion","floor":44},{"not_picked":["Gash+1","Go for the Eyes+1"],"picked":"Hologram+1","floor":46}],"player_experience":5001075,"relics_obtained":[{"floor":7,"key":"Oddly Smooth Stone"},{"floor":9,"key":"Akabeko"},{"floor":13,"key":"Ornamental Fan"},{"floor":24,"key":"Blood Vial"},{"floor":27,"key":"Vajra"},{"floor":29,"key":"The Courier"},{"floor":36,"key":"Mango"},{"floor":40,"key":"DataDisk"},{"floor":42,"key":"Molten Egg 2"},{"floor":43,"key":"Whetstone"},{"floor":44,"key":"Happy Flower"},{"floor":46,"key":"Darkstone Periapt"}],"event_choices":[{"damage_healed":0,"gold_gain":50,"player_choice":"Pray","damage_taken":0,"max_hp_gain":0,"max_hp_loss":0,"event_name":"Golden Shrine","floor":4,"gold_loss":0},{"cards_removed":["Strike_B"],"damage_healed":0,"gold_gain":0,"player_choice":"Purged","damage_taken":0,"max_hp_gain":0,"max_hp_loss":0,"event_name":"Purifier","floor":11,"gold_loss":0},{"damage_healed":0,"gold_gain":0,"player_choice":"Opened","damage_taken":0,"relics_obtained":["Juzu Bracelet"],"max_hp_gain":0,"max_hp_loss":0,"event_name":"The Mausoleum","floor":20,"gold_loss":0,"cards_obtained":["Writhe"]},{"cards_removed":["Strike_B"],"damage_healed":0,"gold_gain":0,"player_choice":"Purged","damage_taken":0,"max_hp_gain":0,"max_hp_loss":0,"event_name":"Purifier","floor":22,"gold_loss":0},{"damage_healed":0,"gold_gain":0,"player_choice":"Relic","damage_taken":0,"max_hp_gain":0,"max_hp_loss":0,"event_name":"Wheel of Change","floor":27,"gold_loss":0},{"damage_healed":0,"gold_gain":0,"player_choice":"Fight","damage_taken":0,"max_hp_gain":0,"max_hp_loss":0,"event_name":"MindBloom","floor":36,"gold_loss":0},{"damage_healed":0,"gold_gain":0,"player_choice":"Ignored","damage_taken":0,"max_hp_gain":0,"max_hp_loss":0,"event_name":"Tomb of Lord Red Mask","floor":37,"gold_loss":0},{"damage_healed":0,"gold_gain":0,"player_choice":"Memory 3","damage_taken":10,"max_hp_gain":0,"max_hp_loss":0,"event_name":"SensoryStone","floor":39,"gold_loss":0}],"is_beta":false,"boss_relics":[{"not_picked":["Calling Bell","Busted Crown"],"picked":"Runic Pyramid"},{"not_picked":["Velvet Choker","Snecko Eye"],"picked":"Astrolabe"}],"items_purged_floors":[14,21,38],"is_endless":false,"potions_floor_spawned":[2,5,8,16,19,24,35,36,42,46],"killed_by":"Reptomancer","ascension_level":20,"potion_discard_per_floor":[[],[],[],[],[],[],[],[],[],[],[],[],[],[],[],[],[],[],[],[],[],[],[],["LiquidBronze"],[],[],[],[],[],[],[],[],[],[],["CultistPotion"],[],[],[],[],[],[],[],[],[],[],["Block Potion"],[],[]]}