{"neow_bonuses_skipped_log":["RANDOM_COLORLESS","HUNDRED_GOLD","BOSS_RELIC"],"potions_obtained_entropic_brew":[[],[],[],[],[],[],[],[],[],[],[],[],[],[],[],[]],"neow_costs_skipped_log":["NONE","NONE","NONE"],"gold_per_floor":[10,24,44,44,44,44,70,70,70,100,110,124,124,144,144,144],"floor_reached":16,"playtime":972,"items_purged":[],"score":224,"play_id":"6858ee6f-eed3-4e70-b570-0cc3edd8ec54","local_time":"20230113131735","score_breakdown":["Floors Climbed (16): 80","Enemies Slain (6): 12","Exordium Elites Killed (2): 20","Bosses Slain (0): 0","Ascension (20): 112"],"is_ascension_mode":true,"potions_obtained_alchemize":[[],[],[],[],[],[],[],[],[],[],[],[],[],[],[],[]],"campfire_choices":[{"data":"Darkness","floor":6,"key":"SMITH"},{"data":"Sunder","floor":13,"key":"SMITH"},{"data":"Defragment","floor":15,"key":"SMITH"}],"lesson_learned_per_floor":[[],[],[],[],[],[],[],[],[],[],[],[],[],[],[],[]],"neow_cost":"NO_GOLD","improvable_cards":{},"seed_source_timestamp":2539405124062564493,"shop_contents":[{"floor":8,"relics":["Meat on the Bone","Strawberry","OrangePellets"],"cards":["Sunder","Rebound","Steam","Conserve Battery","Heatsinks","Finesse","Transmutation"],"potions":["Weak Potion","Strength Potion","Swift Potion"]}],"circlet_count":0,"master_deck":["AscendersBane","Strike_B","Strike_B","Strike_B","Defend_B","Defend_B+1","Defend_B","Defend_B","Zap","Dualcast","Conserve Battery+1","Darkness+1","Sunder+1","Defragment+1","FTL","Skim"],"potion_use_per_floor":[[],[],[],[],[],[],[],[],[],["EssenceOfSteel"],["SteroidPotion"],[],[],[],[],["AttackPotion"]],"relics":["Cracked Core","Blue Candle","DataDisk","Bird Faced Urn"],"potions_floor_usage":[10,11,16],"damage_taken":[{"damage":0,"enemies":"2 Louse","floor":1,"turns":3},{"damage":4,"enemies":"Jaw Worm","floor":2,"turns":4},{"damage":0,"enemies":"Cultist","floor":3,"turns":4},{"damage":7,"enemies":"Lagavulin","floor":7,"turns":6},{"damage":15,"enemies":"3 Sentries","floor":10,"turns":10},{"damage":7,"enemies":"Exordium Wildlife","floor":11,"turns":3},{"damage":0,"enemies":"Red Slaver","floor":12,"turns":4},{"damage":0,"enemies":"Large Slime","floor":14,"turns":4},{"damage":36,"enemies":"The Guardian","floor":16,"turns":2}],"seed_played":"-1860026357827086896","neow_bonus_log":{"cardsObtained":[],"cardsUpgraded":[],"cardsRemoved":[],"cardsTransformed":[],"relicsObtained":[],"maxHpGained":14,"goldGained":0,"damageTaken":0,"goldLost":99,"maxHpLost":0},"potions_obtained":[{"floor":2,"key":"EssenceOfSteel"},{"floor":3,"key":"SteroidPotion"},{"floor":11,"key":"AttackPotion"}],"is_trial":false,"path_per_floor":["M","M","M","?","?","R","E","$","T","E","M","M","R","M","R","B"],"character_chosen":"DEFECT","items_purchased":[],"campfire_rested":0,"item_purchase_floors":[],"current_hp_per_floor":[78,74,74,48,41,41,34,34,34,19,14,16,16,18,18,0],"gold":144,"neow_bonus":"TWENTY_PERCENT_HP_BONUS","is_prod":false,"is_daily":false,"rewards_skipped":[],"chose_seed":false,"campfire_upgraded":3,"win_rate":0,"floor_exit_playtime":[138,174,219,225,242,276,444,489,500,636,706,760,765,865,870],"timestamp":1673633855,"path_taken":["M","M","M","?","?","R","E","?","T","E","M","M","R","M","R","BOSS"],"build_version":"2022-12-18","purchased_purges":0,"victory":false,"max_hp_per_floor":[85,85,85,85,85,85,85,85,85,85,85,85,85,85,85,85],"relic_stats":{"counters":[9,40],"Blue Candle":[0],"Bird Faced Urn":[8],"obtain_stats":[{"DataDisk":9,"Blue Candle":7,"Bird Faced Urn":10,"Cracked Core":0},{"DataDisk":4,"Blue Candle":4,"Bird Faced Urn":5,"Cracked Core":0},{"DataDisk":17,"Blue Candle":17,"Bird Faced Urn":27,"Cracked Core":0}]},"card_choices":[{"not_picked":["Gash","Barrage","White Noise"],"picked":"SKIP","floor":1},{"not_picked":["Barrage","Turbo"],"picked":"Conserve Battery","floor":2},{"not_picked":["Redo","Go for the Eyes"],"picked":"Darkness","floor":3},{"not_picked":["Steam","Leap"],"picked":"Sunder","floor":7},{"not_picked":["Cold Snap","Turbo"],"picked":"Defragment","floor":10},{"not_picked":["White Noise","Ball Lightning"],"picked":"FTL","floor":11},{"not_picked":["Rebound","Conserve Battery","Gash"],"picked":"SKIP","floor":12},{"not_picked":["Beam Cell","Tempest"],"picked":"Skim","floor":14}],"player_experience":5000103,"relics_obtained":[{"floor":7,"key":"Blue Candle"},{"floor":9,"key":"DataDisk"},{"floor":10,"key":"Bird Faced Urn"}],"event_choices":[{"damage_healed":0,"gold_gain":0,"player_choice":"Entered Light","damage_taken":26,"max_hp_gain":0,"max_hp_loss":0,"event_name":"Shining Light","floor":4,"gold_loss":0,"cards_upgraded":["Conserve Battery","Defend_B"]},{"cards_removed":["Strike_B"],"damage_healed":0,"gold_gain":0,"player_choice":"Card Removal","damage_taken":7,"max_hp_gain":0,"max_hp_loss":0,"event_name":"Golden Wing","floor":5,"gold_loss":0}],"is_beta":false,"boss_relics":[],"items_purged_floors":[],"is_endless":false,"potions_floor_spawned":[2,3,11],"killed_by":"The Guardian","ascension_level":20,"potion_discard_per_floor":[[],[],[],[],[],[],[],[],[],[],[],[],[],[],[],[]]}