{"neow_bonuses_skipped_log":["UPGRADE_CARD","THREE_SMALL_POTIONS","BOSS_RELIC"],"neow_costs_skipped_log":["NONE","NONE","NONE"],"potions_obtained_entropic_brew":[[],[],[],[],[],[],[],[],[],[],[],[],[],[],[],[],[],[],[],[],[],[],[],[],[],[],[],[],[],[],[],[],[],[],[],[],[],[],[],[],[],[],[],[],[],[],[],[],[],[],[],[],[],[],[],[],[]],"gold_per_floor":[17,32,32,46,61,61,96,96,96,136,155,173,98,141,141,235,235,249,272,29,29,29,69,119,158,158,179,223,223,259,279,279,373,373,398,398,419,123,136,136,174,197,222,172,122,163,179,203,203,203,203,203,203,41,75,75],"floor_reached":57,"playtime":5769,"items_purged":["Blizzard","Blizzard","Ball Lightning","Hello World"],"score":2924,"play_id":"1e07a596-7d8d-4237-ab74-7fddc3aa446b","local_time":"20230116165206","score_breakdown":["Floors Climbed (57): 285","Enemies Slain (16): 32","Exordium Elites Killed (3): 30","City Elites Killed (4): 80","Beyond Elites Killed (2): 60","Bosses Slain (5): 750","Champion (3): 75","C-c-c-combo: 25","Ascension (20): 1337","Heartbreaker: 250"],"is_ascension_mode":true,"potions_obtained_alchemize":[[],[],[],[],[],[],[],[],[],[],[],[],[],[],[],[],[],[],[],[],[],[],[],[],[],[],[],[],[],[],[],[],[],[],[],[],[],[],[],[],[],[],[],[],[],[],[],[],[],[],[],[],[],[],[],[],[]],"campfire_choices":[{"data":"Sweeping Beam","floor":6,"key":"SMITH"},{"data":"Zap","floor":8,"key":"SMITH"},{"data":"Defragment","floor":15,"key":"SMITH"},{"data":"Fusion","floor":29,"key":"SMITH"},{"floor":32,"key":"REST"},{"data":"Heatsinks","floor":40,"key":"SMITH"},{"floor":49,"key":"RECALL"},{"data":"Hologram","floor":53,"key":"SMITH"}],"lesson_learned_per_floor":[[],[],[],[],[],[],[],[],[],[],[],[],[],[],[],[],[],[],[],[],[],[],[],[],[],[],[],[],[],[],[],[],[],[],[],[],[],[],[],[],[],[],[],[],[],[],[],[],[],[],[],[],[],[],[],[],[]],"neow_cost":"NO_GOLD","improvable_cards":{},"seed_source_timestamp":856695969075371345,"shop_contents":[{"floor":20,"relics":["Pear","Happy Flower"],"cards":["Blizzard","Cold Snap","Tempest","Stack","Storm","Purity","Secret Technique"],"potions":["SkillPotion","Block Potion","PowerPotion"]},{"floor":38,"relics":["Strawberry","PrismaticShard"],"cards":["Rip and Tear","Melter","Turbo","Static Discharge","Blind","Mayhem"],"potions":["FearPotion","GamblersBrew","LiquidBronze"]},{"floor":44,"relics":["Pen Nib","Vajra","Sling"],"cards":["Lockon","Core Surge","Hologram","Coolheaded","Heatsinks","PanicButton","Apotheosis"],"potions":["AttackPotion","Regen Potion","Fruit Juice"]},{"floor":45,"relics":["Oddly Smooth Stone","Gremlin Horn","Lee\u0027s Waffle"],"cards":["Doom and Gloom","Rip and Tear","Hologram","Chaos","Self Repair","Discovery","HandOfGreed"],"potions":["EssenceOfSteel","Explosive Potion","Fire Potion"]},{"floor":54,"relics":["Nunchaku","Bottled Tornado"],"cards":["Rebound","Sweeping Beam","Turbo","Undo","Hello World","Swift Strike","Magnetism"],"potions":["AttackPotion","Block Potion","ColorlessPotion"]}],"circlet_count":0,"master_deck":["AscendersBane","Zap+1","Sweeping Beam+1","Self Repair","Electrodynamics","Glacier","Defragment+1","FTL","Hologram","Machine Learning","Leap","Biased Cognition","Lockon","Fusion+1","Go for the Eyes+1","Machine Learning","Compile Driver","Heatsinks+1","Double Energy","Echo Form","Double Energy+1","Meteor Strike","Compile Driver","Compile Driver","Skim","Hologram+1","Skim","Skim","Echo Form"],"potion_use_per_floor":[[],[],[],[],[],[],["BlessingOfTheForge"],[],[],[],[],[],[],[],[],[],[],[],[],[],[],[],[],[],[],[],[],["Fire Potion"],[],[],[],[],["PowerPotion"],[],[],[],[],[],[],[],[],[],[],[],[],[],[],[],[],["LiquidMemories"],[],[],[],[],[],["Weak Potion"],[]],"relics":["Cracked Core","Golden Idol","Thread and Needle","Pantograph","Shuriken","Sundial","Pandora\u0027s Box","TheAbacus","Bottled Flame","Smiling Mask","Orichalcum","MealTicket","Runic Dome","PreservedInsect","Cables","Bag of Preparation","Boot","ClockworkSouvenir","Anchor"],"potions_floor_usage":[7,28,33,50,56],"damage_taken":[{"damage":0,"enemies":"Cultist","floor":1,"turns":3},{"damage":0,"enemies":"2 Louse","floor":2,"turns":2},{"damage":9,"enemies":"Jaw Worm","floor":4,"turns":4},{"damage":21,"enemies":"Large Slime","floor":5,"turns":7},{"damage":24,"enemies":"3 Sentries","floor":7,"turns":7},{"damage":18,"enemies":"Lagavulin","floor":10,"turns":7},{"damage":0,"enemies":"Red Slaver","floor":11,"turns":4},{"damage":2,"enemies":"Looter","floor":12,"turns":2},{"damage":4,"enemies":"Gremlin Nob","floor":14,"turns":3},{"damage":39,"enemies":"Hexaghost","floor":16,"turns":8},{"damage":14,"enemies":"3 Byrds","floor":18,"turns":3},{"damage":19,"enemies":"Shell Parasite","floor":19,"turns":7},{"damage":0,"enemies":"Gremlin Leader","floor":23,"turns":6},{"damage":12,"enemies":"Book of Stabbing","floor":25,"turns":5},{"damage":2,"enemies":"Snake Plant","floor":27,"turns":4},{"damage":15,"enemies":"Slavers","floor":28,"turns":3},{"damage":18,"enemies":"Book of Stabbing","floor":30,"turns":5},{"damage":0,"enemies":"Snecko","floor":31,"turns":6},{"damage":28,"enemies":"Collector","floor":33,"turns":6},{"damage":11,"enemies":"3 Darklings","floor":35,"turns":3},{"damage":12,"enemies":"3 Shapes","floor":37,"turns":7},{"damage":10,"enemies":"Transient","floor":39,"turns":6},{"damage":0,"enemies":"Giant Head","floor":41,"turns":3},{"damage":16,"enemies":"4 Shapes","floor":42,"turns":4},{"damage":0,"enemies":"Reptomancer","floor":46,"turns":3},{"damage":0,"enemies":"Spire Growth","floor":47,"turns":3},{"damage":2,"enemies":"3 Darklings","floor":48,"turns":3},{"damage":3,"enemies":"Awakened One","floor":50,"turns":4},{"damage":14,"enemies":"Donu and Deca","floor":51,"turns":4},{"damage":74,"enemies":"Shield and Spear","floor":55,"turns":6},{"damage":36,"enemies":"The Heart","floor":56,"turns":8}],"green_key_taken_log":28,"seed_played":"-4223352068747176681","neow_bonus_log":{"cardsObtained":[],"cardsUpgraded":[],"cardsRemoved":[],"cardsTransformed":[],"relicsObtained":[],"maxHpGained":14,"goldGained":0,"damageTaken":0,"goldLost":99,"maxHpLost":0},"potions_obtained":[{"floor":5,"key":"BlessingOfTheForge"},{"floor":10,"key":"AttackPotion"},{"floor":11,"key":"Explosive Potion"},{"floor":12,"key":"LiquidMemories"},{"floor":14,"key":"Fire Potion"},{"floor":28,"key":"PowerPotion"},{"floor":41,"key":"FearPotion"},{"floor":42,"key":"Weak Potion"}],"is_trial":false,"path_per_floor":["M","M","?","M","M","R","E","R","T","E","M","M","?","E","R","B",null,"M","M","$","?","?","E","?","E","T","M","E","R","E","M","R","B",null,"M","?","M","$","M","R","E","M","T","$","$","E","M","M","R","B","B",null,"R","$","E","B",null],"character_chosen":"DEFECT","items_purchased":["TheAbacus","Skim","PreservedInsect","ClockworkSouvenir"],"campfire_rested":1,"item_purchase_floors":[20,38,38,54],"current_hp_per_floor":[78,78,77,75,61,61,44,44,44,33,40,38,38,34,34,27,65,58,46,46,46,46,53,46,41,41,46,31,31,20,27,50,54,71,67,67,69,77,74,74,77,68,68,77,77,77,77,77,77,77,70,75,75,77,17,13],"gold":75,"neow_bonus":"TWENTY_PERCENT_HP_BONUS","is_prod":false,"is_daily":false,"rewards_skipped":[{"floor":18,"relics":[],"potions":["Block Potion"]},{"floor":19,"relics":[],"potions":["DistilledChaos"]},{"floor":31,"relics":[],"potions":["Regen Potion"]},{"floor":46,"relics":[],"potions":["AttackPotion"]},{"floor":47,"relics":[],"potions":["Explosive Potion"]},{"floor":48,"relics":[],"potions":["ColorlessPotion"]}],"chose_seed":false,"campfire_upgraded":6,"win_rate":0,"floor_exit_playtime":[108,164,170,285,429,435,522,571,574,661,724,789,801,1109,1116,1270,1388,1459,1632,1692,1819,1851,1993,2032,2122,2128,2210,2303,2311,2456,2589,2597,2753,2838,2960,2996,3131,3163,3371,3412,3535,3710,3712,3759,3823,3991,4057,4204,4207,4562,4754,4764,4803,4843,5124,5769],"timestamp":1673905926,"blue_key_relic_skipped_log":{"floor":26,"relicID":"Matryoshka"},"path_taken":["M","M","?","M","M","R","E","R","T","E","M","M","?","E","R","BOSS","M","M","$","?","?","E","?","E","T","?","E","R","E","M","R","BOSS","M","?","?","$","M","R","E","M","T","?","$","E","?","M","R","BOSS","BOSS","R","$","E","BOSS"],"build_version":"2022-12-18","purchased_purges":4,"victory":true,"max_hp_per_floor":[85,85,77,77,77,77,77,77,77,77,77,77,77,77,77,77,77,77,77,77,77,77,77,77,77,77,77,77,77,77,77,77,77,77,77,77,77,77,77,77,77,77,77,77,77,77,77,77,77,77,77,77,77,77,77,77],"relic_stats":{"counters":[31,146],"Golden Idol":228,"PreservedInsect":266,"Bag of Preparation":[14],"Orichalcum":[96],"Smiling Mask":225,"Boot":[7],"Cables":[29,11,8,0,10],"Bottled Flame":"FTL","TheAbacus":[366],"Shuriken":[85],"Sundial":[44],"Pantograph":75,"Pandora\u0027s Box":["Capacitor","Leap","Hello World","Blizzard","Biased Cognition","Lockon","Fusion"],"MealTicket":19,"obtain_stats":[{"Golden Idol":3,"Thread and Needle":7,"PreservedInsect":38,"Bag of Preparation":43,"Orichalcum":28,"Smiling Mask":25,"Boot":46,"Cables":41,"ClockworkSouvenir":54,"Runic Dome":34,"Bottled Flame":23,"Anchor":55,"TheAbacus":20,"Shuriken":10,"Sundial":14,"Pantograph":9,"Pandora\u0027s Box":17,"MealTicket":30,"Cracked Core":0},{"Golden Idol":2,"Thread and Needle":5,"PreservedInsect":21,"Bag of Preparation":24,"Orichalcum":16,"Smiling Mask":14,"Boot":25,"Cables":23,"ClockworkSouvenir":29,"Runic Dome":19,"Bottled Flame":13,"Anchor":30,"TheAbacus":12,"Shuriken":6,"Sundial":9,"Pantograph":5,"Pandora\u0027s Box":10,"MealTicket":17,"Cracked Core":0},{"Golden Idol":5,"Thread and Needle":23,"PreservedInsect":102,"Bag of Preparation":115,"Orichalcum":75,"Smiling Mask":68,"Boot":118,"Cables":111,"ClockworkSouvenir":132,"Runic Dome":92,"Bottled Flame":63,"Anchor":138,"TheAbacus":57,"Shuriken":30,"Sundial":39,"Pantograph":23,"Pandora\u0027s Box":47,"MealTicket":80,"Cracked Core":0}]},"card_choices":[{"not_picked":["Beam Cell","Scrape"],"picked":"Sweeping Beam","floor":1},{"not_picked":["Sunder","Consume"],"picked":"Self Repair","floor":2},{"not_picked":["Scrape","Genetic Algorithm","Redo"],"picked":"SKIP","floor":4},{"not_picked":["Scrape","Genetic Algorithm","Redo"],"picked":"SKIP","floor":4},{"not_picked":["Self Repair","Cold Snap"],"picked":"Ball Lightning","floor":5},{"not_picked":["Scrape","Steam"],"picked":"Electrodynamics","floor":7},{"not_picked":["Hologram","Beam Cell"],"picked":"Glacier","floor":10},{"not_picked":["Chaos","Sweeping Beam"],"picked":"Defragment","floor":11},{"not_picked":["Heatsinks","Ball Lightning"],"picked":"FTL","floor":12},{"not_picked":["Self Repair","Steam"],"picked":"Hologram","floor":14},{"not_picked":["Multi-Cast","Amplify"],"picked":"Machine Learning","floor":16},{"not_picked":["Ball Lightning","Beam Cell"],"picked":"Go for the Eyes+1","floor":18},{"not_picked":["Rip and Tear","Steam Power","Genetic Algorithm"],"picked":"SKIP","floor":19},{"not_picked":["Gash","Coolheaded","Self Repair","Auto Shields","Steam Power","Rebound","Beam Cell","Cold Snap","Leap","Heatsinks","Sunder","Conserve Battery","Streamline","Steam","Turbo","Redo","Lockon","Barrage","FTL"],"picked":"Compile Driver","floor":22},{"not_picked":["Streamline","Capacitor","Redo"],"picked":"SKIP","floor":23},{"not_picked":["Blizzard","Reinforced Body"],"picked":"Heatsinks","floor":25},{"not_picked":["Cold Snap","Ball Lightning","Consume"],"picked":"SKIP","floor":27},{"not_picked":["Hello World+1","Gash","Loop"],"picked":"SKIP","floor":28},{"not_picked":["Self Repair","Doom and Gloom+1"],"picked":"Double Energy","floor":30},{"not_picked":["Reprogram","Hyperbeam","Go for the Eyes"],"picked":"SKIP","floor":31},{"not_picked":["Rainbow","Biased Cognition"],"picked":"Echo Form","floor":33},{"not_picked":["Sweeping Beam","Sunder+1"],"picked":"Double Energy+1","floor":35},{"not_picked":["BootSequence","FTL+1"],"picked":"Compile Driver","floor":37},{"not_picked":["Redo+1","Cold Snap"],"picked":"Hologram","floor":39},{"not_picked":["Hyperbeam","Redo","Static Discharge"],"picked":"SKIP","floor":41},{"not_picked":["Rebound+1","Redo"],"picked":"Skim","floor":42},{"not_picked":["Redo","Heatsinks","Reinforced Body"],"picked":"SKIP","floor":46},{"not_picked":["Stack","Auto Shields+1","Redo"],"picked":"SKIP","floor":47},{"not_picked":["FTL","Redo+1"],"picked":"Skim","floor":48},{"not_picked":["Streamline","Cold Snap+1"],"picked":"Echo Form","floor":55}],"player_experience":5018256,"relics_obtained":[{"floor":7,"key":"Thread and Needle"},{"floor":9,"key":"Pantograph"},{"floor":10,"key":"Shuriken"},{"floor":14,"key":"Sundial"},{"floor":23,"key":"Bottled Flame"},{"floor":25,"key":"Smiling Mask"},{"floor":28,"key":"Orichalcum"},{"floor":30,"key":"MealTicket"},{"floor":41,"key":"Cables"},{"floor":43,"key":"Bag of Preparation"},{"floor":46,"key":"Boot"},{"floor":55,"key":"Anchor"}],"event_choices":[{"damage_healed":0,"gold_gain":0,"player_choice":"Lose Max HP","damage_taken":0,"relics_obtained":["Golden Idol"],"max_hp_gain":0,"max_hp_loss":8,"event_name":"Golden Idol","floor":3,"gold_loss":0},{"cards_removed":["Defend_B"],"damage_healed":0,"gold_gain":0,"player_choice":"Card Removal","damage_taken":0,"max_hp_gain":0,"max_hp_loss":0,"event_name":"The Cleric","floor":13,"gold_loss":75},{"damage_healed":0,"gold_gain":0,"cards_transformed":["Capacitor","Dualcast"],"player_choice":"Became Test Subject","damage_taken":0,"max_hp_gain":0,"max_hp_loss":0,"event_name":"Drug Dealer","floor":21,"gold_loss":0,"cards_obtained":["Machine Learning","Blizzard"]},{"damage_healed":0,"gold_gain":0,"player_choice":"Read","damage_taken":0,"max_hp_gain":0,"max_hp_loss":0,"event_name":"The Library","floor":22,"gold_loss":0,"cards_obtained":["Compile Driver"]},{"damage_healed":0,"gold_gain":50,"player_choice":"Touch","damage_taken":7,"max_hp_gain":0,"max_hp_loss":0,"event_name":"FaceTrader","floor":24,"gold_loss":0},{"damage_healed":0,"gold_gain":0,"player_choice":"2 cards matched","damage_taken":0,"max_hp_gain":0,"max_hp_loss":0,"event_name":"Match and Keep!","floor":36,"gold_loss":0,"cards_obtained":["Meteor Strike","Compile Driver"]}],"is_beta":false,"boss_relics":[{"not_picked":["Fusion Hammer","Sozu"],"picked":"Pandora\u0027s Box"},{"not_picked":["Velvet Choker","Empty Cage"],"picked":"Runic Dome"}],"items_purged_floors":[20,38,44,45],"is_endless":false,"potions_floor_spawned":[5,10,11,12,14,18,19,28,31,41,42,46,47,48],"ascension_level":20,"potion_discard_per_floor":[[],[],[],[],[],[],[],[],[],[],[],["Explosive Potion"],[],["AttackPotion"],[],[],[],[],[],[],[],[],[],[],[],[],[],[],[],[],[],[],[],[],[],[],[],[],[],[],[],["FearPotion"],[],[],[],[],[],[],[],[],[],[],[],[],[],[],[]]}