{"neow_bonuses_skipped_log":["RANDOM_COLORLESS","THREE_ENEMY_KILL","BOSS_RELIC"],"neow_costs_skipped_log":["NONE","NONE","NONE"],"potions_obtained_entropic_brew":[[],[],[],[],[],[],[],[],[],[],[],[],[],[],[],[],[],[],[],[],[],[],[],[],[],[],[],[],[],[],[],[],[],[],[],[],[],[],[],[],[],[]],"gold_per_floor":[18,18,18,29,42,76,76,104,131,131,131,131,161,11,11,88,88,104,115,115,11,11,46,46,75,75,75,22,41,41,75,75,149,149,169,169,185,185,198,223,295,295],"floor_reached":42,"playtime":3304,"items_purged":["Strike_B"],"score":1196,"play_id":"c587a0b0-1fb1-4b25-933e-db1acff692ee","local_time":"20230116140938","falling_options_log":["Defend_B+1","Buffer"],"score_breakdown":["Floors Climbed (42): 210","Enemies Slain (9): 18","Exordium Elites Killed (3): 30","City Elites Killed (3): 60","Beyond Elites Killed (1): 30","Bosses Slain (2): 150","Champion (1): 25","Perfect (1): 50","C-c-c-combo: 25","Ascension (20): 598"],"is_ascension_mode":true,"potions_obtained_alchemize":[[],[],[],[],[],[],[],[],[],[],[],[],[],[],[],[],[],[],[],[],[],[],[],[],[],[],[],[],[],[],[],[],[],[],[],[],[],[],[],[],[],[]],"campfire_choices":[{"data":"Zap","floor":7,"key":"SMITH"},{"floor":15,"key":"REST"},{"data":"Seek","floor":24,"key":"SMITH"},{"data":"Redo","floor":27,"key":"SMITH"},{"data":"Aggregate","floor":32,"key":"SMITH"}],"lesson_learned_per_floor":[[],[],[],[],[],[],[],[],[],[],[],[],[],[],[],[],[],[],[],[],[],[],[],[],[],[],[],[],[],[],[],[],[],[],[],[],[],[],[],[],[],[]],"neow_cost":"NO_GOLD","improvable_cards":{},"seed_source_timestamp":-1498644983413954714,"shop_contents":[{"floor":3,"relics":["Singing Bowl","DataDisk","Strange Spoon"],"cards":["Gash","Rebound","Steam","Turbo","Biased Cognition","Good Instincts","Chrysalis"],"potions":["PowerPotion","Energy Potion","EssenceOfSteel"]},{"floor":14,"relics":["Toxic Egg 2","Du-Vu Doll","Toolbox"],"cards":["Cold Snap","Barrage","Darkness","Chill","Capacitor","Chrysalis"],"potions":["DistilledChaos","SpeedPotion"]},{"floor":21,"relics":["Nunchaku","Thread and Needle","Cauldron"],"cards":["Sunder","Melter","Fusion","Hello World","Enlightenment","Violence"],"potions":["EssenceOfDarkness","FearPotion","Fire Potion"]},{"floor":28,"relics":["Pear","Symbiotic Virus","Runic Capacitor"],"cards":["Rebound","Leap","Stack","Heatsinks","PanicButton","Magnetism"],"potions":["Dexterity Potion","Explosive Potion","PowerPotion"]}],"circlet_count":0,"master_deck":["AscendersBane","Strike_B","Defend_B","Defend_B+1","Defend_B","Zap+1","Dualcast","Conserve Battery","Chill","Hologram+1","Cold Snap","Darkness","Seek+1","Flash of Steel","Buffer","Streamline+1","Aggregate+1","Redo+1","Recycle+1","Go for the Eyes","Gash","Glacier","Biased Cognition","Reprogram","Madness","Madness","Conserve Battery","Compile Driver","Self Repair"],"potion_use_per_floor":[[],[],[],[],[],[],[],[],[],[],[],[],["DistilledChaos"],[],[],[],[],[],[],[],[],[],["Fire Potion","Regen Potion"],[],[],[],[],[],[],[],["SteroidPotion","Explosive Potion"],[],[],[],[],[],[],[],[],["GamblersBrew"],[],["DuplicationPotion"]],"relics":["Cracked Core","MealTicket","Ancient Tea Set","Unceasing Top","Coffee Dripper","War Paint","Shuriken","Happy Flower","Shovel","Gremlin Horn","Nuclear Battery","Meat on the Bone","Darkstone Periapt"],"potions_floor_usage":[13,23,23,31,31,40,42],"damage_taken":[{"damage":7,"enemies":"Small Slimes","floor":1,"turns":4},{"damage":6,"enemies":"Cultist","floor":4,"turns":3},{"damage":0,"enemies":"2 Louse","floor":5,"turns":2},{"damage":27,"enemies":"3 Sentries","floor":6,"turns":11},{"damage":27,"enemies":"Lagavulin","floor":8,"turns":11},{"damage":3,"enemies":"3 Sentries","floor":13,"turns":10},{"damage":31,"enemies":"Slime Boss","floor":16,"turns":5},{"damage":22,"enemies":"Chosen","floor":18,"turns":6},{"damage":8,"enemies":"Shell Parasite","floor":19,"turns":7},{"damage":54,"enemies":"Slavers","floor":23,"turns":10},{"damage":0,"enemies":"Gremlin Leader","floor":25,"turns":7},{"damage":0,"enemies":"Sentry and Sphere","floor":29,"turns":3},{"damage":13,"enemies":"Slavers","floor":31,"turns":5},{"damage":0,"enemies":"Automaton","floor":33,"turns":6},{"damage":0,"enemies":"3 Shapes","floor":35,"turns":2},{"damage":0,"enemies":"Orb Walker","floor":37,"turns":2},{"damage":6,"enemies":"Transient","floor":39,"turns":6},{"damage":40,"enemies":"Nemesis","floor":40,"turns":7},{"damage":12,"enemies":"Giant Head","floor":42,"turns":6}],"seed_played":"-302105059451670752","neow_bonus_log":{"cardsObtained":[],"cardsUpgraded":[],"cardsRemoved":[],"cardsTransformed":[],"relicsObtained":[],"maxHpGained":14,"goldGained":0,"damageTaken":0,"goldLost":99,"maxHpLost":0},"potions_obtained":[{"floor":1,"key":"DistilledChaos"},{"floor":16,"key":"ColorlessPotion"},{"floor":19,"key":"Regen Potion"},{"floor":25,"key":"Explosive Potion"},{"floor":29,"key":"SteroidPotion"},{"floor":33,"key":"GamblersBrew"},{"floor":35,"key":"SteroidPotion"},{"floor":37,"key":"DuplicationPotion"}],"is_trial":false,"path_per_floor":["M","?","$","M","M","E","R","E","T","?","?","?","E","$","R","B",null,"M","M","?","$","?","E","R","E","T","R","$","M","?","E","R","B",null,"M","?","M","?","M","E","T","E"],"character_chosen":"DEFECT","items_purchased":["Fire Potion","Flash of Steel","Redo","Go for the Eyes"],"campfire_rested":1,"item_purchase_floors":[14,14,21,28],"current_hp_per_floor":[71,71,71,65,65,38,38,11,11,4,4,4,1,16,41,10,66,44,36,36,51,51,6,6,6,6,6,21,21,21,8,8,8,66,66,51,51,51,45,5,5,0],"gold":295,"neow_bonus":"TWENTY_PERCENT_HP_BONUS","is_prod":false,"is_daily":false,"rewards_skipped":[],"chose_seed":false,"campfire_upgraded":4,"win_rate":0,"floor_exit_playtime":[141,171,200,228,283,383,394,530,607,631,639,645,786,817,833,954,1003,1163,1289,1339,1379,1394,1604,1623,1775,1777,1790,1827,1917,1923,2072,2079,2350,2375,2478,2498,2581,2586,2766,3018,3021],"timestamp":1673896178,"blue_key_relic_skipped_log":{"floor":9,"relicID":"Tiny Chest"},"path_taken":["M","?","?","?","M","E","R","E","T","?","?","?","E","$","R","BOSS","M","M","?","$","?","E","R","E","T","R","$","?","?","E","R","BOSS","M","?","M","?","M","E","?","E"],"build_version":"2022-12-18","purchased_purges":1,"victory":false,"max_hp_per_floor":[85,85,85,85,85,85,85,85,85,85,85,85,85,85,85,85,85,85,85,85,85,85,85,85,85,85,85,85,85,85,85,85,85,85,85,85,85,85,85,85,85,85],"relic_stats":{"Darkstone Periapt":0,"Shovel":0,"Happy Flower":[12],"Gremlin Horn":[4,4],"counters":[19,113],"Shuriken":[27],"MealTicket":45,"War Paint":["Defend_B","Hologram"],"Ancient Tea Set":[8],"obtain_stats":[{"Darkstone Periapt":41,"Happy Flower":25,"Gremlin Horn":31,"War Paint":22,"Ancient Tea Set":8,"Nuclear Battery":34,"Shovel":26,"Shuriken":23,"MealTicket":6,"Coffee Dripper":17,"Cracked Core":0,"Unceasing Top":13,"Meat on the Bone":40},{"Darkstone Periapt":18,"Happy Flower":11,"Gremlin Horn":13,"War Paint":9,"Ancient Tea Set":5,"Nuclear Battery":14,"Shovel":11,"Shuriken":10,"MealTicket":4,"Coffee Dripper":7,"Cracked Core":0,"Unceasing Top":6,"Meat on the Bone":18},{"Darkstone Periapt":107,"Happy Flower":76,"Gremlin Horn":84,"War Paint":59,"Ancient Tea Set":31,"Nuclear Battery":90,"Shovel":76,"Shuriken":69,"MealTicket":20,"Coffee Dripper":46,"Cracked Core":0,"Unceasing Top":41,"Meat on the Bone":107}],"Unceasing Top":[167],"Meat on the Bone":0},"card_choices":[{"not_picked":["Steam Power","Steam"],"picked":"Conserve Battery","floor":1},{"not_picked":["Stack","Rebound"],"picked":"Chill","floor":4},{"not_picked":["Gash","Aggregate"],"picked":"Hologram","floor":5},{"not_picked":["Turbo","Steam"],"picked":"Cold Snap","floor":6},{"not_picked":["Reinforced Body","Tempest"],"picked":"Darkness","floor":8},{"not_picked":["Tempest","Cold Snap"],"picked":"Seek","floor":13},{"not_picked":["Thunder Strike","Reboot"],"picked":"Buffer","floor":16},{"not_picked":["Blizzard","Force Field"],"picked":"Compile Driver","floor":18},{"not_picked":["Melter","Chill"],"picked":"Streamline+1","floor":19},{"not_picked":["Cold Snap","Fusion","Darkness","Streamline","Coolheaded","Heatsinks","Conserve Battery","Steam","Compile Driver","Lockon","Reinforced Body","Barrage","Go for the Eyes","Melter","Chaos","Beam Cell","Leap","Redo","Steam Power"],"picked":"Aggregate","floor":20},{"not_picked":["Turbo","Stack+1"],"picked":"Recycle+1","floor":23},{"not_picked":["Darkness","Barrage","Multi-Cast"],"picked":"SKIP","floor":25},{"not_picked":["Cold Snap","Tempest"],"picked":"Gash","floor":29},{"not_picked":["Stack","Beam Cell"],"picked":"Glacier","floor":31},{"not_picked":["Core Surge","Rainbow"],"picked":"Biased Cognition","floor":33},{"not_picked":["FTL","Leap"],"picked":"Reprogram","floor":35},{"not_picked":["Reprogram","Force Field+1"],"picked":"Conserve Battery","floor":37},{"not_picked":["Sweeping Beam","Stack"],"picked":"Compile Driver","floor":39},{"not_picked":["White Noise+1","Aggregate"],"picked":"Self Repair","floor":40}],"player_experience":5011647,"relics_obtained":[{"floor":6,"key":"MealTicket"},{"floor":8,"key":"Ancient Tea Set"},{"floor":13,"key":"Unceasing Top"},{"floor":23,"key":"Shuriken"},{"floor":25,"key":"Happy Flower"},{"floor":26,"key":"Shovel"},{"floor":31,"key":"Gremlin Horn"},{"floor":40,"key":"Meat on the Bone"},{"floor":41,"key":"Darkstone Periapt"}],"event_choices":[{"cards_removed":["Defend_B"],"damage_healed":0,"gold_gain":0,"player_choice":"Purged","damage_taken":0,"max_hp_gain":0,"max_hp_loss":0,"event_name":"Purifier","floor":2,"gold_loss":0},{"cards_removed":["Strike_B"],"damage_healed":0,"gold_gain":0,"player_choice":"Card Removal","damage_taken":7,"max_hp_gain":0,"max_hp_loss":0,"event_name":"Golden Wing","floor":10,"gold_loss":0},{"damage_healed":0,"gold_gain":0,"player_choice":"Ignored","damage_taken":0,"max_hp_gain":0,"max_hp_loss":0,"event_name":"Shining Light","floor":11,"gold_loss":0},{"damage_healed":0,"gold_gain":0,"player_choice":"Searched \u00270\u0027 times","damage_taken":0,"max_hp_gain":0,"max_hp_loss":0,"event_name":"Dead Adventurer","floor":12,"gold_loss":0},{"damage_healed":0,"gold_gain":0,"player_choice":"Read","damage_taken":0,"max_hp_gain":0,"max_hp_loss":0,"event_name":"The Library","floor":20,"gold_loss":0,"cards_obtained":["Aggregate"]},{"cards_removed":["Compile Driver"],"damage_healed":0,"gold_gain":0,"player_choice":"Gave Card","damage_taken":0,"relics_obtained":["War Paint"],"max_hp_gain":0,"max_hp_loss":0,"event_name":"WeMeetAgain","floor":22,"gold_loss":0},{"damage_healed":0,"gold_gain":0,"player_choice":"Ignored","damage_taken":0,"max_hp_gain":0,"max_hp_loss":0,"event_name":"Vampires","floor":30,"gold_loss":0},{"damage_healed":0,"gold_gain":0,"player_choice":"Embrace Madness","damage_taken":15,"max_hp_gain":0,"max_hp_loss":0,"event_name":"Winding Halls","floor":36,"gold_loss":0,"cards_obtained":["Madness","Madness"]},{"cards_removed":["Strike_B"],"damage_healed":0,"gold_gain":0,"player_choice":"Removed Attack","damage_taken":0,"max_hp_gain":0,"max_hp_loss":0,"event_name":"Falling","floor":38,"gold_loss":0}],"is_beta":false,"boss_relics":[{"not_picked":["Inserter","Astrolabe"],"picked":"Coffee Dripper"},{"not_picked":["Black Star","Tiny House"],"picked":"Nuclear Battery"}],"items_purged_floors":[21],"is_endless":false,"potions_floor_spawned":[1,16,19,25,29,33,35,37],"killed_by":"Giant Head","ascension_level":20,"potion_discard_per_floor":[[],[],[],[],[],[],[],[],[],[],[],[],[],[],[],[],[],[],["ColorlessPotion"],[],[],[],[],[],[],[],[],[],[],[],[],[],[],[],[],[],["SteroidPotion"],[],[],[],[],[]]}