{"neow_bonuses_skipped_log":["UPGRADE_CARD","TEN_PERCENT_HP_BONUS","BOSS_RELIC"],"potions_obtained_entropic_brew":[[],[],[],[],[],[],[],[],[],[],[],[],[],[],[],[],[],[],[],[],[],[],[],[],[],[],[],[],[],[],[],[],[],[],[],[],[],[],[],[],[],[],[],[]],"neow_costs_skipped_log":["NONE","NONE","NONE"],"gold_per_floor":[117,135,152,71,89,121,121,155,182,216,216,247,261,274,274,349,349,361,361,376,394,444,444,474,474,542,561,586,601,636,341,341,419,419,435,435,335,353,366,397,397,431,431,431],"floor_reached":44,"playtime":5778,"items_purged":["Wild Strike","Bite"],"score":1191,"play_id":"00e79398-c318-4f25-9b6e-1eeba5ca55ec","local_time":"20220919194052","score_breakdown":["Floors Climbed (44): 220","Enemies Slain (14): 28","Exordium Elites Killed (4): 40","City Elites Killed (3): 60","Beyond Elites Killed (2): 60","Bosses Slain (2): 150","Collector (1): 25","Overkill: 25","Ascension (20): 583"],"is_ascension_mode":true,"potions_obtained_alchemize":[[],[],[],[],[],[],[],[],[],[],[],[],[],[],[],[],[],[],[],[],[],[],[],[],[],[],[],[],[],[],[],[],[],[],[],[],[],[],[],[],[],[],[],[]],"campfire_choices":[{"floor":11,"key":"REST"},{"data":"Burning Pact","floor":15,"key":"SMITH"},{"data":"Rage","floor":23,"key":"SMITH"},{"data":"Feed","floor":25,"key":"SMITH"},{"data":"True Grit","floor":32,"key":"SMITH"},{"floor":41,"key":"RECALL"}],"lesson_learned_per_floor":[[],[],[],[],[],[],[],[],[],[],[],[],[],[],[],[],[],[],[],[],[],[],[],[],[],[],[],[],[],[],[],[],[],[],[],[],[],[],[],[],[],[],[],[]],"neow_cost":"TEN_PERCENT_HP_LOSS","improvable_cards":{},"seed_source_timestamp":3516315408734,"shop_contents":[{"floor":4,"relics":["Nunchaku","Omamori","Sling"],"cards":["Wild Strike","Entrench","Seeing Red","Feel No Pain","Bandage Up","Transmutation"],"potions":["PowerPotion","EssenceOfSteel","Swift Potion"]},{"floor":31,"relics":["StrikeDummy","Unceasing Top"],"cards":["Headbutt","Perfected Strike","Flex","Armaments","Combust","Mind Blast","Transmutation"],"potions":["LiquidBronze","LiquidBronze"]},{"floor":37,"relics":["Frozen Egg 2","TungstenRod","Lee\u0027s Waffle"],"cards":["Twin Strike","Clothesline","Havoc","Armaments","Evolve","Panacea","Metamorphosis"],"potions":["ColorlessPotion","EntropicBrew","AttackPotion"]}],"circlet_count":0,"master_deck":["AscendersBane","Defend_R","Defend_R","Defend_R","Bash","Bloodletting+1","Rampage","Evolve","Iron Wave","Pommel Strike","Uppercut+1","Battle Trance+1","Metallicize","Spot Weakness","Burning Pact+1","Feed+1","Inflame+1","Bite","Bite","Bite","Bite","Rage+1","Battle Trance","True Grit+1","Double Tap","Burning Pact","Rage+1","Offering","Dual Wield+1","Blood for Blood+1"],"potion_use_per_floor":[[],[],[],[],["Swift Potion"],[],[],["Ancient Potion"],[],[],[],[],[],[],[],[],[],["Fire Potion"],[],[],["LiquidBronze"],[],[],[],[],[],[],["LiquidBronze"],["LiquidMemories"],[],[],[],["ColorlessPotion"],[],[],[],[],[],[],[],[],["AttackPotion"],[],["BloodPotion"]],"relics":["Burning Blood","Mummified Hand","War Paint","MealTicket","Red Skull","Bag of Marbles","Philosopher\u0027s Stone","Lizard Tail","Letter Opener","Art of War","Oddly Smooth Stone","DollysMirror","Runic Cube","Pantograph","Singing Bowl"],"potions_floor_usage":[5,8,18,21,28,29,33,42,44],"damage_taken":[{"damage":7,"enemies":"Jaw Worm","floor":1,"turns":3},{"damage":5,"enemies":"Small Slimes","floor":2,"turns":3},{"damage":7,"enemies":"Cultist","floor":3,"turns":4},{"damage":8,"enemies":"Gremlin Gang","floor":5,"turns":6},{"damage":21,"enemies":"3 Sentries","floor":6,"turns":7},{"damage":26,"enemies":"Gremlin Nob","floor":8,"turns":4},{"damage":17,"enemies":"Lagavulin","floor":10,"turns":5},{"damage":8,"enemies":"Gremlin Nob","floor":12,"turns":3},{"damage":8,"enemies":"Looter","floor":13,"turns":2},{"damage":0,"enemies":"2 Fungi Beasts","floor":14,"turns":2},{"damage":17,"enemies":"The Guardian","floor":16,"turns":8},{"damage":26,"enemies":"3 Byrds","floor":18,"turns":4},{"damage":20,"enemies":"2 Thieves","floor":20,"turns":4},{"damage":23,"enemies":"Chosen and Byrds","floor":21,"turns":4},{"damage":29,"enemies":"Slavers","floor":24,"turns":5},{"damage":12,"enemies":"Snake Plant","floor":27,"turns":3},{"damage":12,"enemies":"Book of Stabbing","floor":28,"turns":3},{"damage":41,"enemies":"Shelled Parasite and Fungi","floor":29,"turns":3},{"damage":17,"enemies":"Gremlin Leader","floor":30,"turns":6},{"damage":49,"enemies":"Automaton","floor":33,"turns":8},{"damage":20,"enemies":"3 Shapes","floor":35,"turns":8},{"damage":23,"enemies":"3 Darklings","floor":38,"turns":4},{"damage":21,"enemies":"Writhing Mass","floor":39,"turns":4},{"damage":24,"enemies":"Reptomancer","floor":40,"turns":4},{"damage":22,"enemies":"Giant Head","floor":42,"turns":5},{"damage":58,"enemies":"Jaw Worm Horde","floor":44,"turns":2}],"green_key_taken_log":6,"seed_played":"8942134355144449980","neow_bonus_log":{"cardsObtained":["Bloodletting","Rampage"],"cardsUpgraded":[],"cardsRemoved":[],"cardsTransformed":["Strike_R","Defend_R"],"relicsObtained":[],"maxHpGained":0,"goldGained":0,"damageTaken":0,"goldLost":0,"maxHpLost":7},"potions_obtained":[{"floor":1,"key":"Ancient Potion"},{"floor":3,"key":"Swift Potion"},{"floor":14,"key":"Fire Potion"},{"floor":16,"key":"LiquidBronze"},{"floor":18,"key":"LiquidMemories"},{"floor":27,"key":"LiquidBronze"},{"floor":29,"key":"ColorlessPotion"},{"floor":35,"key":"FearPotion"},{"floor":36,"key":"BloodPotion"},{"floor":38,"key":"AttackPotion"},{"floor":42,"key":"ElixirPotion"}],"is_trial":false,"path_per_floor":["M","M","M","$","M","E","?","E","T","E","R","E","M","M","R","B",null,"M","?","M","M","?","R","E","R","T","M","E","M","E","$","R","B",null,"M","?","$","M","M","E","R","E","T","M"],"character_chosen":"IRONCLAD","items_purchased":["Uppercut","DollysMirror","Fire Potion"],"campfire_rested":1,"item_purchase_floors":[4,31,31],"current_hp_per_floor":[67,68,67,67,65,50,50,30,30,19,39,37,35,41,41,30,59,42,42,34,34,34,34,26,26,26,28,30,35,42,57,57,26,54,50,50,65,62,49,39,39,37,37,0],"gold":431,"neow_bonus":"TRANSFORM_TWO_CARDS","is_prod":false,"is_daily":false,"rewards_skipped":[{"floor":36,"relics":[],"potions":["EssenceOfSteel"]}],"chose_seed":false,"campfire_upgraded":4,"win_rate":0,"floor_exit_playtime":[177,254,304,438,654,1005,1020,1172,1178,1283,1307,1472,1529,1636,1662,1848,1963,2153,2175,2418,2560,2570,2586,2681,2690,2701,2892,3036,3330,3588,3838,3845,4157,4235,4446,4452,4569,4804,4990,5207,5218,5484,5536],"timestamp":1663630852,"blue_key_relic_skipped_log":{"floor":43,"relicID":"Old Coin"},"path_taken":["M","M","M","$","M","E","?","E","T","E","R","E","M","M","R","BOSS","M","?","M","M","?","R","E","R","T","M","E","M","E","$","R","BOSS","M","?","$","?","M","E","R","E","T","M"],"build_version":"2022-03-07","purchased_purges":2,"victory":false,"max_hp_per_floor":[68,68,68,68,68,68,68,68,68,68,68,68,68,68,68,68,68,71,49,49,52,52,52,55,55,55,55,55,59,59,59,59,63,63,67,67,67,71,71,71,71,71,71,71],"relic_stats":{"Lizard Tail":29,"Singing Bowl":0,"counters":[26,114],"Mummified Hand":[53],"Pantograph":0,"MealTicket":30,"Art of War":[4],"Letter Opener":[250],"War Paint":["Bloodletting","Battle Trance"],"obtain_stats":[{"Singing Bowl":42,"Oddly Smooth Stone":30,"Letter Opener":26,"War Paint":8,"Burning Blood":0,"Lizard Tail":24,"Mummified Hand":6,"DollysMirror":31,"Pantograph":40,"MealTicket":9,"Philosopher\u0027s Stone":17,"Bag of Marbles":12,"Art of War":28,"Red Skull":10,"Runic Cube":34},{"Singing Bowl":25,"Oddly Smooth Stone":19,"Letter Opener":15,"War Paint":6,"Burning Blood":0,"Lizard Tail":15,"Mummified Hand":5,"DollysMirror":19,"Pantograph":24,"MealTicket":6,"Philosopher\u0027s Stone":11,"Bag of Marbles":8,"Art of War":17,"Red Skull":7,"Runic Cube":20},{"Singing Bowl":112,"Oddly Smooth Stone":79,"Letter Opener":64,"War Paint":27,"Burning Blood":0,"Lizard Tail":64,"Mummified Hand":23,"DollysMirror":79,"Pantograph":107,"MealTicket":27,"Philosopher\u0027s Stone":47,"Bag of Marbles":35,"Art of War":70,"Red Skull":32,"Runic Cube":87}],"Burning Blood":150,"Runic Cube":[20]},"card_choices":[{"not_picked":["Dual Wield","Havoc"],"picked":"Evolve","floor":1},{"not_picked":["Twin Strike","Entrench"],"picked":"Iron Wave","floor":2},{"not_picked":["Fire Breathing","Warcry"],"picked":"Pommel Strike","floor":3},{"not_picked":["Intimidate","Warcry"],"picked":"Battle Trance","floor":5},{"not_picked":["Clothesline","Barricade"],"picked":"Wild Strike","floor":6},{"not_picked":["Bloodletting","True Grit"],"picked":"Metallicize","floor":8},{"not_picked":["Uppercut","Dark Embrace"],"picked":"Spot Weakness","floor":10},{"not_picked":["Hemokinesis","Anger"],"picked":"Burning Pact","floor":12},{"not_picked":["Headbutt","Cleave","Body Slam"],"picked":"SKIP","floor":14},{"not_picked":["Demon Form","Double Tap"],"picked":"Feed","floor":16},{"not_picked":["Flex","Sword Boomerang"],"picked":"Inflame+1","floor":18},{"not_picked":["Sword Boomerang","Perfected Strike"],"picked":"Rage","floor":20},{"not_picked":["Flex","Intimidate","Twin Strike"],"picked":"SKIP","floor":21},{"not_picked":["Demon Form","Anger"],"picked":"Battle Trance","floor":24},{"not_picked":["Perfected Strike","Metallicize"],"picked":"True Grit","floor":27},{"not_picked":["Flex","Clash"],"picked":"Double Tap","floor":28},{"not_picked":["Heavy Blade","Clash"],"picked":"Burning Pact","floor":29},{"not_picked":["Cleave","Carnage","Thunderclap"],"picked":"SKIP","floor":30},{"not_picked":["Exhume","Reaper"],"picked":"Offering","floor":33},{"not_picked":["True Grit","Entrench","Evolve"],"picked":"SKIP","floor":35},{"not_picked":["Ghostly Armor","Wild Strike+1","Anger+1"],"picked":"SKIP","floor":38},{"not_picked":["Clash","Warcry","Combust"],"picked":"SKIP","floor":39},{"not_picked":["Intimidate","Thunderclap"],"picked":"Dual Wield+1","floor":40},{"not_picked":["Rampage+1","Evolve"],"picked":"Blood for Blood+1","floor":42}],"player_experience":3966833,"relics_obtained":[{"floor":6,"key":"Mummified Hand"},{"floor":8,"key":"War Paint"},{"floor":9,"key":"MealTicket"},{"floor":10,"key":"Red Skull"},{"floor":12,"key":"Bag of Marbles"},{"floor":24,"key":"Lizard Tail"},{"floor":26,"key":"Letter Opener"},{"floor":28,"key":"Art of War"},{"floor":30,"key":"Oddly Smooth Stone"},{"floor":40,"key":"Pantograph"},{"floor":42,"key":"Singing Bowl"}],"event_choices":[{"damage_healed":0,"gold_gain":0,"player_choice":"Grow","damage_taken":0,"max_hp_gain":0,"max_hp_loss":0,"event_name":"Living Wall","floor":7,"gold_loss":0,"cards_upgraded":["Uppercut"]},{"damage_healed":0,"gold_gain":0,"player_choice":"Became a vampire","damage_taken":0,"max_hp_gain":0,"max_hp_loss":22,"event_name":"Vampires","floor":19,"gold_loss":0,"cards_obtained":["Bite","Bite","Bite","Bite","Bite"]},{"damage_healed":0,"gold_gain":50,"player_choice":"Pray","damage_taken":0,"max_hp_gain":0,"max_hp_loss":0,"event_name":"Golden Shrine","floor":22,"gold_loss":0},{"damage_healed":0,"gold_gain":0,"player_choice":"Got Potions","damage_taken":0,"max_hp_gain":0,"max_hp_loss":0,"event_name":"Lab","floor":36,"gold_loss":0}],"is_beta":false,"boss_relics":[{"not_picked":["SlaversCollar","Cursed Key"],"picked":"Philosopher\u0027s Stone"},{"not_picked":["Black Blood","Sozu"],"picked":"Runic Cube"}],"items_purged_floors":[31,37],"is_endless":false,"potions_floor_spawned":[1,3,14,16,18,27,29,35,38,42],"killed_by":"Jaw Worm Horde","ascension_level":20,"potion_discard_per_floor":[[],[],[],[],[],[],[],[],[],[],[],[],[],[],[],[],[],[],[],[],[],[],[],[],[],[],[],[],[],[],[],[],[],[],[],["FearPotion"],[],["Fire Potion"],[],[],[],[],[],[]]}