{"neow_bonuses_skipped_log":["TEN_PERCENT_HP_BONUS"],"potions_obtained_entropic_brew":[[],[],[],[],[],[],[],[],[],[],[],[],[],[],[],[]],"neow_costs_skipped_log":["NONE"],"gold_per_floor":[109,109,109,109,109,136,136,136,191,191,191,191,191,191,191,191],"floor_reached":16,"playtime":110,"items_purged":[],"score":119,"play_id":"ff71d1fe-fd61-42fd-84ec-39c1d4522bc3","local_time":"20220919175247","score_breakdown":["Floors Climbed (16): 80","Enemies Slain (2): 4","Exordium Elites Killed (1): 10","Bosses Slain (0): 0","Champion (1): 25"],"is_ascension_mode":false,"potions_obtained_alchemize":[[],[],[],[],[],[],[],[],[],[],[],[],[],[],[],[]],"campfire_choices":[{"floor":7,"key":"RECALL"},{"data":"Defend_R","floor":10,"key":"SMITH"},{"data":"Strike_R","floor":13,"key":"SMITH"},{"data":"Strike_R","floor":15,"key":"SMITH"}],"lesson_learned_per_floor":[[],[],[],[],[],[],[],[],[],[],[],[],[],[],[],[]],"neow_cost":"NONE","improvable_cards":{},"seed_source_timestamp":2734858366898,"shop_contents":[{"floor":2,"relics":["Blue Candle","Omamori","Sling"],"cards":["Anger","Sever Soul","Burning Pact","Disarm","Inflame","Impatience","Metamorphosis"],"potions":["BlessingOfTheForge","PowerPotion","HeartOfIron"]},{"floor":4,"relics":["Mummified Hand","CeramicFish","HandDrill"],"cards":["Clothesline","Bludgeon","Dual Wield","Havoc","Dark Embrace","PanicButton","HandOfGreed"],"potions":["SneckoOil","SmokeBomb","Fire Potion"]},{"floor":8,"relics":["White Beast Statue","Ice Cream","Chemical X"],"cards":["Anger","Pummel","Shrug It Off","True Grit","Evolve","Enlightenment","The Bomb"],"potions":["Swift Potion","SneckoOil","Dexterity Potion"]},{"floor":14,"relics":["Bag of Marbles","Bird Faced Urn","Lee\u0027s Waffle"],"cards":["Pommel Strike","Reckless Charge","Sentinel","Flex","Fire Breathing","Impatience","Thinking Ahead"],"potions":["SneckoOil","Explosive Potion","GamblersBrew"]}],"circlet_count":0,"master_deck":["Strike_R","Strike_R","Strike_R","Strike_R+1","Strike_R+1","Defend_R","Defend_R","Defend_R","Defend_R+1","Bash+1"],"potion_use_per_floor":[[],[],[],[],[],[],[],[],[],[],[],[],[],[],[],[]],"relics":["Burning Blood","NeowsBlessing","Juzu Bracelet","WingedGreaves","WingedGreaves"],"potions_floor_usage":[],"damage_taken":[{"damage":0,"enemies":"2 Louse","floor":1,"turns":1},{"damage":0,"enemies":"Lagavulin","floor":6,"turns":1},{"damage":0,"enemies":"Cultist","floor":12,"turns":1},{"damage":80,"enemies":"Hexaghost","floor":16,"turns":2}],"seed_played":"6392082375632552407","neow_bonus_log":{"cardsObtained":[],"cardsUpgraded":[],"cardsRemoved":[],"cardsTransformed":[],"relicsObtained":["NeowsBlessing"],"maxHpGained":0,"goldGained":0,"damageTaken":0,"goldLost":0,"maxHpLost":0},"potions_obtained":[],"is_trial":false,"path_per_floor":["M","$","?","$","?","E","R","$","T","R","?","M","R","$","R","B"],"character_chosen":"IRONCLAD","items_purchased":[],"campfire_rested":0,"item_purchase_floors":[],"current_hp_per_floor":[80,80,80,80,80,80,80,80,80,80,80,80,80,80,80,0],"gold":191,"neow_bonus":"THREE_ENEMY_KILL","is_prod":false,"is_daily":false,"rewards_skipped":[{"floor":6,"relics":["Self Forming Clay"],"potions":["SkillPotion"]}],"chose_seed":false,"campfire_upgraded":3,"win_rate":0,"floor_exit_playtime":[24,27,30,32,54,62,67,69,71,76,79,84,89,92,96],"timestamp":1663624367,"blue_key_relic_skipped_log":{"floor":9,"relicID":"Blood Vial"},"path_taken":["M","$","?","$","?","E","R","$","T","R","?","M","R","?","R","BOSS"],"build_version":"2022-03-07","purchased_purges":0,"victory":false,"max_hp_per_floor":[80,80,80,80,80,80,80,80,80,80,80,80,80,80,80,80],"relic_stats":{"counters":[4,5],"WingedGreaves":3,"Juzu Bracelet":1,"obtain_stats":[{"NeowsBlessing":0,"WingedGreaves":1,"Juzu Bracelet":1,"Burning Blood":0},{"NeowsBlessing":0,"WingedGreaves":1,"Juzu Bracelet":1,"Burning Blood":0},{"NeowsBlessing":0,"WingedGreaves":1,"Juzu Bracelet":1,"Burning Blood":0}],"Burning Blood":0},"card_choices":[{"not_picked":["Iron Wave","Warcry","Pommel Strike"],"picked":"SKIP","floor":1},{"not_picked":["Thunderclap","Anger","Juggernaut"],"picked":"SKIP","floor":6},{"not_picked":["Inflame","Dark Embrace","Headbutt"],"picked":"SKIP","floor":12}],"player_experience":3966403,"relics_obtained":[],"event_choices":[{"damage_healed":0,"gold_gain":0,"player_choice":"Ignored","damage_taken":0,"max_hp_gain":0,"max_hp_loss":0,"event_name":"Accursed Blacksmith","floor":3,"gold_loss":0},{"damage_healed":0,"gold_gain":0,"player_choice":"Grow","damage_taken":0,"max_hp_gain":0,"max_hp_loss":0,"event_name":"Living Wall","floor":5,"gold_loss":0,"cards_upgraded":["Bash"]},{"damage_healed":0,"gold_gain":0,"player_choice":"Fled","damage_taken":0,"max_hp_gain":0,"max_hp_loss":0,"event_name":"Scrap Ooze","floor":11,"gold_loss":0}],"is_beta":false,"boss_relics":[],"items_purged_floors":[],"is_endless":false,"potions_floor_spawned":[6],"killed_by":"Hexaghost","ascension_level":0,"potion_discard_per_floor":[[],[],[],[],[],[],[],[],[],[],[],[],[],[],[],[]]}