{"neow_bonuses_skipped_log":["ONE_RANDOM_RARE_CARD","THREE_SMALL_POTIONS","BOSS_RELIC"],"neow_costs_skipped_log":["NONE","NONE","NONE"],"potions_obtained_entropic_brew":[[],[],[],[],[],[],[],[],[],[],[],[],[],[],[],[],[],[],[],[],[],[],[],[],[],[],[],[],[],[],[],[],[]],"gold_per_floor":[110,110,122,138,213,240,240,274,274,307,325,250,262,262,262,338,338,355,365,365,104,104,138,138,167,167,179,179,54,54,70,70,70],"floor_reached":33,"playtime":1958,"items_purged":["Strike_R","Strike_R","Strike_R"],"score":756,"play_id":"cb177c64-9d8b-4824-ae6d-677c3510d005","local_time":"20220920193902","score_breakdown":["Floors Climbed (33): 165","Enemies Slain (9): 18","Exordium Elites Killed (3): 30","City Elites Killed (2): 40","Bosses Slain (1): 50","Champion (1): 25","Perfect (1): 50","Ascension (20): 378"],"is_ascension_mode":true,"potions_obtained_alchemize":[[],[],[],[],[],[],[],[],[],[],[],[],[],[],[],[],[],[],[],[],[],[],[],[],[],[],[],[],[],[],[],[],[]],"campfire_choices":[{"data":"Carnage","floor":7,"key":"SMITH"},{"data":"Whirlwind","floor":15,"key":"SMITH"},{"floor":24,"key":"REST"},{"data":"RitualDagger","floor":28,"key":"SMITH"},{"floor":30,"key":"REST"},{"data":"True Grit","floor":32,"key":"SMITH"}],"lesson_learned_per_floor":[[],[],[],[],[],[],[],[],[],[],[],[],[],[],[],[],[],[],[],[],[],[],[],[],[],[],[],[],[],[],[],[],[]],"neow_cost":"TEN_PERCENT_HP_LOSS","improvable_cards":{"RitualDagger+1":[28]},"seed_source_timestamp":11391883640625,"shop_contents":[{"floor":12,"relics":["Blood Vial","Unceasing Top","Brimstone"],"cards":["Reckless Charge","Whirlwind","Armaments","Flex","Combust","Deep Breath","HandOfGreed"],"potions":["SteroidPotion","DuplicationPotion","Fire Potion"]},{"floor":21,"relics":["Juzu Bracelet","Ornamental Fan"],"cards":["Whirlwind","Sever Soul","Warcry","Shrug It Off","Fire Breathing","Discovery","HandOfGreed"],"potions":["DuplicationPotion","Ancient Potion","Block Potion"]},{"floor":29,"relics":["Toxic Egg 2","Vajra","Frozen Eye"],"cards":["Thunderclap","Hemokinesis","Shockwave","Warcry","Rupture","Forethought","HandOfGreed"],"potions":["Energy Potion","CultistPotion","FearPotion"]}],"circlet_count":0,"master_deck":["AscendersBane","Strike_R","Defend_R","Defend_R","Defend_R","Defend_R","Bash","Battle Trance","Carnage+1","Second Wind","Battle Trance","Whirlwind+1","Offering","Seeing Red+1","RitualDagger+1","True Grit+1"],"potion_use_per_floor":[[],[],[],[],[],["FearPotion"],[],["GamblersBrew"],[],[],[],[],[],[],[],[],[],[],["ColorlessPotion"],[],[],[],[],[],["DuplicationPotion"],[],[],[],[],[],[],[],["Swift Potion"]],"relics":["Burning Blood","Dead Branch","Art of War","HornCleat","MealTicket","Black Star","OrangePellets","Toy Ornithopter","InkBottle","Turnip","Bronze Scales","Pear"],"potions_floor_usage":[6,8,19,25,33],"damage_taken":[{"damage":4,"enemies":"Small Slimes","floor":1,"turns":5},{"damage":4,"enemies":"2 Louse","floor":3,"turns":4},{"damage":0,"enemies":"Cultist","floor":4,"turns":2},{"damage":8,"enemies":"Gremlin Nob","floor":6,"turns":3},{"damage":0,"enemies":"Lagavulin","floor":8,"turns":3},{"damage":10,"enemies":"3 Sentries","floor":10,"turns":6},{"damage":7,"enemies":"3 Louse","floor":11,"turns":2},{"damage":0,"enemies":"Large Slime","floor":13,"turns":4},{"damage":6,"enemies":"Slime Boss","floor":16,"turns":4},{"damage":6,"enemies":"Chosen","floor":18,"turns":3},{"damage":18,"enemies":"2 Thieves","floor":19,"turns":4},{"damage":41,"enemies":"Slavers","floor":23,"turns":18},{"damage":44,"enemies":"Book of Stabbing","floor":25,"turns":5},{"damage":14,"enemies":"Snake Plant","floor":27,"turns":3},{"damage":6,"enemies":"Snecko","floor":31,"turns":4},{"damage":71,"enemies":"Automaton","floor":33,"turns":10}],"seed_played":"-1854141603364313707","neow_bonus_log":{"cardsObtained":[],"cardsUpgraded":[],"cardsRemoved":[],"cardsTransformed":[],"relicsObtained":["Dead Branch"],"maxHpGained":0,"goldGained":0,"damageTaken":0,"goldLost":0,"maxHpLost":7},"potions_obtained":[{"floor":1,"key":"GamblersBrew"},{"floor":4,"key":"FearPotion"},{"floor":8,"key":"DuplicationPotion"},{"floor":11,"key":"SneckoOil"},{"floor":18,"key":"ColorlessPotion"},{"floor":27,"key":"LiquidBronze"},{"floor":31,"key":"Swift Potion"}],"is_trial":false,"path_per_floor":["M","?","M","M","?","E","R","E","T","E","M","$","M","?","R","B",null,"M","M","?","$","?","E","R","E","T","M","R","$","R","M","R","B"],"character_chosen":"IRONCLAD","items_purchased":["OrangePellets"],"campfire_rested":2,"item_purchase_floors":[21],"current_hp_per_floor":[68,68,68,68,57,55,55,61,61,57,56,68,68,68,68,68,68,68,56,56,68,62,27,47,14,24,16,16,31,54,54,54,0],"gold":70,"neow_bonus":"ONE_RARE_RELIC","is_prod":false,"is_daily":false,"rewards_skipped":[],"chose_seed":false,"campfire_upgraded":4,"win_rate":0,"floor_exit_playtime":[129,134,174,194,197,254,260,335,342,456,478,499,555,560,565,632,674,739,835,840,871,885,1148,1151,1308,1310,1376,1384,1400,1405,1528,1537],"timestamp":1663717142,"blue_key_relic_skipped_log":{"floor":9,"relicID":"Boot"},"path_taken":["M","?","M","M","?","E","R","E","T","E","M","$","M","?","R","BOSS","M","?","?","$","?","E","R","E","T","M","R","$","R","M","R","BOSS"],"build_version":"2022-03-07","purchased_purges":3,"victory":false,"max_hp_per_floor":[68,68,68,68,68,68,68,68,68,68,68,68,68,68,68,68,68,68,68,68,68,68,68,68,68,78,78,78,78,78,78,78,78],"relic_stats":{"OrangePellets":[7],"counters":[16,80],"Dead Branch":[141],"Bronze Scales":[48],"MealTicket":39,"Turnip":[0],"Art of War":[16],"Black Star":2,"obtain_stats":[{"OrangePellets":21,"HornCleat":8,"Pear":26,"Dead Branch":0,"Bronze Scales":25,"MealTicket":10,"Turnip":25,"Art of War":6,"Black Star":17,"Burning Blood":0,"Toy Ornithopter":23,"InkBottle":23},{"OrangePellets":11,"HornCleat":5,"Pear":13,"Dead Branch":0,"Bronze Scales":13,"MealTicket":6,"Turnip":13,"Art of War":4,"Black Star":9,"Burning Blood":0,"Toy Ornithopter":12,"InkBottle":12},{"OrangePellets":40,"HornCleat":17,"Pear":63,"Dead Branch":0,"Bronze Scales":63,"MealTicket":23,"Turnip":63,"Art of War":14,"Black Star":33,"Burning Blood":0,"Toy Ornithopter":58,"InkBottle":58}],"Burning Blood":74,"Toy Ornithopter":10,"InkBottle":[6]},"card_choices":[{"not_picked":["Disarm","Havoc"],"picked":"Battle Trance","floor":1},{"not_picked":["Havoc","Seeing Red"],"picked":"Carnage","floor":3},{"not_picked":["Perfected Strike","Uppercut"],"picked":"Second Wind","floor":4},{"not_picked":["Demon Form","Clash"],"picked":"Battle Trance","floor":6},{"not_picked":["Wild Strike","Headbutt"],"picked":"Whirlwind","floor":8},{"not_picked":["Body Slam","Combust","Clothesline"],"picked":"SKIP","floor":10},{"not_picked":["Pummel","Clothesline","Wild Strike"],"picked":"SKIP","floor":11},{"not_picked":["Headbutt","Uppercut","Wild Strike"],"picked":"SKIP","floor":13},{"not_picked":["Bludgeon","Fiend Fire"],"picked":"Offering","floor":16},{"not_picked":["Clothesline","Clash","Sword Boomerang"],"picked":"SKIP","floor":18},{"not_picked":["Metallicize","Uppercut"],"picked":"Seeing Red+1","floor":19},{"not_picked":["Armaments","Infernal Blade"],"picked":"True Grit","floor":23},{"not_picked":["True Grit","Anger","Body Slam"],"picked":"SKIP","floor":25},{"not_picked":["Bloodletting","Carnage","Havoc"],"picked":"SKIP","floor":27},{"not_picked":["Dual Wield","Rupture+1","Body Slam"],"picked":"SKIP","floor":31}],"player_experience":3976233,"relics_obtained":[{"floor":6,"key":"Art of War"},{"floor":8,"key":"HornCleat"},{"floor":10,"key":"MealTicket"},{"floor":23,"key":"Toy Ornithopter"},{"floor":23,"key":"InkBottle"},{"floor":25,"key":"Turnip"},{"floor":25,"key":"Bronze Scales"},{"floor":26,"key":"Pear"}],"event_choices":[{"damage_healed":0,"gold_gain":0,"player_choice":"Ignored","damage_taken":0,"max_hp_gain":0,"max_hp_loss":0,"event_name":"Liars Game","floor":2,"gold_loss":0},{"damage_healed":0,"gold_gain":75,"player_choice":"Gather Gold","damage_taken":11,"max_hp_gain":0,"max_hp_loss":0,"event_name":"World of Goop","floor":5,"gold_loss":0},{"cards_removed":["Strike_R"],"damage_healed":0,"gold_gain":0,"player_choice":"Offered Basic","damage_taken":0,"max_hp_gain":0,"max_hp_loss":0,"event_name":"Bonfire Elementals","floor":14,"gold_loss":0},{"damage_healed":0,"gold_gain":0,"player_choice":"Ignored","damage_taken":0,"max_hp_gain":0,"max_hp_loss":0,"event_name":"Vampires","floor":20,"gold_loss":0},{"damage_healed":0,"gold_gain":0,"player_choice":"Joined the Cult","damage_taken":6,"max_hp_gain":0,"max_hp_loss":0,"event_name":"Nest","floor":22,"gold_loss":0,"cards_obtained":["RitualDagger"]}],"is_beta":false,"boss_relics":[{"not_picked":["Philosopher\u0027s Stone","SlaversCollar"],"picked":"Black Star"}],"items_purged_floors":[12,21,29],"is_endless":false,"potions_floor_spawned":[1,4,8,11,18,27,31],"killed_by":"Automaton","ascension_level":20,"potion_discard_per_floor":[[],[],[],[],[],[],[],[],[],[],[],[],[],[],[],[],[],["SneckoOil"],[],[],[],[],[],[],[],[],[],[],[],[],[],[],[]]}