{"neow_bonuses_skipped_log":["TRANSFORM_CARD","THREE_SMALL_POTIONS","BOSS_RELIC"],"neow_costs_skipped_log":["NONE","NONE","NONE"],"potions_obtained_entropic_brew":[[],[],[],[],[],[],[],[],[],[],[],[],[],[],[],[]],"gold_per_floor":[13,31,41,51,51,51,85,85,85,100,120,132,159,172,172,172],"floor_reached":16,"playtime":1391,"items_purged":[],"score":232,"play_id":"eb9263c3-c9e7-48bd-9cb9-d73f121aa159","local_time":"20221004182839","score_breakdown":["Floors Climbed (16): 80","Enemies Slain (8): 16","Exordium Elites Killed (2): 20","Bosses Slain (0): 0","Ascension (20): 116"],"is_ascension_mode":true,"potions_obtained_alchemize":[[],[],[],[],[],[],[],[],[],[],[],[],[],[],[],[]],"campfire_choices":[{"data":"Carnage","floor":6,"key":"SMITH"},{"data":"Whirlwind","floor":8,"key":"SMITH"},{"data":"Armaments","floor":15,"key":"SMITH"}],"lesson_learned_per_floor":[[],[],[],[],[],[],[],[],[],[],[],[],[],[],[],[]],"neow_cost":"NO_GOLD","improvable_cards":{},"seed_source_timestamp":4361974836859,"shop_contents":[],"circlet_count":0,"master_deck":["AscendersBane","Strike_R","Strike_R","Strike_R","Defend_R","Defend_R","Defend_R","Bash","Rampage","Juggernaut","Whirlwind+1","Armaments+1","Sever Soul","Carnage+1","Barricade","Pommel Strike","Intimidate","Pommel Strike","Feel No Pain"],"potion_use_per_floor":[[],[],[],[],[],[],["FearPotion"],[],[],[],[],[],["AttackPotion"],[],[],["Swift Potion"]],"relics":["Burning Blood","Orichalcum","Peace Pipe"],"potions_floor_usage":[7,13,16],"damage_taken":[{"damage":7,"enemies":"Cultist","floor":1,"turns":4},{"damage":5,"enemies":"2 Louse","floor":2,"turns":2},{"damage":7,"enemies":"Small Slimes","floor":3,"turns":2},{"damage":11,"enemies":"2 Fungi Beasts","floor":4,"turns":3},{"damage":6,"enemies":"Gremlin Nob","floor":7,"turns":3},{"damage":17,"enemies":"Red Slaver","floor":10,"turns":4},{"damage":0,"enemies":"Exordium Thugs","floor":11,"turns":3},{"damage":12,"enemies":"Large Slime","floor":12,"turns":4},{"damage":24,"enemies":"Lagavulin","floor":13,"turns":5},{"damage":2,"enemies":"Looter","floor":14,"turns":2},{"damage":37,"enemies":"Slime Boss","floor":16,"turns":8}],"seed_played":"-7238486024483565422","neow_bonus_log":{"cardsObtained":["Rampage","Juggernaut"],"cardsUpgraded":[],"cardsRemoved":[],"cardsTransformed":["Strike_R","Defend_R"],"relicsObtained":[],"maxHpGained":0,"goldGained":0,"damageTaken":0,"goldLost":99,"maxHpLost":0},"potions_obtained":[{"floor":1,"key":"FearPotion"},{"floor":3,"key":"AttackPotion"},{"floor":14,"key":"Swift Potion"}],"is_trial":false,"path_per_floor":["M","M","M","M","?","R","E","R","T","M","M","M","E","M","R","B"],"character_chosen":"IRONCLAD","items_purchased":[],"campfire_rested":0,"item_purchase_floors":[],"current_hp_per_floor":[67,68,67,62,62,62,62,62,62,51,57,51,33,37,37,0],"gold":172,"neow_bonus":"TRANSFORM_TWO_CARDS","is_prod":false,"is_daily":false,"rewards_skipped":[],"chose_seed":false,"campfire_upgraded":3,"win_rate":0,"floor_exit_playtime":[180,215,276,340,356,375,427,433,472,521,571,618,774,807,840],"timestamp":1664922519,"blue_key_relic_skipped_log":{"floor":9,"relicID":"Bottled Tornado"},"path_taken":["M","M","M","M","?","R","E","R","T","M","M","?","E","M","R","BOSS"],"build_version":"2022-03-07","purchased_purges":0,"victory":false,"max_hp_per_floor":[75,75,75,75,75,75,75,75,75,75,75,75,75,75,75,75],"relic_stats":{"Peace Pipe":0,"counters":[11,40],"Orichalcum":[96],"obtain_stats":[{"Peace Pipe":13,"Orichalcum":7,"Burning Blood":0},{"Peace Pipe":9,"Orichalcum":5,"Burning Blood":0},{"Peace Pipe":30,"Orichalcum":14,"Burning Blood":0}],"Burning Blood":60},"card_choices":[{"not_picked":["Hemokinesis","Reckless Charge"],"picked":"Whirlwind","floor":1},{"not_picked":["Cleave","Combust"],"picked":"Armaments","floor":2},{"not_picked":["Intimidate","Wild Strike"],"picked":"Sever Soul","floor":3},{"not_picked":["Flex","Burning Pact"],"picked":"Carnage","floor":4},{"not_picked":["Twin Strike","Combust"],"picked":"Barricade","floor":7},{"not_picked":["Armaments","Havoc"],"picked":"Pommel Strike","floor":10},{"not_picked":["Rupture","Clothesline","Spot Weakness"],"picked":"SKIP","floor":11},{"not_picked":["Reaper","Clothesline"],"picked":"Intimidate","floor":12},{"not_picked":["Heavy Blade","True Grit"],"picked":"Pommel Strike","floor":13},{"not_picked":["Havoc","Warcry"],"picked":"Feel No Pain","floor":14}],"player_experience":4067664,"relics_obtained":[{"floor":7,"key":"Orichalcum"},{"floor":13,"key":"Peace Pipe"}],"event_choices":[{"cards_removed":["Strike_R"],"damage_healed":0,"gold_gain":0,"player_choice":"Card Removal","damage_taken":0,"max_hp_gain":0,"max_hp_loss":0,"event_name":"Wheel of Change","floor":5,"gold_loss":0}],"is_beta":false,"boss_relics":[],"items_purged_floors":[],"is_endless":false,"potions_floor_spawned":[1,3,14],"killed_by":"Slime Boss","ascension_level":20,"potion_discard_per_floor":[[],[],[],[],[],[],[],[],[],[],[],[],[],[],[],[]]}