{"neow_bonuses_skipped_log":["THREE_SMALL_POTIONS","TRANSFORM_TWO_CARDS","BOSS_RELIC"],"neow_costs_skipped_log":["NONE","PERCENT_DAMAGE","NONE"],"potions_obtained_entropic_brew":[[],[],[],[],[],[],[],[],[],[],[],[],[],[]],"gold_per_floor":[115,95,108,122,133,133,161,172,172,184,217,228,242,242],"floor_reached":14,"playtime":1059,"items_purged":[],"score":212,"play_id":"4d8feb42-badb-42b2-8494-342405a6cb0e","local_time":"20220927184356","score_breakdown":["Floors Climbed (14): 70","Enemies Slain (8): 16","Exordium Elites Killed (2): 20","Bosses Slain (0): 0","Ascension (20): 106"],"is_ascension_mode":true,"potions_obtained_alchemize":[[],[],[],[],[],[],[],[],[],[],[],[],[],[]],"campfire_choices":[{"data":"Combust","floor":6,"key":"SMITH"}],"lesson_learned_per_floor":[[],[],[],[],[],[],[],[],[],[],[],[],[],[]],"neow_cost":"NONE","improvable_cards":{},"seed_source_timestamp":16492317881788,"shop_contents":[],"circlet_count":0,"master_deck":["AscendersBane","Strike_R","Strike_R","Strike_R","Strike_R","Strike_R","Defend_R","Defend_R","Defend_R","Defend_R","Bash","Bandage Up","Shrug It Off","Clothesline","Dropkick","Combust+1","Pommel Strike","Hemokinesis","Double Tap","Inflame"],"potion_use_per_floor":[[],[],[],[],[],[],["BloodPotion"],[],[],[],["FairyPotion","Explosive Potion"],[],[],["Swift Potion"]],"relics":["Burning Blood","The Courier","CaptainsWheel"],"potions_floor_usage":[7,11,14],"damage_taken":[{"damage":0,"enemies":"2 Louse","floor":1,"turns":4},{"damage":6,"enemies":"Cultist","floor":3,"turns":3},{"damage":5,"enemies":"Jaw Worm","floor":4,"turns":6},{"damage":9,"enemies":"Looter","floor":5,"turns":4},{"damage":59,"enemies":"Gremlin Nob","floor":7,"turns":5},{"damage":16,"enemies":"Large Slime","floor":8,"turns":6},{"damage":29,"enemies":"Exordium Wildlife","floor":10,"turns":5},{"damage":44,"enemies":"3 Sentries","floor":11,"turns":7},{"damage":12,"enemies":"Gremlin Gang","floor":12,"turns":3},{"damage":2,"enemies":"Blue Slaver","floor":13,"turns":4},{"damage":23,"enemies":"3 Louse","floor":14,"turns":2}],"green_key_taken_log":11,"seed_played":"2048386659308066905","neow_bonus_log":{"cardsObtained":[],"cardsUpgraded":[],"cardsRemoved":[],"cardsTransformed":[],"relicsObtained":[],"maxHpGained":0,"goldGained":0,"damageTaken":0,"goldLost":0,"maxHpLost":0},"potions_obtained":[{"floor":2,"key":"Block Potion"},{"floor":3,"key":"FairyPotion"},{"floor":4,"key":"BloodPotion"},{"floor":7,"key":"Explosive Potion"},{"floor":13,"key":"Swift Potion"}],"is_trial":false,"path_per_floor":["M","?","M","M","M","R","E","M","T","M","E","M","M","M"],"character_chosen":"IRONCLAD","items_purchased":[],"campfire_rested":0,"item_purchase_floors":[],"current_hp_per_floor":[75,75,75,75,75,75,41,35,35,16,10,8,16,0],"gold":242,"neow_bonus":"RANDOM_COLORLESS","is_prod":false,"is_daily":false,"rewards_skipped":[],"chose_seed":false,"campfire_upgraded":1,"win_rate":0,"floor_exit_playtime":[119,125,161,252,317,326,380,505,536,652,812,892,953],"timestamp":1664318636,"blue_key_relic_skipped_log":{"floor":9,"relicID":"Bottled Flame"},"path_taken":["M","?","M","M","M","R","E","M","T","M","E","?","M","M"],"build_version":"2022-03-07","purchased_purges":0,"victory":false,"max_hp_per_floor":[75,75,75,75,75,75,75,75,75,75,75,75,75,75],"relic_stats":{"counters":[11,49],"The Courier":0,"obtain_stats":[{"CaptainsWheel":11,"The Courier":7,"Burning Blood":0},{"CaptainsWheel":8,"The Courier":5,"Burning Blood":0},{"CaptainsWheel":40,"The Courier":22,"Burning Blood":0}],"Burning Blood":51},"card_choices":[{"not_picked":["Forethought","Deep Breath"],"picked":"Bandage Up","floor":0},{"not_picked":["Iron Wave","Twin Strike"],"picked":"Shrug It Off","floor":1},{"not_picked":["Metallicize","Sever Soul"],"picked":"Clothesline","floor":3},{"not_picked":["Intimidate","Flex"],"picked":"Dropkick","floor":4},{"not_picked":["Body Slam","Twin Strike"],"picked":"Combust","floor":5},{"not_picked":["Intimidate","Seeing Red"],"picked":"Pommel Strike","floor":7},{"not_picked":["Wild Strike","Warcry"],"picked":"Hemokinesis","floor":8},{"not_picked":["Wild Strike","Ghostly Armor"],"picked":"Double Tap","floor":10},{"not_picked":["Warcry","Dual Wield","Twin Strike"],"picked":"SKIP","floor":11},{"not_picked":["Flex","Body Slam","Twin Strike"],"picked":"SKIP","floor":12},{"not_picked":["Anger","Rampage"],"picked":"Inflame","floor":13}],"player_experience":4023644,"relics_obtained":[{"floor":7,"key":"The Courier"},{"floor":11,"key":"CaptainsWheel"}],"event_choices":[{"damage_healed":0,"gold_gain":0,"player_choice":"Bought 1 Potion","damage_taken":0,"max_hp_gain":0,"max_hp_loss":0,"event_name":"The Woman in Blue","floor":2,"gold_loss":0}],"is_beta":false,"boss_relics":[],"items_purged_floors":[],"is_endless":false,"potions_floor_spawned":[3,4,7,13],"killed_by":"3 Louse","ascension_level":20,"potion_discard_per_floor":[[],[],[],["Block Potion"],[],[],[],[],[],[],[],[],[],[]]}