{"neow_bonuses_skipped_log":["TEN_PERCENT_HP_BONUS"],"potions_obtained_entropic_brew":[[],[],[],[],[],[],[],[],[],[],[],[],[],[],[],[],[],[],[],[],[],[],[],[],[],[],[],[],[],[],[],[],[],[],[],[],[],[],[],[],[],[],[],[],[],[],[],[],[],[],[],[],[],[],[],[],[]],"neow_costs_skipped_log":["NONE"],"gold_per_floor":[110,110,110,128,32,66,66,93,172,200,350,24,80,107,107,186,186,186,186,186,111,111,111,111,111,111,111,111,111,111,111,111,111,111,111,111,111,111,111,111,111,111,111,111,111,111,111,111,111,111,111,111,111,31,31,31],"floor_reached":57,"playtime":4427,"items_purged":["Doubt","Strike_R"],"score":3108,"play_id":"7f1b4c07-b94b-4b15-af5c-ea6c9e9baf02","local_time":"20220930170820","falling_options_log":["Entrench+1","Feel No Pain+1"],"score_breakdown":["Floors Climbed (57): 285","Enemies Slain (12): 24","Exordium Elites Killed (4): 40","City Elites Killed (2): 40","Beyond Elites Killed (3): 90","Bosses Slain (5): 750","Champion (5): 125","Perfect (1): 50","Overkill: 25","Ascension (20): 1429","Heartbreaker: 250"],"is_ascension_mode":true,"potions_obtained_alchemize":[[],[],[],[],[],[],[],[],[],[],[],[],[],[],[],[],[],[],[],[],[],[],[],[],[],[],[],[],[],[],[],[],[],[],[],[],[],[],[],[],[],[],[],[],[],[],[],[],[],[],[],[],[],[],[],[],[]],"campfire_choices":[{"data":"Fiend Fire","floor":7,"key":"SMITH"},{"data":"Armaments","floor":15,"key":"SMITH"},{"floor":23,"key":"REST"},{"data":"Entrench","floor":28,"key":"SMITH"},{"data":"Barricade","floor":30,"key":"SMITH"},{"data":"Entrench","floor":32,"key":"SMITH"},{"data":"Offering","floor":40,"key":"SMITH"},{"floor":45,"key":"RECALL"},{"floor":49,"key":"REST"},{"floor":53,"key":"REST"}],"lesson_learned_per_floor":[[],[],[],[],[],[],[],[],[],[],[],[],[],[],[],[],[],[],[],[],[],[],[],[],[],[],[],[],[],[],[],[],[],[],[],[],[],[],[],[],[],[],[],[],[],[],[],[],[],[],[],[],[],[],[],[],[]],"neow_cost":"NONE","improvable_cards":{},"seed_source_timestamp":2228911986507,"shop_contents":[{"floor":5,"relics":["Torii","Orichalcum","Cauldron"],"cards":["Clash","Clothesline","Sentinel","Ghostly Armor","Metallicize","Panache"],"potions":["SteroidPotion","Block Potion","Regen Potion"]},{"floor":12,"relics":["Bottled Lightning","Question Card","Bag of Marbles"],"cards":["Headbutt","Heavy Blade","Warcry","Bloodletting","Rupture","Blind","Apotheosis"],"potions":["SkillPotion","Weak Potion","Ancient Potion"]},{"floor":39,"relics":["Shovel","CeramicFish","OrangePellets"],"cards":["Carnage","Iron Wave","Havoc","Impervious","Combust","Trip","Apotheosis"],"potions":["FearPotion","Strength Potion","Weak Potion"]},{"floor":54,"relics":["Blood Vial","Champion Belt","Chemical X"],"cards":["Headbutt","Rampage","Havoc","Ghostly Armor","Evolve","Forethought","Secret Weapon"],"potions":["SteroidPotion","LiquidBronze","BlessingOfTheForge"]}],"circlet_count":0,"master_deck":["AscendersBane","Strike_R+1","Defend_R+1","Defend_R","Defend_R+1","Defend_R","Bash","Armaments+1","Metallicize","Fiend Fire+1","Barricade+1","Entrench+1","Body Slam","Twin Strike+1","Offering+1","Shrug It Off","Battle Trance","Entrench+1","Second Wind","Exhume","Feel No Pain+1","Shrug It Off","Shrug It Off","Power Through+1","Corruption"],"potion_use_per_floor":[[],[],[],[],[],[],[],[],[],[],[],[],[],["Strength Potion"],[],[],[],["BloodPotion"],[],[],[],[],[],[],["DistilledChaos"],[],[],[],[],[],[],[],[],[],[],[],[],["Swift Potion"],[],[],[],[],[],[],[],[],["Fire Potion"],[],[],[],[],[],[],[],[],["PowerPotion"],[]],"relics":["Burning Blood","NeowsBlessing","War Paint","Regal Pillow","The Courier","Bronze Scales","Medical Kit","Red Skull","Lizard Tail","Happy Flower","Ectoplasm","Nilry\u0027s Codex","Strawberry","Art of War","Mummified Hand","Runic Dome","Unceasing Top","Oddly Smooth Stone","Pen Nib","Whetstone","Akabeko"],"potions_floor_usage":[14,18,25,38,47,56],"damage_taken":[{"damage":0,"enemies":"Small Slimes","floor":1,"turns":1},{"damage":0,"enemies":"Cultist","floor":4,"turns":1},{"damage":0,"enemies":"Lagavulin","floor":6,"turns":1},{"damage":33,"enemies":"3 Sentries","floor":8,"turns":16},{"damage":5,"enemies":"Lagavulin","floor":10,"turns":7},{"damage":29,"enemies":"3 Sentries","floor":13,"turns":11},{"damage":11,"enemies":"3 Sentries","floor":14,"turns":6},{"damage":7,"enemies":"Hexaghost","floor":16,"turns":8},{"damage":6,"enemies":"Spheric Guardian","floor":18,"turns":3},{"damage":24,"enemies":"Shell Parasite","floor":19,"turns":3},{"damage":12,"enemies":"Cultist and Chosen","floor":24,"turns":9},{"damage":12,"enemies":"Gremlin Leader","floor":25,"turns":6},{"damage":29,"enemies":"Book of Stabbing","floor":27,"turns":5},{"damage":8,"enemies":"Snecko","floor":29,"turns":4},{"damage":6,"enemies":"Sentry and Sphere","floor":31,"turns":3},{"damage":6,"enemies":"Champ","floor":33,"turns":9},{"damage":6,"enemies":"3 Darklings","floor":35,"turns":6},{"damage":6,"enemies":"3 Shapes","floor":37,"turns":9},{"damage":12,"enemies":"2 Orb Walkers","floor":38,"turns":9},{"damage":12,"enemies":"Jaw Worm Horde","floor":41,"turns":4},{"damage":6,"enemies":"Giant Head","floor":42,"turns":4},{"damage":12,"enemies":"Nemesis","floor":44,"turns":19},{"damage":6,"enemies":"Sphere and 2 Shapes","floor":46,"turns":3},{"damage":16,"enemies":"Reptomancer","floor":47,"turns":9},{"damage":31,"enemies":"Spire Growth","floor":48,"turns":6},{"damage":31,"enemies":"Awakened One","floor":50,"turns":9},{"damage":5,"enemies":"Donu and Deca","floor":51,"turns":9},{"damage":6,"enemies":"Shield and Spear","floor":55,"turns":3},{"damage":54,"enemies":"The Heart","floor":56,"turns":8}],"green_key_taken_log":14,"seed_played":"-1535333184132058116","neow_bonus_log":{"cardsObtained":[],"cardsUpgraded":[],"cardsRemoved":[],"cardsTransformed":[],"relicsObtained":["NeowsBlessing"],"maxHpGained":0,"goldGained":0,"damageTaken":0,"goldLost":0,"maxHpLost":0},"potions_obtained":[{"floor":8,"key":"SpeedPotion"},{"floor":10,"key":"Strength Potion"},{"floor":14,"key":"BloodPotion"},{"floor":18,"key":"Block Potion"},{"floor":19,"key":"DistilledChaos"},{"floor":24,"key":"FairyPotion"},{"floor":33,"key":"Swift Potion"},{"floor":38,"key":"Fire Potion"},{"floor":48,"key":"PowerPotion"}],"is_trial":false,"path_per_floor":["M","?","?","M","$","E","R","E","T","E","?","$","?","E","R","B",null,"M","M","?","?","?","R","M","E","T","E","R","M","R","M","R","B",null,"M","?","M","?","$","R","M","E","T","E","R","M","E","M","R","B","B",null,"R","$","E","B",null],"character_chosen":"IRONCLAD","items_purchased":["Swift Strike","Medical Kit","Red Skull"],"campfire_rested":3,"item_purchase_floors":[5,12,12],"current_hp_per_floor":[74,67,67,73,73,75,75,48,48,49,49,49,26,21,21,20,61,75,57,57,57,36,73,67,68,68,45,45,43,43,43,43,43,72,72,72,72,66,66,66,60,60,60,54,54,54,44,19,58,33,34,70,82,82,82,34],"gold":31,"neow_bonus":"THREE_ENEMY_KILL","is_prod":false,"is_daily":false,"rewards_skipped":[{"floor":41,"relics":[],"potions":["PowerPotion"]}],"chose_seed":false,"campfire_upgraded":6,"win_rate":0,"floor_exit_playtime":[55,60,76,100,130,141,157,318,323,393,418,503,748,869,899,972,1130,1217,1360,1377,1452,1473,1480,1639,1784,1790,1994,2000,2065,2082,2157,2164,2294,2370,2486,2490,2613,2766,2796,2805,2907,2995,2998,3282,3288,3346,3600,3731,3737,3897,4062,4074,4094,4112,4188,4427],"timestamp":1664572100,"blue_key_relic_skipped_log":{"floor":43,"relicID":"Vajra"},"path_taken":["M","?","?","?","$","E","R","E","T","E","?","$","?","E","R","BOSS","M","M","?","?","?","R","M","E","T","E","R","M","R","M","R","BOSS","M","?","M","?","$","R","M","E","T","E","R","?","E","M","R","BOSS","BOSS","R","$","E","BOSS"],"build_version":"2022-03-07","purchased_purges":2,"victory":true,"max_hp_per_floor":[75,75,75,75,75,75,75,75,75,75,75,75,75,75,75,75,75,75,75,75,75,75,75,75,82,82,82,82,82,82,82,82,82,82,82,82,82,82,82,82,82,82,82,82,82,82,82,82,82,82,82,82,82,82,82,82],"relic_stats":{"Regal Pillow":30,"Happy Flower":[49],"counters":[29,191],"Nilry\u0027s Codex":[10,36,18,54],"The Courier":102,"Pen Nib":[6],"Whetstone":["Strike_R","Twin Strike"],"War Paint":["Defend_R","Defend_R"],"Medical Kit":[69],"Burning Blood":170,"Lizard Tail":0,"Mummified Hand":[53],"Bronze Scales":[520],"Ectoplasm":512,"Art of War":[39],"obtain_stats":[{"Regal Pillow":8,"NeowsBlessing":0,"Happy Flower":14,"Nilry\u0027s Codex":22,"Oddly Smooth Stone":42,"The Courier":9,"Pen Nib":44,"Whetstone":47,"War Paint":6,"Medical Kit":12,"Burning Blood":0,"Akabeko":55,"Runic Dome":34,"Lizard Tail":13,"Mummified Hand":27,"Bronze Scales":10,"Strawberry":25,"Ectoplasm":17,"Art of War":26,"Red Skull":12,"Unceasing Top":38},{"Regal Pillow":4,"NeowsBlessing":0,"Happy Flower":7,"Nilry\u0027s Codex":10,"Oddly Smooth Stone":21,"The Courier":4,"Pen Nib":22,"Whetstone":24,"War Paint":3,"Medical Kit":5,"Burning Blood":0,"Akabeko":28,"Runic Dome":16,"Lizard Tail":6,"Mummified Hand":13,"Bronze Scales":5,"Strawberry":12,"Ectoplasm":8,"Art of War":12,"Red Skull":5,"Unceasing Top":19},{"Regal Pillow":19,"NeowsBlessing":0,"Happy Flower":43,"Nilry\u0027s Codex":57,"Oddly Smooth Stone":125,"The Courier":19,"Pen Nib":144,"Whetstone":156,"War Paint":3,"Medical Kit":26,"Burning Blood":0,"Akabeko":183,"Runic Dome":93,"Lizard Tail":37,"Mummified Hand":77,"Bronze Scales":26,"Strawberry":72,"Ectoplasm":51,"Art of War":72,"Red Skull":26,"Unceasing Top":117}],"Unceasing Top":[52]},"card_choices":[{"not_picked":["Wild Strike","Headbutt"],"picked":"Armaments","floor":1},{"not_picked":["Iron Wave","Sentinel"],"picked":"Metallicize","floor":4},{"not_picked":["Clothesline","Sword Boomerang"],"picked":"Fiend Fire","floor":6},{"not_picked":["Havoc","Sentinel"],"picked":"Barricade","floor":8},{"not_picked":["Reckless Charge","Perfected Strike"],"picked":"Entrench","floor":10},{"not_picked":["Searing Blow","Clash"],"picked":"Body Slam","floor":13},{"not_picked":["Heavy Blade","Perfected Strike"],"picked":"Twin Strike","floor":14},{"not_picked":["Bludgeon","Barricade"],"picked":"Offering","floor":16},{"not_picked":["Warcry","Headbutt"],"picked":"Shrug It Off","floor":18},{"not_picked":["Clothesline","Intimidate","Clash"],"picked":"SKIP","floor":19},{"not_picked":["Clothesline","Shrug It Off","Intimidate","Feel No Pain","Carnage","Havoc","Warcry","Barricade","Cleave","Clash","Wild Strike","Sword Boomerang","True Grit","Evolve","Armaments","Bloodletting","Flex","Twin Strike","Uppercut"],"picked":"Battle Trance","floor":20},{"not_picked":["Flex","Heavy Blade","Thunderclap"],"picked":"SKIP","floor":24},{"not_picked":["Rage","Twin Strike","Pummel"],"picked":"SKIP","floor":25},{"not_picked":["Clash","Spot Weakness","Sentinel"],"picked":"SKIP","floor":27},{"not_picked":["Heavy Blade+1","Blood for Blood"],"picked":"Entrench","floor":29},{"not_picked":["Headbutt","Seeing Red"],"picked":"Second Wind","floor":31},{"not_picked":["Fiend Fire","Barricade"],"picked":"Exhume","floor":33},{"not_picked":["Clothesline","Havoc+1"],"picked":"Feel No Pain+1","floor":35},{"not_picked":["True Grit","Wild Strike","Ghostly Armor"],"picked":"SKIP","floor":37},{"not_picked":["Havoc","Metallicize","Clothesline"],"picked":"SKIP","floor":38},{"not_picked":["Wild Strike","Pummel"],"picked":"Shrug It Off","floor":41},{"not_picked":["Limit Break","Immolate","Clothesline"],"picked":"SKIP","floor":42},{"not_picked":["Fire Breathing","Uppercut+1"],"picked":"Shrug It Off","floor":44},{"not_picked":["Metallicize","Heavy Blade","Rage"],"picked":"SKIP","floor":46},{"not_picked":["Pummel","Cleave"],"picked":"Power Through+1","floor":47},{"not_picked":["Wild Strike","Intimidate+1"],"picked":"Corruption","floor":48},{"not_picked":["Sever Soul","Twin Strike","Thunderclap"],"picked":"SKIP","floor":55}],"player_experience":4036958,"relics_obtained":[{"floor":6,"key":"War Paint"},{"floor":8,"key":"Regal Pillow"},{"floor":9,"key":"The Courier"},{"floor":10,"key":"Bronze Scales"},{"floor":13,"key":"Lizard Tail"},{"floor":14,"key":"Happy Flower"},{"floor":22,"key":"Nilry\u0027s Codex"},{"floor":25,"key":"Strawberry"},{"floor":26,"key":"Art of War"},{"floor":27,"key":"Mummified Hand"},{"floor":38,"key":"Unceasing Top"},{"floor":42,"key":"Oddly Smooth Stone"},{"floor":44,"key":"Pen Nib"},{"floor":47,"key":"Whetstone"},{"floor":55,"key":"Akabeko"}],"event_choices":[{"cards_removed":["Strike_R"],"damage_healed":0,"gold_gain":0,"player_choice":"Card Removal","damage_taken":7,"max_hp_gain":0,"max_hp_loss":0,"event_name":"Golden Wing","floor":2,"gold_loss":0},{"cards_removed":["Strike_R"],"damage_healed":0,"gold_gain":0,"player_choice":"Card Removal","damage_taken":0,"max_hp_gain":0,"max_hp_loss":0,"event_name":"Wheel of Change","floor":3,"gold_loss":0},{"damage_healed":0,"gold_gain":150,"player_choice":"AGREE","damage_taken":0,"max_hp_gain":0,"max_hp_loss":0,"event_name":"Liars Game","floor":11,"gold_loss":0,"cards_obtained":["Doubt"]},{"damage_healed":0,"gold_gain":30,"player_choice":"Searched \u00273\u0027 times","damage_taken":0,"max_hp_gain":0,"max_hp_loss":0,"event_name":"Dead Adventurer","floor":13,"gold_loss":0},{"damage_healed":0,"gold_gain":0,"player_choice":"Read","damage_taken":0,"max_hp_gain":0,"max_hp_loss":0,"event_name":"The Library","floor":20,"gold_loss":0,"cards_obtained":["Battle Trance"]},{"cards_removed":["Strike_R"],"damage_healed":0,"gold_gain":0,"player_choice":"Gave Gold","damage_taken":0,"max_hp_gain":0,"max_hp_loss":0,"event_name":"Beggar","floor":21,"gold_loss":75},{"damage_healed":0,"gold_gain":0,"player_choice":"Obtained Book","damage_taken":21,"max_hp_gain":0,"max_hp_loss":0,"event_name":"Cursed Tome","floor":22,"gold_loss":0},{"cards_removed":["Swift Strike"],"damage_healed":0,"gold_gain":0,"player_choice":"Removed Attack","damage_taken":0,"max_hp_gain":0,"max_hp_loss":0,"event_name":"Falling","floor":36,"gold_loss":0},{"damage_healed":0,"gold_gain":0,"player_choice":"Fight","damage_taken":0,"max_hp_gain":0,"max_hp_loss":0,"event_name":"Mysterious Sphere","floor":38,"gold_loss":0}],"is_beta":false,"boss_relics":[{"not_picked":["Mark of Pain","Astrolabe"],"picked":"Ectoplasm"},{"not_picked":["Black Star","Runic Cube"],"picked":"Runic Dome"}],"items_purged_floors":[12,54],"is_endless":false,"potions_floor_spawned":[8,10,14,18,19,24,33,38,41,48],"ascension_level":20,"potion_discard_per_floor":[[],[],[],[],[],[],[],[],[],[],[],[],[],[],[],[],[],[],["SpeedPotion"],[],[],[],[],["Block Potion"],[],[],[],[],[],[],[],[],[],[],[],[],[],[],[],[],[],[],[],[],[],[],[],[],[],[],[],[],[],[],[],["FairyPotion"],[]]}