{"neow_bonuses_skipped_log":["TRANSFORM_CARD","TRANSFORM_TWO_CARDS","BOSS_RELIC"],"neow_costs_skipped_log":["NONE","CURSE","NONE"],"potions_obtained_entropic_brew":[[],[],[],[],[],[],[],[],[],[],[],[],[],[],[],[],[],[],[],[],[],[],[],[],[],[],[],[],[],[],[],[],[],[],[],[],[],[],[],[],[],[],[],[],[],[],[],[],[],[],[],[],[],[],[],[],[]],"gold_per_floor":[112,42,42,62,76,76,105,118,118,118,118,131,165,189,189,282,282,305,320,320,343,343,376,376,415,441,441,485,504,504,68,68,161,161,182,247,580,170,170,203,203,234,246,272,284,311,353,375,387,399,411,423,435,59,93,93],"floor_reached":57,"playtime":5059,"items_purged":["Strike_R","Strike_R","Strike_R"],"score":2966,"play_id":"5dbf7c76-0a5e-45eb-9088-3741eb191b73","local_time":"20221002172901","score_breakdown":["Floors Climbed (57): 285","Enemies Slain (14): 28","Exordium Elites Killed (2): 20","City Elites Killed (3): 60","Beyond Elites Killed (3): 90","Bosses Slain (5): 750","Money Money (1338): 25","Collector (1): 25","Champion (3): 75","Overkill: 25","Ascension (20): 1333","Heartbreaker: 250"],"is_ascension_mode":true,"potions_obtained_alchemize":[[],[],[],[],[],[],[],[],[],[],[],[],[],[],[],[],[],[],[],[],[],[],[],[],[],[],[],[],[],[],[],[],[],[],[],[],[],[],[],[],[],[],[],[],[],[],[],[],[],[],[],[],[],[],[],[],[]],"campfire_choices":[{"data":"Perfected Strike","floor":6,"key":"SMITH"},{"data":"Armaments","floor":10,"key":"SMITH"},{"data":"Perfected Strike","floor":15,"key":"SMITH"},{"floor":24,"key":"REST"},{"data":"Pommel Strike","floor":27,"key":"SMITH"},{"data":"Pommel Strike","floor":30,"key":"SMITH"},{"data":"Mayhem","floor":32,"key":"SMITH"},{"floor":41,"key":"RECALL"},{"data":"Perfected Strike","floor":45,"key":"SMITH"},{"data":"Feel No Pain","floor":49,"key":"SMITH"},{"data":"Impervious","floor":53,"key":"SMITH"}],"lesson_learned_per_floor":[[],[],[],[],[],[],[],[],[],[],[],[],[],[],[],[],[],[],[],[],[],[],[],[],[],[],[],[],[],[],[],[],[],[],[],[],[],[],[],[],[],[],[],[],[],[],[],[],[],[],[],[],[],[],[],[],[]],"neow_cost":"NONE","improvable_cards":{},"seed_source_timestamp":7585317066577,"shop_contents":[{"floor":3,"relics":["Question Card","CaptainsWheel","Toolbox"],"cards":["Pommel Strike","Sword Boomerang","Flex","Infernal Blade","Metallicize","Trip","The Bomb"],"potions":["Dexterity Potion","GamblersBrew","SkillPotion"]},{"floor":31,"relics":["Singing Bowl","Chemical X"],"cards":["Clothesline","Whirlwind","Infernal Blade","Warcry","Inflame","Jack Of All Trades"],"potions":["Regen Potion","Explosive Potion","BloodPotion"]},{"floor":38,"relics":["Gremlin Horn","Pantograph"],"cards":["Blood for Blood","Warcry","Rupture","Discovery","HandOfGreed"],"potions":["Energy Potion","FearPotion","SpeedPotion"]},{"floor":54,"relics":["Bottled Lightning","Strange Spoon"],"cards":["Immolate","Reaper","Havoc","Flex","Combust+1","Madness","Violence"],"potions":["PowerPotion","Weak Potion","Swift Potion"]}],"circlet_count":0,"master_deck":["AscendersBane","Strike_R","Strike_R+1","Defend_R","Defend_R","Defend_R","Defend_R","Bash+1","Uppercut","Shockwave","Perfected Strike+1","Double Tap","Armaments+1","Rampage","Bloodletting","Perfected Strike+1","Impervious+1","Pommel Strike+1","Power Through","Pommel Strike+1","Shockwave","Rage","Pommel Strike","Dark Embrace","Mayhem+1","Offering","Metallicize+1","Feel No Pain+1","Power Through","Perfected Strike+1","Dual Wield","Flame Barrier","Dual Wield+1","Perfected Strike+1"],"potion_use_per_floor":[[],[],[],[],[],[],[],[],[],[],[],[],[],[],[],[],[],[],[],[],[],[],["AttackPotion"],[],["Energy Potion"],[],[],[],[],[],[],[],[],[],[],[],[],[],[],[],[],[],[],[],[],[],[],[],[],[],[],[],[],[],[],["Ancient Potion","LiquidMemories"],[]],"relics":["Burning Blood","Omamori","FossilizedHelix","Unceasing Top","Magic Flower","Nunchaku","SlaversCollar","WarpedTongs","Meat on the Bone","Darkstone Periapt","HornCleat","Happy Flower","Pocketwatch","Whetstone","Snecko Eye","Dead Branch","Medical Kit","Red Skull","MawBank","Frozen Egg 2","StrikeDummy","Strawberry"],"potions_floor_usage":[23,25,56,56],"damage_taken":[{"damage":10,"enemies":"2 Louse","floor":1,"turns":3},{"damage":0,"enemies":"Cultist","floor":4,"turns":3},{"damage":4,"enemies":"Small Slimes","floor":5,"turns":4},{"damage":40,"enemies":"3 Sentries","floor":7,"turns":9},{"damage":9,"enemies":"Exordium Thugs","floor":8,"turns":6},{"damage":0,"enemies":"Large Slime","floor":12,"turns":4},{"damage":2,"enemies":"Lagavulin","floor":13,"turns":7},{"damage":0,"enemies":"Looter","floor":14,"turns":4},{"damage":52,"enemies":"Hexaghost","floor":16,"turns":9},{"damage":20,"enemies":"3 Byrds","floor":18,"turns":8},{"damage":14,"enemies":"Shell Parasite","floor":19,"turns":3},{"damage":12,"enemies":"Snake Plant","floor":21,"turns":4},{"damage":30,"enemies":"Gremlin Leader","floor":23,"turns":7},{"damage":7,"enemies":"Book of Stabbing","floor":25,"turns":3},{"damage":34,"enemies":"Gremlin Leader","floor":28,"turns":7},{"damage":0,"enemies":"Shelled Parasite and Fungi","floor":29,"turns":3},{"damage":11,"enemies":"Automaton","floor":33,"turns":10},{"damage":0,"enemies":"3 Darklings","floor":35,"turns":3},{"damage":0,"enemies":"2 Orb Walkers","floor":36,"turns":2},{"damage":12,"enemies":"Reptomancer","floor":40,"turns":2},{"damage":3,"enemies":"Nemesis","floor":42,"turns":7},{"damage":0,"enemies":"Orb Walker","floor":44,"turns":3},{"damage":10,"enemies":"3 Darklings","floor":46,"turns":6},{"damage":0,"enemies":"Giant Head","floor":47,"turns":6},{"damage":7,"enemies":"Sphere and 2 Shapes","floor":48,"turns":9},{"damage":36,"enemies":"Donu and Deca","floor":50,"turns":9},{"damage":44,"enemies":"Awakened One","floor":51,"turns":15},{"damage":3,"enemies":"Shield and Spear","floor":55,"turns":6},{"damage":74,"enemies":"The Heart","floor":56,"turns":11}],"green_key_taken_log":47,"seed_played":"-2088635167719117928","neow_bonus_log":{"cardsObtained":[],"cardsUpgraded":[],"cardsRemoved":[],"cardsTransformed":[],"relicsObtained":["Omamori"],"maxHpGained":0,"goldGained":0,"damageTaken":0,"goldLost":0,"maxHpLost":0},"potions_obtained":[{"floor":7,"key":"AttackPotion"},{"floor":8,"key":"SkillPotion"},{"floor":16,"key":"Energy Potion"},{"floor":29,"key":"Explosive Potion"},{"floor":33,"key":"HeartOfIron"},{"floor":46,"key":"LiquidMemories"},{"floor":48,"key":"Ancient Potion"}],"is_trial":false,"path_per_floor":["M","?","$","M","M","R","E","M","T","R","?","M","E","M","R","B",null,"M","M","?","M","T","E","R","E","T","R","E","M","R","$","R","B",null,"M","?","?","$","?","E","R","E","T","M","R","M","E","M","R","B","B",null,"R","$","E","B",null],"character_chosen":"IRONCLAD","items_purchased":["Mayhem","Whetstone","Medical Kit","Power Through","Perfected Strike","StrikeDummy"],"campfire_rested":1,"item_purchase_floors":[31,31,38,38,38,54],"current_hp_per_floor":[64,64,64,70,72,72,38,35,35,35,35,44,51,60,60,17,55,44,39,39,36,36,33,53,55,55,55,48,57,57,57,57,55,65,68,68,68,68,58,55,55,61,61,68,68,67,68,68,68,59,42,62,62,62,75,28],"gold":93,"neow_bonus":"RANDOM_COMMON_RELIC","is_prod":false,"is_daily":false,"rewards_skipped":[{"floor":13,"relics":[],"potions":["Fire Potion"]},{"floor":18,"relics":[],"potions":["Swift Potion"]},{"floor":36,"relics":[],"potions":["Strength Potion"]},{"floor":47,"relics":[],"potions":["CultistPotion"]}],"chose_seed":false,"campfire_upgraded":9,"win_rate":0,"floor_exit_playtime":[270,295,328,365,422,454,614,702,705,713,730,817,924,980,1020,1162,1260,1476,1558,1564,1653,1667,1863,1877,1962,1967,1977,2114,2180,2190,2264,2284,2490,2670,2789,2860,2866,2926,2947,3104,3109,3292,3295,3376,3386,3561,3704,3898,3909,4198,4482,4496,4522,4572,4733,5059],"timestamp":1664746141,"blue_key_relic_skipped_log":{"floor":43,"relicID":"Centennial Puzzle"},"path_taken":["M","?","?","M","M","R","E","M","T","R","?","M","E","M","R","BOSS","M","M","?","?","?","E","R","E","T","R","E","M","R","$","R","BOSS","M","?","?","$","?","E","R","E","T","?","R","?","E","M","R","BOSS","BOSS","R","$","E","BOSS"],"build_version":"2022-03-07","purchased_purges":3,"victory":true,"max_hp_per_floor":[75,75,75,75,75,75,75,75,75,75,68,68,68,68,68,68,68,68,68,68,68,68,68,68,68,68,68,68,68,68,68,68,68,68,68,68,68,68,68,68,68,68,68,68,68,68,68,68,68,68,68,68,68,68,75,75],"relic_stats":{"Darkstone Periapt":0,"Happy Flower":[33],"counters":[29,173],"Dead Branch":[113],"Magic Flower":[89],"Omamori":1,"Whetstone":["Strike_R","Bash"],"Medical Kit":[63],"MawBank":144,"Burning Blood":219,"WarpedTongs":[112],"Nunchaku":[28],"Snecko Eye":[191,168,168,175,-195],"obtain_stats":[{"Darkstone Periapt":23,"Happy Flower":26,"Golden Idol":11,"Dead Branch":36,"Magic Flower":9,"Omamori":0,"Whetstone":31,"Frozen Egg 2":47,"Medical Kit":38,"MawBank":42,"Burning Blood":0,"WarpedTongs":20,"SlaversCollar":17,"Nunchaku":13,"HornCleat":25,"Strawberry":55,"Snecko Eye":34,"StrikeDummy":54,"FossilizedHelix":2,"Unceasing Top":7,"Red Skull":40,"Meat on the Bone":22,"Pocketwatch":28},{"Darkstone Periapt":13,"Happy Flower":14,"Golden Idol":5,"Dead Branch":19,"Magic Flower":5,"Omamori":0,"Whetstone":16,"Frozen Egg 2":24,"Medical Kit":19,"MawBank":21,"Burning Blood":0,"WarpedTongs":11,"SlaversCollar":9,"Nunchaku":7,"HornCleat":14,"Strawberry":28,"Snecko Eye":17,"StrikeDummy":27,"FossilizedHelix":1,"Unceasing Top":4,"Red Skull":20,"Meat on the Bone":12,"Pocketwatch":15},{"Darkstone Periapt":71,"Happy Flower":74,"Golden Idol":25,"Dead Branch":99,"Magic Flower":25,"Omamori":0,"Whetstone":84,"Frozen Egg 2":123,"Medical Kit":99,"MawBank":108,"Burning Blood":0,"WarpedTongs":60,"SlaversCollar":49,"Nunchaku":36,"HornCleat":74,"Strawberry":162,"Snecko Eye":94,"StrikeDummy":156,"FossilizedHelix":3,"Unceasing Top":19,"Red Skull":101,"Meat on the Bone":64,"Pocketwatch":81}],"FossilizedHelix":[199],"Unceasing Top":[1],"Meat on the Bone":90,"Pocketwatch":[92]},"card_choices":[{"not_picked":["Cleave","Perfected Strike"],"picked":"Uppercut","floor":1},{"not_picked":["Heavy Blade","Wild Strike"],"picked":"Shockwave","floor":4},{"not_picked":["Clash","Headbutt"],"picked":"Perfected Strike","floor":5},{"not_picked":["Brutality","Wild Strike"],"picked":"Double Tap","floor":7},{"not_picked":["Clash","True Grit"],"picked":"Armaments","floor":8},{"not_picked":["Hemokinesis","Uppercut"],"picked":"Rampage","floor":12},{"not_picked":["True Grit","Power Through"],"picked":"Bloodletting","floor":13},{"not_picked":["Anger","Shrug It Off"],"picked":"Perfected Strike","floor":14},{"not_picked":["Demon Form","Brutality"],"picked":"Impervious","floor":16},{"not_picked":["Wild Strike","Flex+1"],"picked":"Pommel Strike","floor":18},{"not_picked":["Thunderclap","Shrug It Off"],"picked":"Power Through","floor":19},{"not_picked":["Rampage","Shrug It Off"],"picked":"Pommel Strike","floor":21},{"not_picked":["Inflame","True Grit"],"picked":"Shockwave","floor":23},{"not_picked":["Dual Wield","Iron Wave"],"picked":"Rage","floor":25},{"not_picked":["Body Slam","Shrug It Off"],"picked":"Pommel Strike","floor":28},{"not_picked":["Heavy Blade","Rampage"],"picked":"Dark Embrace","floor":29},{"not_picked":["Brutality","Bludgeon"],"picked":"Offering","floor":33},{"not_picked":["Twin Strike","Bloodletting"],"picked":"Metallicize+1","floor":35},{"not_picked":["Dropkick","Havoc"],"picked":"Feel No Pain","floor":36},{"not_picked":["Body Slam","Clash"],"picked":"Dual Wield","floor":40},{"not_picked":["Clothesline","Iron Wave"],"picked":"Flame Barrier","floor":42},{"not_picked":["Pummel","Twin Strike"],"picked":"Dual Wield+1","floor":44},{"not_picked":["Juggernaut","Dual Wield+1"],"picked":"Perfected Strike+1","floor":46},{"not_picked":["Uppercut","Flex","Inflame+1"],"picked":"SKIP","floor":47},{"not_picked":["Anger","Combust+1","Reckless Charge+1"],"picked":"SKIP","floor":48},{"not_picked":["Armaments","Shrug It Off","Iron Wave"],"picked":"SKIP","floor":55}],"player_experience":4048558,"relics_obtained":[{"floor":7,"key":"Unceasing Top"},{"floor":9,"key":"Magic Flower"},{"floor":13,"key":"Nunchaku"},{"floor":22,"key":"Meat on the Bone"},{"floor":23,"key":"Darkstone Periapt"},{"floor":25,"key":"HornCleat"},{"floor":26,"key":"Happy Flower"},{"floor":28,"key":"Pocketwatch"},{"floor":36,"key":"Dead Branch"},{"floor":40,"key":"Red Skull"},{"floor":42,"key":"MawBank"},{"floor":47,"key":"Frozen Egg 2"},{"floor":55,"key":"Strawberry"}],"event_choices":[{"damage_healed":0,"gold_gain":0,"player_choice":"Paid Gold","damage_taken":0,"relics_obtained":["FossilizedHelix"],"max_hp_gain":0,"max_hp_loss":0,"event_name":"WeMeetAgain","floor":2,"gold_loss":70},{"damage_healed":0,"gold_gain":0,"player_choice":"Lose Max HP","damage_taken":0,"relics_obtained":["Golden Idol"],"max_hp_gain":0,"max_hp_loss":7,"event_name":"Golden Idol","floor":11,"gold_loss":0},{"damage_healed":0,"gold_gain":0,"player_choice":"Rummage","damage_taken":0,"relics_obtained":["WarpedTongs"],"max_hp_gain":0,"max_hp_loss":0,"event_name":"Accursed Blacksmith","floor":20,"gold_loss":0,"cards_obtained":["Pain"]},{"damage_healed":0,"gold_gain":0,"player_choice":"Fight","damage_taken":0,"max_hp_gain":0,"max_hp_loss":0,"event_name":"Mysterious Sphere","floor":36,"gold_loss":0},{"damage_healed":0,"gold_gain":333,"player_choice":"Gave Idol","damage_taken":0,"max_hp_gain":0,"max_hp_loss":0,"event_name":"The Moai Head","floor":37,"relics_lost":["Golden Idol"],"gold_loss":0},{"damage_healed":0,"gold_gain":0,"player_choice":"Damaged","damage_taken":10,"max_hp_gain":0,"max_hp_loss":0,"event_name":"Wheel of Change","floor":39,"gold_loss":0}],"is_beta":false,"boss_relics":[{"not_picked":["Tiny House","Busted Crown"],"picked":"SlaversCollar"},{"not_picked":["Cursed Key","Runic Pyramid"],"picked":"Snecko Eye"}],"items_purged_floors":[31,38,54],"is_endless":false,"potions_floor_spawned":[7,8,13,16,18,29,33,36,46,47,48],"ascension_level":20,"potion_discard_per_floor":[[],[],[],[],[],[],[],[],[],[],[],[],[],[],[],["SkillPotion"],[],[],[],[],[],[],[],[],[],[],[],[],[],[],[],[],[],[],[],[],[],[],[],[],[],[],[],[],[],["Explosive Potion"],[],["HeartOfIron"],[],[],[],[],[],[],[],[],[]]}