{"neow_bonuses_skipped_log":["REMOVE_CARD","RANDOM_COMMON_RELIC","BOSS_RELIC"],"neow_costs_skipped_log":["NONE","NONE","NONE"],"potions_obtained_entropic_brew":[[],[],[],[],[],[],[],[],[],[],[],[],[],[],[],[],[],[],[],[],[],[],[],[],[],[],[],[],[],[],[],[],[],[],[],[],[],[],[],[],[],[],[],[],[],[],[],[],[],[],[]],"gold_per_floor":[115,127,127,147,163,163,198,198,198,198,228,244,2,32,32,103,103,118,34,34,50,70,102,102,113,191,205,230,89,99,116,116,193,193,213,213,213,230,1229,1257,1147,1166,1193,1193,655,671,671,703,703,703,703],"floor_reached":51,"playtime":6877,"items_purged":["Strike_R","Strike_R","Headbutt"],"score":1534,"play_id":"22b9a7a9-f22d-49da-a751-687b12de8d5b","local_time":"20220925160321","score_breakdown":["Floors Climbed (51): 255","Enemies Slain (16): 32","Exordium Elites Killed (3): 30","City Elites Killed (2): 40","Beyond Elites Killed (2): 60","Bosses Slain (3): 300","Money Money (1759): 25","Well Fed: 25","Champion (1): 25","Ascension (20): 742"],"is_ascension_mode":true,"potions_obtained_alchemize":[[],[],[],[],[],[],[],[],[],[],[],[],[],[],[],[],[],[],[],[],[],[],[],[],[],[],[],[],[],[],[],[],[],[],[],[],[],[],[],[],[],[],[],[],[],[],[],[],[],[],[]],"campfire_choices":[{"data":"Twin Strike","floor":6,"key":"SMITH"},{"data":"Whirlwind","floor":8,"key":"SMITH"},{"floor":10,"key":"REST"},{"data":"Blood for Blood","floor":15,"key":"SMITH"},{"data":"Armaments","floor":24,"key":"SMITH"},{"floor":32,"key":"REST"},{"floor":44,"key":"RECALL"},{"data":"Apotheosis","floor":47,"key":"SMITH"},{"data":"Twin Strike+1","floor":49,"key":"PURGE"}],"lesson_learned_per_floor":[[],[],[],[],[],[],[],[],[],[],[],[],[],[],[],[],[],[],[],[],[],[],[],[],[],[],[],[],[],[],[],[],[],[],[],[],[],[],[],[],[],[],[],[],[],[],[],[],[],[],[]],"neow_cost":"TEN_PERCENT_HP_LOSS","improvable_cards":{},"seed_source_timestamp":5038398955889,"shop_contents":[{"floor":13,"relics":["Torii","Lee\u0027s Waffle"],"cards":["Heavy Blade","Sword Boomerang","Entrench","Sentinel","Rupture","Impatience","Mayhem"],"potions":["Weak Potion","ElixirPotion","Fire Potion"]},{"floor":19,"relics":["Bag of Preparation","Bottled Flame","Medical Kit"],"cards":["Hemokinesis","Thunderclap","Burning Pact","Bloodletting","Swift Strike","Panache"],"potions":["FearPotion","GamblersBrew","Block Potion"]},{"floor":29,"relics":["Magic Flower","Tiny Chest","PrismaticShard"],"cards":["Reckless Charge","Pommel Strike","Armaments","Inflame","Bandage Up","Secret Technique"],"potions":["SteroidPotion","Strength Potion","SteroidPotion"]},{"floor":45,"relics":[],"cards":["Clothesline","Sword Boomerang","Double Tap","Entrench","Metallicize","Swift Strike"],"potions":["Dexterity Potion","SteroidPotion"]}],"circlet_count":0,"master_deck":["AscendersBane","Defend_R","Defend_R","Defend_R","Bash+1","Second Wind","Whirlwind+1","Blood for Blood+1","Spot Weakness","Iron Wave+1","Feed","Feel No Pain+1","Armaments+1","Shrug It Off","Dropkick+1","Rage","Burning Pact","Power Through","Corruption","Spot Weakness+1","Dual Wield","Burning Pact","Shrug It Off","Apotheosis+1","Shockwave+1"],"potion_use_per_floor":[[],[],[],[],[],[],[],[],[],[],[],[],[],[],[],["LiquidBronze"],[],[],[],[],["Explosive Potion"],["LiquidMemories"],[],[],[],[],[],["EssenceOfSteel"],[],[],[],[],["LiquidMemories"],[],[],[],[],[],[],[],[],["FairyPotion"],[],[],[],[],[],[],[],[],["ElixirPotion","DuplicationPotion"]],"relics":["Burning Blood","Lizard Tail","Incense Burner","Du-Vu Doll","Lantern","Matryoshka","Empty Cage","Dream Catcher","Omamori","Peace Pipe","Coffee Dripper","Gremlin Horn","Whetstone","Centennial Puzzle","Boot","Membership Card","PreservedInsect","Art of War","Shuriken"],"potions_floor_usage":[16,21,22,28,33,51,51],"damage_taken":[{"damage":12,"enemies":"Jaw Worm","floor":1,"turns":2},{"damage":1,"enemies":"Cultist","floor":2,"turns":3},{"damage":5,"enemies":"Small Slimes","floor":4,"turns":3},{"damage":13,"enemies":"Red Slaver","floor":5,"turns":3},{"damage":44,"enemies":"Lagavulin","floor":7,"turns":5},{"damage":26,"enemies":"Gremlin Nob","floor":11,"turns":4},{"damage":7,"enemies":"Looter","floor":12,"turns":3},{"damage":11,"enemies":"Lagavulin","floor":14,"turns":7},{"damage":12,"enemies":"Hexaghost","floor":16,"turns":6},{"damage":9,"enemies":"Chosen","floor":18,"turns":5},{"damage":8,"enemies":"3 Byrds","floor":21,"turns":4},{"damage":4,"enemies":"Centurion and Healer","floor":22,"turns":6},{"damage":21,"enemies":"Slavers","floor":23,"turns":6},{"damage":27,"enemies":"Snake Plant","floor":25,"turns":5},{"damage":15,"enemies":"3 Cultists","floor":27,"turns":5},{"damage":11,"enemies":"Gremlin Leader","floor":28,"turns":5},{"damage":24,"enemies":"Shelled Parasite and Fungi","floor":30,"turns":7},{"damage":31,"enemies":"Cultist and Chosen","floor":31,"turns":9},{"damage":23,"enemies":"Automaton","floor":33,"turns":14},{"damage":12,"enemies":"3 Shapes","floor":35,"turns":10},{"damage":23,"enemies":"Orb Walker","floor":38,"turns":5},{"damage":33,"enemies":"Reptomancer","floor":40,"turns":9},{"damage":21,"enemies":"3 Darklings","floor":42,"turns":7},{"damage":0,"enemies":"4 Shapes","floor":46,"turns":7},{"damage":0,"enemies":"Giant Head","floor":48,"turns":4},{"damage":38,"enemies":"Awakened One","floor":50,"turns":9},{"damage":34,"enemies":"Time Eater","floor":51,"turns":10}],"green_key_taken_log":7,"seed_played":"4513250924795546329","neow_bonus_log":{"cardsObtained":["Sword Boomerang","Headbutt"],"cardsUpgraded":[],"cardsRemoved":[],"cardsTransformed":["Strike_R","Defend_R"],"relicsObtained":[],"maxHpGained":0,"goldGained":0,"damageTaken":0,"goldLost":0,"maxHpLost":7},"potions_obtained":[{"floor":4,"key":"LiquidBronze"},{"floor":11,"key":"Energy Potion"},{"floor":14,"key":"Explosive Potion"},{"floor":20,"key":"LiquidMemories"},{"floor":21,"key":"LiquidMemories"},{"floor":25,"key":"EssenceOfSteel"},{"floor":28,"key":"SteroidPotion"},{"floor":33,"key":"FairyPotion"},{"floor":48,"key":"ElixirPotion"}],"is_trial":false,"path_per_floor":["M","M","?","M","M","R","E","R","T","R","E","M","$","E","R","B",null,"M","$","?","M","M","E","R","M","T","M","E","$","M","M","R","B",null,"M","T","?","M","?","E","?","M","T","R","$","M","R","E","R","B","B"],"character_chosen":"IRONCLAD","items_purchased":["Lantern","Feel No Pain","Burning Pact","Membership Card","PreservedInsect","Art of War","Apotheosis","DuplicationPotion"],"campfire_rested":2,"item_purchase_floors":[13,19,29,45,45,45,45,45],"current_hp_per_floor":[62,67,67,68,61,61,23,23,23,43,23,22,22,17,17,11,54,51,51,51,52,57,42,42,21,21,15,10,10,33,8,31,17,64,61,61,61,44,44,21,21,36,36,36,36,45,45,55,55,27,0],"gold":703,"neow_bonus":"TRANSFORM_TWO_CARDS","is_prod":false,"is_daily":false,"rewards_skipped":[{"floor":20,"relics":[],"potions":["Swift Potion"]},{"floor":30,"relics":[],"potions":["Block Potion"]},{"floor":31,"relics":[],"potions":["ElixirPotion"]},{"floor":35,"relics":[],"potions":["Fire Potion"]},{"floor":38,"relics":[],"potions":["Energy Potion"]}],"chose_seed":false,"campfire_upgraded":5,"win_rate":0,"floor_exit_playtime":[176,230,238,328,689,714,1014,1022,1033,1037,1171,1278,1533,1781,1788,1899,2178,2263,2434,2459,2791,2915,3086,3092,3245,3291,3441,3822,3897,4391,4609,4624,4933,4991,5189,5194,5210,5290,5324,5491,5512,5764,5772,5777,5803,5906,5965,6077,6108,6415],"timestamp":1664136201,"blue_key_relic_skipped_log":{"floor":26,"relicID":"Bottled Lightning"},"path_taken":["M","M","?","?","M","R","E","R","T","R","E","?","$","E","R","BOSS","M","$","?","M","?","E","R","M","T","M","E","$","M","M","R","BOSS","M","?","?","?","?","E","?","?","T","R","$","M","R","E","R","BOSS","BOSS"],"build_version":"2022-03-07","purchased_purges":3,"victory":false,"max_hp_per_floor":[68,68,68,68,68,68,68,68,68,68,68,68,68,68,68,68,68,68,68,68,71,74,74,74,74,74,77,77,77,77,77,77,80,80,83,83,83,83,83,87,87,91,91,91,91,94,94,98,98,102,102],"relic_stats":{"Gremlin Horn":[18,18],"counters":[27,163],"PreservedInsect":130,"Omamori":2,"Whetstone":["Iron Wave","Dropkick"],"Boot":[0],"Burning Blood":156,"Peace Pipe":2,"Lizard Tail":38,"Dream Catcher":1,"Centennial Puzzle":[9],"Matryoshka":2,"Shuriken":[10],"Art of War":[11],"Membership Card":365,"obtain_stats":[{"Lantern":13,"Gremlin Horn":36,"PreservedInsect":45,"Incense Burner":9,"Omamori":26,"Whetstone":36,"Empty Cage":17,"Boot":43,"Burning Blood":0,"Du-Vu Doll":11,"Peace Pipe":28,"Lizard Tail":7,"Dream Catcher":23,"Centennial Puzzle":40,"Matryoshka":14,"Shuriken":48,"Coffee Dripper":34,"Art of War":45,"Membership Card":45},{"Lantern":7,"Gremlin Horn":20,"PreservedInsect":23,"Incense Burner":5,"Omamori":14,"Whetstone":20,"Empty Cage":9,"Boot":23,"Burning Blood":0,"Du-Vu Doll":6,"Peace Pipe":16,"Lizard Tail":5,"Dream Catcher":13,"Centennial Puzzle":22,"Matryoshka":8,"Shuriken":25,"Coffee Dripper":19,"Art of War":23,"Membership Card":23},{"Lantern":23,"Gremlin Horn":112,"PreservedInsect":133,"Incense Burner":16,"Omamori":62,"Whetstone":112,"Empty Cage":36,"Boot":133,"Burning Blood":0,"Du-Vu Doll":20,"Peace Pipe":72,"Lizard Tail":16,"Dream Catcher":57,"Centennial Puzzle":126,"Matryoshka":30,"Shuriken":144,"Coffee Dripper":102,"Art of War":133,"Membership Card":133}]},"card_choices":[{"not_picked":["Burning Pact","Seeing Red"],"picked":"Twin Strike","floor":1},{"not_picked":["Headbutt","Seeing Red","Havoc"],"picked":"SKIP","floor":2},{"not_picked":["Warcry","Body Slam","Wild Strike"],"picked":"SKIP","floor":4},{"not_picked":["Warcry","Body Slam","Wild Strike"],"picked":"SKIP","floor":4},{"not_picked":["Clash","Warcry"],"picked":"Second Wind","floor":5},{"not_picked":["Bludgeon","Headbutt"],"picked":"Whirlwind","floor":7},{"not_picked":["Searing Blow","Warcry"],"picked":"Blood for Blood","floor":11},{"not_picked":["Twin Strike","Uppercut"],"picked":"Spot Weakness","floor":12},{"not_picked":["Searing Blow","Cleave"],"picked":"Iron Wave","floor":14},{"not_picked":["Juggernaut","Barricade"],"picked":"Feed","floor":16},{"not_picked":["Whirlwind","Havoc","Wild Strike"],"picked":"SKIP","floor":18},{"not_picked":["Headbutt+1","Clash+1"],"picked":"Armaments","floor":21},{"not_picked":["Pommel Strike","Infernal Blade"],"picked":"Shrug It Off","floor":22},{"not_picked":["Anger","Inflame","Rampage+1"],"picked":"SKIP","floor":23},{"not_picked":["Bloodletting","Sword Boomerang"],"picked":"Dropkick","floor":25},{"not_picked":["Wild Strike","Iron Wave","Thunderclap"],"picked":"SKIP","floor":27},{"not_picked":["Barricade","Shrug It Off"],"picked":"Rage","floor":28},{"not_picked":["Perfected Strike","Rupture+1","Wild Strike+1"],"picked":"SKIP","floor":30},{"not_picked":["Perfected Strike","Cleave","Clash"],"picked":"SKIP","floor":31},{"not_picked":["Iron Wave","Disarm"],"picked":"Power Through","floor":32},{"not_picked":["Limit Break","Immolate"],"picked":"Corruption","floor":33},{"not_picked":["Wild Strike","Body Slam"],"picked":"Spot Weakness+1","floor":35},{"not_picked":["Pommel Strike","Iron Wave"],"picked":"Dual Wield","floor":38},{"not_picked":["Heavy Blade","Juggernaut"],"picked":"Burning Pact","floor":40},{"not_picked":["Anger","True Grit"],"picked":"Shrug It Off","floor":42},{"not_picked":["Pommel Strike","Whirlwind","Dual Wield"],"picked":"SKIP","floor":46},{"not_picked":["Pommel Strike","Whirlwind","Dual Wield"],"picked":"SKIP","floor":46},{"not_picked":["Shrug It Off","Combust"],"picked":"Shockwave+1","floor":48}],"player_experience":4003076,"relics_obtained":[{"floor":7,"key":"Lizard Tail"},{"floor":9,"key":"Incense Burner"},{"floor":11,"key":"Du-Vu Doll"},{"floor":14,"key":"Matryoshka"},{"floor":23,"key":"Dream Catcher"},{"floor":26,"key":"Omamori"},{"floor":28,"key":"Peace Pipe"},{"floor":36,"key":"Gremlin Horn"},{"floor":36,"key":"Whetstone"},{"floor":40,"key":"Centennial Puzzle"},{"floor":43,"key":"Boot"},{"floor":48,"key":"Shuriken"}],"event_choices":[{"damage_healed":0,"gold_gain":0,"player_choice":"Upgraded","damage_taken":0,"max_hp_gain":0,"max_hp_loss":0,"event_name":"Upgrade Shrine","floor":3,"gold_loss":0,"cards_upgraded":["Bash"]},{"damage_healed":0,"gold_gain":0,"player_choice":"Got Potions","damage_taken":0,"max_hp_gain":0,"max_hp_loss":0,"event_name":"Lab","floor":20,"gold_loss":0},{"damage_healed":0,"gold_gain":0,"player_choice":"0 cards matched","damage_taken":0,"max_hp_gain":0,"max_hp_loss":0,"event_name":"Match and Keep!","floor":37,"gold_loss":0,"cards_obtained":[]},{"damage_healed":0,"gold_gain":999,"player_choice":"Gold","damage_taken":0,"max_hp_gain":0,"max_hp_loss":0,"event_name":"MindBloom","floor":39,"gold_loss":0,"cards_obtained":["Normality","Normality"]},{"cards_removed":["Sword Boomerang"],"damage_healed":0,"gold_gain":0,"player_choice":"Upgrade and Remove","damage_taken":0,"max_hp_gain":0,"max_hp_loss":0,"event_name":"Designer","floor":41,"gold_loss":110,"cards_upgraded":["Feel No Pain"]}],"is_beta":false,"boss_relics":[{"not_picked":["Busted Crown","Runic Cube"],"picked":"Empty Cage"},{"not_picked":["Pandora\u0027s Box","Philosopher\u0027s Stone"],"picked":"Coffee Dripper"}],"items_purged_floors":[13,29,45],"is_endless":false,"potions_floor_spawned":[4,11,14,21,25,28,30,31,33,35,38,48],"killed_by":"Time Eater","ascension_level":20,"potion_discard_per_floor":[[],[],[],[],[],[],[],[],[],[],[],[],[],["Energy Potion"],[],[],[],[],[],[],[],[],[],[],[],[],[],[],[],[],[],[],[],[],[],[],[],[],[],[],[],[],[],[],[],[],[],["SteroidPotion"],[],[],[]]}