{"neow_bonuses_skipped_log":["TEN_PERCENT_HP_BONUS"],"neow_costs_skipped_log":["NONE"],"potions_obtained_entropic_brew":[[],[],[],[],[],[],[],[],[],[],[],[],["Fire Potion","Regen Potion","SteroidPotion","EntropicBrew"],[],[],[],[],[],[],[],[],[],[],[],[],[],[],["SmokeBomb","SteroidPotion","FearPotion","LiquidMemories"],[],[],[],[],[],[],[],[],[],[],[],[],[],[],[],[],[],[],[],[],[],[],[],[],[],[],[],[],[]],"gold_per_floor":[113,113,113,71,82,412,34,62,62,62,82,157,190,204,204,276,276,287,287,302,302,314,314,342,416,493,29,59,78,106,106,106,183,183,202,216,92,103,378,413,413,433,433,445,460,485,512,531,531,531,531,531,531,27,55,55],"floor_reached":57,"playtime":4548,"items_purged":["Strike_R"],"score":3005,"play_id":"44160f63-48d4-4521-88a1-5b7195bbfbab","local_time":"20221012212852","score_breakdown":["Floors Climbed (57): 285","Enemies Slain (15): 30","Exordium Elites Killed (3): 30","City Elites Killed (3): 60","Beyond Elites Killed (2): 60","Bosses Slain (5): 750","Money Money (1468): 25","Champion (3): 75","Perfect (1): 50","C-c-c-combo: 25","Ascension (20): 1365","Heartbreaker: 250"],"is_ascension_mode":true,"potions_obtained_alchemize":[[],[],[],[],[],[],[],[],[],[],[],[],[],[],[],[],[],[],[],[],[],[],[],[],[],[],[],[],[],[],[],[],[],[],[],[],[],[],[],[],[],[],[],[],[],[],[],[],[],[],[],[],[],[],[],[],[]],"campfire_choices":[{"data":"Blood for Blood","floor":10,"key":"SMITH"},{"data":"Bash","floor":15,"key":"SMITH"},{"floor":23,"key":"REST"},{"floor":32,"key":"REST"},{"floor":41,"key":"RECALL"},{"floor":49,"key":"REST"},{"floor":53,"key":"REST"}],"lesson_learned_per_floor":[[],[],[],[],[],[],[],[],[],[],[],[],[],[],[],[],[],[],[],[],[],[],[],[],[],[],[],[],[],[],[],[],[],[],[],[],[],[],[],[],[],[],[],[],[],[],[],[],[],[],[],[],[],[],[],[],[]],"neow_cost":"NONE","improvable_cards":{},"seed_source_timestamp":13786741042836,"shop_contents":[{"floor":4,"relics":["Bronze Scales","MealTicket","Brimstone"],"cards":["Rampage","Flex","Bloodletting","Dark Embrace","Dramatic Entrance","Sadistic Nature"],"potions":["SteroidPotion","LiquidMemories","SkillPotion"]},{"floor":7,"relics":["Regal Pillow","TheAbacus"],"cards":["Searing Blow","True Grit","Metallicize","Good Instincts","Metamorphosis"],"potions":["Dexterity Potion","Ancient Potion","Energy Potion"]},{"floor":27,"relics":["CeramicFish","Frozen Eye"],"cards":["Wild Strike","Sword Boomerang","True Grit","Double Tap","Rupture","Jack Of All Trades"],"potions":["AttackPotion","DistilledChaos","BlessingOfTheForge"]},{"floor":37,"relics":["Matryoshka","Shovel","Chemical X"],"cards":["Heavy Blade","Searing Blow","True Grit","Enlightenment","Metamorphosis"],"potions":["Weak Potion","Dexterity Potion","DistilledChaos"]},{"floor":54,"relics":["Art of War"],"cards":["Pummel","Headbutt","Armaments","Power Through","Inflame","Dramatic Entrance"],"potions":["AttackPotion","Fruit Juice","ElixirPotion"]}],"circlet_count":0,"master_deck":["AscendersBane","Defend_R","Defend_R","Defend_R","Defend_R","Bash+1","Twin Strike","Hemokinesis","Blood for Blood+1","Spot Weakness","Iron Wave","Power Through","Blood for Blood","Corruption","Seeing Red","Sentinel","Panache","Offering","Dual Wield+1","Dark Embrace","Clothesline+1","Feel No Pain","Spot Weakness","Sentinel+1","Disarm","True Grit+1","Dark Embrace+1","Warcry","Warcry+1","Seeing Red+1","Rage","Apotheosis"],"potion_use_per_floor":[[],[],[],[],[],[],[],[],[],[],[],[],["PowerPotion","EntropicBrew","SteroidPotion","Fire Potion"],[],[],[],[],["Energy Potion"],[],[],[],["Regen Potion"],[],["Dexterity Potion"],[],[],[],["BloodPotion","EntropicBrew","FearPotion"],[],[],[],[],[],[],[],[],[],[],[],[],[],[],[],[],[],[],[],[],[],["Block Potion"],[],[],[],[],[],["LiquidMemories","SteroidPotion","SteroidPotion"],[]],"relics":["Burning Blood","NeowsBlessing","Kunai","Old Coin","Vajra","Potion Belt","Akabeko","Omamori","Fusion Hammer","Dream Catcher","Mummified Hand","HornCleat","Bottled Tornado","Pen Nib","Happy Flower","Runic Pyramid","Unceasing Top","Pocketwatch","TungstenRod","Bag of Preparation","Lee\u0027s Waffle","Anchor"],"potions_floor_usage":[13,13,13,13,18,22,24,28,28,28,50,56,56,56],"damage_taken":[{"damage":0,"enemies":"Small Slimes","floor":1,"turns":1},{"damage":0,"enemies":"2 Louse","floor":5,"turns":1},{"damage":0,"enemies":"Gremlin Nob","floor":6,"turns":1},{"damage":27,"enemies":"3 Sentries","floor":8,"turns":6},{"damage":2,"enemies":"Jaw Worm","floor":11,"turns":3},{"damage":2,"enemies":"Lagavulin","floor":13,"turns":3},{"damage":2,"enemies":"Exordium Wildlife","floor":14,"turns":2},{"damage":24,"enemies":"Hexaghost","floor":16,"turns":6},{"damage":14,"enemies":"Chosen","floor":18,"turns":3},{"damage":10,"enemies":"3 Byrds","floor":20,"turns":5},{"damage":25,"enemies":"Centurion and Healer","floor":22,"turns":6},{"damage":27,"enemies":"Book of Stabbing","floor":24,"turns":4},{"damage":15,"enemies":"Gremlin Leader","floor":28,"turns":5},{"damage":14,"enemies":"Shelled Parasite and Fungi","floor":29,"turns":4},{"damage":28,"enemies":"Slavers","floor":30,"turns":5},{"damage":39,"enemies":"Collector","floor":33,"turns":6},{"damage":6,"enemies":"3 Darklings","floor":35,"turns":3},{"damage":8,"enemies":"3 Shapes","floor":36,"turns":2},{"damage":0,"enemies":"Sphere and 2 Shapes","floor":38,"turns":3},{"damage":8,"enemies":"Nemesis","floor":40,"turns":3},{"damage":10,"enemies":"Transient","floor":42,"turns":6},{"damage":8,"enemies":"Writhing Mass","floor":44,"turns":2},{"damage":0,"enemies":"Maw","floor":45,"turns":4},{"damage":0,"enemies":"Mind Bloom Boss Battle","floor":46,"turns":3},{"damage":16,"enemies":"Giant Head","floor":47,"turns":4},{"damage":29,"enemies":"4 Shapes","floor":48,"turns":5},{"damage":35,"enemies":"Awakened One","floor":50,"turns":9},{"damage":6,"enemies":"Donu and Deca","floor":51,"turns":6},{"damage":5,"enemies":"Shield and Spear","floor":55,"turns":2},{"damage":15,"enemies":"The Heart","floor":56,"turns":7}],"green_key_taken_log":47,"seed_played":"-2995675859035662802","neow_bonus_log":{"cardsObtained":[],"cardsUpgraded":[],"cardsRemoved":[],"cardsTransformed":[],"relicsObtained":["NeowsBlessing"],"maxHpGained":0,"goldGained":0,"damageTaken":0,"goldLost":0,"maxHpLost":0},"potions_obtained":[{"floor":8,"key":"PowerPotion"},{"floor":11,"key":"EntropicBrew"},{"floor":14,"key":"Energy Potion"},{"floor":20,"key":"Dexterity Potion"},{"floor":22,"key":"BloodPotion"},{"floor":30,"key":"SteroidPotion"},{"floor":44,"key":"Block Potion"}],"is_trial":false,"path_per_floor":["M","?","?","$","M","E","$","E","T","R","M","?","E","M","R","B",null,"M","?","M","?","M","R","E","T","T","$","E","M","E","?","R","B",null,"M","M","$","M","?","E","R","M","T","M","M","?","E","M","R","B","B",null,"R","$","E","B",null],"character_chosen":"IRONCLAD","items_purchased":["Hemokinesis","Vajra","Spot Weakness","Iron Wave","Bottled Tornado","Panache","Feel No Pain","Spot Weakness","Apotheosis","Bag of Preparation","Lee\u0027s Waffle"],"campfire_rested":4,"item_purchase_floors":[4,7,7,7,27,27,37,37,54,54,54],"current_hp_per_floor":[74,56,49,49,55,61,61,40,40,40,44,33,37,41,41,23,62,54,54,50,50,46,68,47,47,47,47,53,45,23,23,45,12,59,59,57,57,63,63,61,61,57,57,55,61,67,57,34,56,27,27,63,75,82,82,73],"gold":55,"neow_bonus":"THREE_ENEMY_KILL","is_prod":false,"is_daily":false,"rewards_skipped":[{"floor":45,"relics":[],"potions":["Weak Potion"]},{"floor":46,"relics":[],"potions":["ElixirPotion"]},{"floor":48,"relics":[],"potions":["Explosive Potion"]}],"chose_seed":false,"campfire_upgraded":2,"win_rate":0,"floor_exit_playtime":[137,144,149,179,194,219,286,422,433,442,500,504,807,867,873,1012,1173,1316,1372,1483,1508,1619,1625,1755,1762,1768,1886,2059,2119,2332,2359,2371,2602,2700,2778,2831,2887,2937,2944,3037,3044,3147,3152,3234,3319,3441,3537,3682,3689,3977,4124,4135,4152,4196,4334,4548],"timestamp":1665624532,"blue_key_relic_skipped_log":{"floor":43,"relicID":"Incense Burner"},"path_taken":["M","?","?","?","M","E","$","E","T","R","?","?","E","M","R","BOSS","M","?","M","?","M","R","E","?","T","$","E","M","E","?","R","BOSS","M","M","?","M","?","E","R","M","T","?","M","?","E","M","R","BOSS","BOSS","R","$","E","BOSS"],"build_version":"2022-10-04","purchased_purges":1,"victory":true,"max_hp_per_floor":[75,75,75,75,75,75,75,75,75,75,75,75,75,75,75,75,75,75,75,75,75,75,75,75,75,75,75,75,75,75,75,75,75,75,75,75,75,75,75,75,75,75,75,75,75,75,75,75,75,75,75,75,75,82,82,82],"relic_stats":{"Lee\u0027s Waffle":7,"Happy Flower":[21],"counters":[30,120],"Pen Nib":[17],"Omamori":2,"Bag of Preparation":[4],"Bottled Tornado":"Corruption","Burning Blood":179,"Dream Catcher":3,"Mummified Hand":[119],"Kunai":[47],"obtain_stats":[{"Potion Belt":8,"Lee\u0027s Waffle":54,"NeowsBlessing":0,"Happy Flower":30,"Vajra":7,"Pen Nib":28,"Omamori":13,"Bag of Preparation":54,"Bottled Tornado":27,"Burning Blood":0,"Akabeko":9,"Old Coin":6,"Dream Catcher":24,"Anchor":55,"HornCleat":26,"Mummified Hand":25,"Fusion Hammer":17,"Kunai":2,"Unceasing Top":40,"TungstenRod":47,"Runic Pyramid":34,"Pocketwatch":46},{"Potion Belt":4,"Lee\u0027s Waffle":28,"NeowsBlessing":0,"Happy Flower":15,"Vajra":3,"Pen Nib":13,"Omamori":6,"Bag of Preparation":28,"Bottled Tornado":12,"Burning Blood":0,"Akabeko":4,"Old Coin":3,"Dream Catcher":12,"Anchor":29,"HornCleat":12,"Mummified Hand":12,"Fusion Hammer":8,"Kunai":1,"Unceasing Top":20,"TungstenRod":25,"Runic Pyramid":16,"Pocketwatch":24},{"Potion Belt":9,"Lee\u0027s Waffle":111,"NeowsBlessing":0,"Happy Flower":55,"Vajra":3,"Pen Nib":46,"Omamori":15,"Bag of Preparation":111,"Bottled Tornado":41,"Burning Blood":0,"Akabeko":9,"Old Coin":3,"Dream Catcher":41,"Anchor":113,"HornCleat":41,"Mummified Hand":41,"Fusion Hammer":23,"Kunai":1,"Unceasing Top":72,"TungstenRod":91,"Runic Pyramid":61,"Pocketwatch":87}],"Unceasing Top":[1],"TungstenRod":26,"Pocketwatch":[4]},"card_choices":[{"not_picked":["Body Slam","Intimidate"],"picked":"Twin Strike","floor":1},{"not_picked":["Rupture","Dropkick"],"picked":"Blood for Blood","floor":6},{"not_picked":["Perfected Strike","Heavy Blade"],"picked":"Power Through","floor":8},{"not_picked":["Clothesline","Heavy Blade","True Grit"],"picked":"SKIP","floor":11},{"not_picked":["Dropkick","Carnage"],"picked":"Blood for Blood","floor":13},{"not_picked":["Headbutt","Warcry","Perfected Strike"],"picked":"SKIP","floor":14},{"not_picked":["Impervious","Limit Break"],"picked":"Corruption","floor":16},{"not_picked":["Havoc","Reckless Charge","Sever Soul"],"picked":"SKIP","floor":18},{"not_picked":["Twin Strike","Flex","Perfected Strike"],"picked":"SKIP","floor":20},{"not_picked":["Flex","Warcry","Perfected Strike"],"picked":"SKIP","floor":22},{"not_picked":["Rampage","Bloodletting","Clash+1"],"picked":"SKIP","floor":24},{"not_picked":["Perfected Strike","Shrug It Off+1"],"picked":"Offering","floor":28},{"not_picked":["Iron Wave","Dropkick"],"picked":"Dual Wield+1","floor":29},{"not_picked":["Pommel Strike","Inflame"],"picked":"Dark Embrace","floor":30},{"not_picked":["Havoc","Cleave"],"picked":"Clothesline+1","floor":32},{"not_picked":["Twin Strike+1","Carnage","Anger"],"picked":"SKIP","floor":35},{"not_picked":["Sword Boomerang","Wild Strike","Perfected Strike"],"picked":"SKIP","floor":36},{"not_picked":["Dropkick","Flex+1"],"picked":"Sentinel+1","floor":38},{"not_picked":["Clash","Immolate","Perfected Strike"],"picked":"SKIP","floor":40},{"not_picked":["Clothesline","True Grit"],"picked":"Disarm","floor":42},{"not_picked":["Headbutt","Wild Strike","Metallicize+1"],"picked":"SKIP","floor":44},{"not_picked":["Havoc","Iron Wave"],"picked":"True Grit+1","floor":45},{"not_picked":["Iron Wave","Anger"],"picked":"Dark Embrace+1","floor":46},{"not_picked":["Pommel Strike","Sever Soul"],"picked":"Warcry","floor":47},{"not_picked":["Feel No Pain","Infernal Blade"],"picked":"Warcry+1","floor":48},{"not_picked":["Fire Breathing","Clothesline"],"picked":"Seeing Red+1","floor":49},{"not_picked":["Sever Soul","Berserk"],"picked":"Rage","floor":53},{"not_picked":["Anger+1","Sword Boomerang","Headbutt"],"picked":"SKIP","floor":55}],"player_experience":4167047,"relics_obtained":[{"floor":6,"key":"Old Coin"},{"floor":8,"key":"Potion Belt"},{"floor":9,"key":"Akabeko"},{"floor":13,"key":"Omamori"},{"floor":24,"key":"Dream Catcher"},{"floor":25,"key":"Mummified Hand"},{"floor":26,"key":"HornCleat"},{"floor":28,"key":"Pen Nib"},{"floor":30,"key":"Happy Flower"},{"floor":40,"key":"Unceasing Top"},{"floor":46,"key":"Pocketwatch"},{"floor":47,"key":"TungstenRod"},{"floor":55,"key":"Anchor"}],"event_choices":[{"damage_healed":0,"gold_gain":0,"player_choice":"Success","damage_taken":18,"relics_obtained":["Kunai"],"max_hp_gain":0,"max_hp_loss":0,"event_name":"Scrap Ooze","floor":2,"gold_loss":0},{"cards_removed":["Strike_R"],"damage_healed":0,"gold_gain":0,"player_choice":"Card Removal","damage_taken":7,"max_hp_gain":0,"max_hp_loss":0,"event_name":"Golden Wing","floor":3,"gold_loss":0},{"damage_healed":0,"gold_gain":75,"player_choice":"Gather Gold","damage_taken":11,"max_hp_gain":0,"max_hp_loss":0,"event_name":"World of Goop","floor":12,"gold_loss":0},{"damage_healed":0,"gold_gain":0,"player_choice":"Smashed Altar","damage_taken":0,"max_hp_gain":0,"max_hp_loss":0,"event_name":"Forgotten Altar","floor":19,"gold_loss":0,"cards_obtained":["Decay"]},{"damage_healed":0,"gold_gain":0,"cards_transformed":["Strike_R","Strike_R"],"player_choice":"Became Test Subject","damage_taken":0,"max_hp_gain":0,"max_hp_loss":0,"event_name":"Drug Dealer","floor":21,"gold_loss":0,"cards_obtained":["Seeing Red","Sentinel"]},{"cards_removed":["Strike_R"],"damage_healed":0,"gold_gain":0,"player_choice":"Offered Basic","damage_taken":0,"max_hp_gain":0,"max_hp_loss":0,"event_name":"Bonfire Elementals","floor":31,"gold_loss":0},{"damage_healed":0,"gold_gain":275,"player_choice":"Desecrate","damage_taken":0,"max_hp_gain":0,"max_hp_loss":0,"event_name":"Golden Shrine","floor":39,"gold_loss":0,"cards_obtained":["Regret"]},{"damage_healed":0,"gold_gain":0,"player_choice":"Fight","damage_taken":0,"max_hp_gain":0,"max_hp_loss":0,"event_name":"MindBloom","floor":46,"gold_loss":0}],"is_beta":false,"boss_relics":[{"not_picked":["Ectoplasm","Philosopher\u0027s Stone"],"picked":"Fusion Hammer"},{"not_picked":["Runic Dome","Snecko Eye"],"picked":"Runic Pyramid"}],"items_purged_floors":[7],"is_endless":false,"potions_floor_spawned":[8,11,14,20,22,30,44,45,46,48],"ascension_level":20,"potion_discard_per_floor":[[],[],[],[],[],[],[],[],[],[],[],[],[],[],[],[],[],[],[],[],[],[],[],[],[],[],[],[],[],[],[],[],[],[],[],[],[],[],[],[],[],[],[],["SmokeBomb"],[],[],[],[],[],[],[],[],[],[],[],[],[]]}