{"neow_bonuses_skipped_log":["ONE_RANDOM_RARE_CARD","THREE_RARE_CARDS","BOSS_RELIC"],"neow_costs_skipped_log":["NONE","CURSE","NONE"],"potions_obtained_entropic_brew":[[],[],[],[],[],[],[],[],[],[],[],[],[],[],[],[],[],[],[],[],[],[],[],[],[],[],[],[],[],[],[],[],[],[],[],[],[],[],[],[],[],[],[],[],[],[],[],[],[],[],[],[],[],[],[],[],[]],"gold_per_floor":[209,42,53,65,83,110,110,143,222,236,236,26,26,42,42,138,138,158,158,182,27,51,86,86,122,147,186,224,247,267,305,305,394,394,464,485,213,228,246,277,277,325,352,375,92,92,130,204,204,254,254,254,254,58,89,89],"floor_reached":57,"playtime":4731,"items_purged":["Strike_R","Strike_R","Injury"],"score":2891,"play_id":"2b7343e2-217a-4c3b-851e-15028215993d","local_time":"20221014191119","score_breakdown":["Floors Climbed (57): 285","Enemies Slain (19): 38","Exordium Elites Killed (2): 20","City Elites Killed (4): 80","Beyond Elites Killed (2): 60","Bosses Slain (5): 750","Money Money (1313): 25","Perfect (1): 50","Overkill: 25","Ascension (20): 1308","Heartbreaker: 250"],"is_ascension_mode":true,"potions_obtained_alchemize":[[],[],[],[],[],[],[],[],[],[],[],[],[],[],[],[],[],[],[],[],[],[],[],[],[],[],[],[],[],[],[],[],[],[],[],[],[],[],[],[],[],[],[],[],[],[],[],[],[],[],[],[],[],[],[],[],[]],"campfire_choices":[{"data":"Blood for Blood","floor":7,"key":"SMITH"},{"floor":11,"key":"REST"},{"data":"Apotheosis","floor":15,"key":"SMITH"},{"floor":24,"key":"RECALL"},{"floor":32,"key":"REST"},{"floor":41,"key":"REST"},{"floor":49,"key":"REST"},{"floor":53,"key":"REST"}],"lesson_learned_per_floor":[[],[],[],[],[],[],[],[],[],[],[],[],[],[],[],[],[],[],[],[],[],[],[],[],[],[],[],[],[],[],[],[],[],[],[],[],[],[],[],[],[],[],[],[],[],[],[],[],[],[],[],[],[],[],[],[],[]],"neow_cost":"NONE","improvable_cards":{},"seed_source_timestamp":7768886102017,"shop_contents":[{"floor":2,"relics":["Self Forming Clay","Letter Opener"],"cards":["Pommel Strike","Wild Strike","Ghostly Armor","Flame Barrier","Metallicize","Purity","Panache"],"potions":["PowerPotion","Dexterity Potion","Explosive Potion"]},{"floor":12,"relics":["Vajra","Sundial","Sling"],"cards":["Hemokinesis","Perfected Strike","True Grit","Power Through","Barricade","Mind Blast"],"potions":["SpeedPotion","LiquidMemories","SkillPotion"]},{"floor":21,"relics":["White Beast Statue","Charon\u0027s Ashes","HandDrill"],"cards":["Immolate","Pummel","Dual Wield","Infernal Blade","Purity","Master of Strategy"],"potions":["ElixirPotion","Strength Potion","Ancient Potion"]},{"floor":37,"relics":["Strawberry","Regal Pillow"],"cards":["Clash+1","Sever Soul+1","Entrench","Armaments","Combust","Impatience","Mayhem"],"potions":["AttackPotion","Block Potion","ColorlessPotion"]},{"floor":45,"relics":["Toxic Egg 2","Brimstone"],"cards":["Blood for Blood+1","Bludgeon+1","Limit Break","Entrench","Dark Embrace","PanicButton","Metamorphosis"],"potions":["FearPotion","FearPotion","GamblersBrew"]},{"floor":54,"relics":["Oddly Smooth Stone","Medical Kit"],"cards":["Immolate+1","Clothesline+1","Warcry","Metallicize","Impatience","Magnetism"],"potions":["GamblersBrew","Swift Potion","HeartOfIron"]}],"circlet_count":0,"master_deck":["AscendersBane","Strike_R","Strike_R","Defend_R","Defend_R","Defend_R","Defend_R","Bash","Shockwave","Blood for Blood+1","Bloodletting","Combust","Rupture","Anger","Apotheosis+1","Ghostly Armor","Fiend Fire","Disarm","Feel No Pain","True Grit","Body Slam+1","Burning Pact+1","Fiend Fire+1","Exhume","Dark Embrace+1","Whirlwind+1","True Grit","Second Wind+1","Havoc","Corruption","Shrug It Off"],"potion_use_per_floor":[[],[],[],[],[],[],[],[],[],[],["Fruit Juice"],[],[],[],[],["Strength Potion"],[],[],[],[],[],[],[],[],[],[],[],[],[],[],[],[],[],[],[],[],[],[],[],[],[],[],[],[],[],[],[],[],[],[],[],[],[],[],[],["PowerPotion","LiquidMemories"],[]],"relics":["Burning Blood","Toolbox","Centennial Puzzle","Dead Branch","Eternal Feather","Golden Idol","Fusion Hammer","Akabeko","Molten Egg 2","Art of War","Darkstone Periapt","Bottled Lightning","Cursed Key","Frozen Eye","Shuriken","Happy Flower","Ancient Tea Set","Bag of Preparation","Nunchaku"],"potions_floor_usage":[11,16,56,56],"damage_taken":[{"damage":1,"enemies":"Cultist","floor":1,"turns":3},{"damage":7,"enemies":"Small Slimes","floor":3,"turns":5},{"damage":3,"enemies":"2 Louse","floor":4,"turns":3},{"damage":6,"enemies":"Looter","floor":5,"turns":3},{"damage":26,"enemies":"Lagavulin","floor":6,"turns":5},{"damage":46,"enemies":"3 Sentries","floor":8,"turns":5},{"damage":5,"enemies":"2 Fungi Beasts","floor":10,"turns":4},{"damage":4,"enemies":"Blue Slaver","floor":14,"turns":4},{"damage":12,"enemies":"Slime Boss","floor":16,"turns":6},{"damage":18,"enemies":"Shell Parasite","floor":18,"turns":3},{"damage":0,"enemies":"Chosen","floor":20,"turns":5},{"damage":3,"enemies":"Centurion and Healer","floor":22,"turns":1},{"damage":23,"enemies":"Gremlin Leader","floor":23,"turns":5},{"damage":29,"enemies":"Slavers","floor":25,"turns":10},{"damage":7,"enemies":"Gremlin Leader","floor":27,"turns":2},{"damage":8,"enemies":"3 Cultists","floor":28,"turns":5},{"damage":0,"enemies":"Snake Plant","floor":29,"turns":1},{"damage":0,"enemies":"Snecko","floor":30,"turns":1},{"damage":25,"enemies":"Book of Stabbing","floor":31,"turns":4},{"damage":3,"enemies":"Collector","floor":33,"turns":7},{"damage":0,"enemies":"3 Shapes","floor":35,"turns":27},{"damage":3,"enemies":"3 Darklings","floor":36,"turns":4},{"damage":0,"enemies":"Spire Growth","floor":38,"turns":2},{"damage":3,"enemies":"Maw","floor":39,"turns":4},{"damage":5,"enemies":"Giant Head","floor":40,"turns":6},{"damage":19,"enemies":"3 Darklings","floor":42,"turns":7},{"damage":6,"enemies":"Transient","floor":44,"turns":6},{"damage":8,"enemies":"Reptomancer","floor":47,"turns":4},{"damage":26,"enemies":"Jaw Worm Horde","floor":48,"turns":8},{"damage":19,"enemies":"Donu and Deca","floor":50,"turns":7},{"damage":4,"enemies":"Awakened One","floor":51,"turns":6},{"damage":4,"enemies":"Shield and Spear","floor":55,"turns":4},{"damage":9,"enemies":"The Heart","floor":56,"turns":6}],"green_key_taken_log":31,"seed_played":"3372668746968256743","neow_bonus_log":{"cardsObtained":[],"cardsUpgraded":[],"cardsRemoved":[],"cardsTransformed":[],"relicsObtained":[],"maxHpGained":0,"goldGained":100,"damageTaken":0,"goldLost":0,"maxHpLost":0},"potions_obtained":[{"floor":1,"key":"Strength Potion"},{"floor":4,"key":"Dexterity Potion"},{"floor":6,"key":"Fruit Juice"},{"floor":14,"key":"Strength Potion"},{"floor":18,"key":"Swift Potion"},{"floor":27,"key":"LiquidMemories"},{"floor":30,"key":"PowerPotion"}],"is_trial":false,"path_per_floor":["M","$","M","M","M","E","R","E","T","M","R","$","?","M","R","B",null,"M","?","M","$","M","E","R","E","T","E","M","M","M","E","R","B",null,"M","M","$","M","M","E","R","M","T","M","$","?","E","M","R","B","B",null,"R","$","E","B",null],"character_chosen":"IRONCLAD","items_purchased":["Toolbox","Apotheosis","Feel No Pain","Frozen Eye","Happy Flower","Bag of Preparation","Shrug It Off"],"campfire_rested":5,"item_purchase_floors":[2,12,21,37,45,54,54],"current_hp_per_floor":[73,73,72,75,75,55,55,15,15,16,54,54,54,56,65,59,69,57,57,63,63,66,49,61,38,38,37,35,41,47,28,61,64,70,72,72,72,72,72,72,72,59,65,65,65,65,63,43,78,65,67,75,78,78,78,75],"gold":89,"neow_bonus":"HUNDRED_GOLD","is_prod":false,"is_daily":false,"rewards_skipped":[{"floor":23,"relics":[],"potions":["BlessingOfTheForge"]},{"floor":38,"relics":[],"potions":["SteroidPotion"]},{"floor":39,"relics":[],"potions":["SkillPotion"]},{"floor":40,"relics":[],"potions":["LiquidBronze"]},{"floor":44,"relics":[],"potions":["FearPotion"]},{"floor":48,"relics":[],"potions":["EssenceOfSteel"]}],"chose_seed":false,"campfire_upgraded":2,"win_rate":0,"floor_exit_playtime":[89,100,152,220,261,443,450,585,588,648,659,673,676,761,766,935,980,1068,1077,1144,1174,1241,1389,1403,1545,1553,1619,1688,1704,1738,1808,1812,2004,2056,2469,2574,2592,2693,2820,3071,3081,3331,3341,3505,3526,3547,3681,4012,4015,4201,4357,4373,4377,4390,4529,4731],"timestamp":1665789079,"blue_key_relic_skipped_log":{"floor":43,"relicID":"Anchor"},"path_taken":["M","$","M","M","M","E","R","E","T","M","R","$","?","M","R","BOSS","M","?","M","$","?","E","R","E","T","E","M","M","M","E","R","BOSS","M","M","$","M","M","E","R","M","T","M","$","?","E","M","R","BOSS","BOSS","R","$","E","BOSS"],"build_version":"2022-10-04","purchased_purges":3,"victory":true,"max_hp_per_floor":[75,75,75,75,75,75,75,75,75,75,80,80,72,72,72,72,72,72,72,72,72,72,72,72,72,72,72,72,72,72,72,72,72,72,72,72,72,72,72,72,72,72,78,78,78,78,78,78,78,78,78,78,78,78,78,78],"relic_stats":{"Darkstone Periapt":6,"Happy Flower":[11],"counters":[33,173],"Golden Idol":203,"Dead Branch":[653],"Eternal Feather":63,"Bag of Preparation":[4],"Cursed Key":1,"Ancient Tea Set":[4],"Burning Blood":179,"Frozen Eye":238.45638,"Centennial Puzzle":[69],"Nunchaku":[1],"Shuriken":[17],"Art of War":[41],"Bottled Lightning":"Apotheosis","obtain_stats":[{"Darkstone Periapt":27,"Happy Flower":45,"Golden Idol":13,"Dead Branch":8,"Eternal Feather":9,"Bag of Preparation":54,"Cursed Key":34,"Ancient Tea Set":47,"Burning Blood":0,"Akabeko":23,"Frozen Eye":37,"Centennial Puzzle":6,"Nunchaku":55,"Shuriken":40,"Toolbox":2,"Molten Egg 2":25,"Fusion Hammer":17,"Art of War":26,"Bottled Lightning":31},{"Darkstone Periapt":15,"Happy Flower":27,"Golden Idol":7,"Dead Branch":6,"Eternal Feather":6,"Bag of Preparation":31,"Cursed Key":20,"Ancient Tea Set":28,"Burning Blood":0,"Akabeko":13,"Frozen Eye":22,"Centennial Puzzle":5,"Nunchaku":32,"Shuriken":25,"Toolbox":1,"Molten Egg 2":14,"Fusion Hammer":9,"Art of War":14,"Bottled Lightning":19},{"Darkstone Periapt":64,"Happy Flower":138,"Golden Idol":28,"Dead Branch":24,"Eternal Feather":24,"Bag of Preparation":163,"Cursed Key":82,"Ancient Tea Set":142,"Burning Blood":0,"Akabeko":52,"Frozen Eye":113,"Centennial Puzzle":19,"Nunchaku":167,"Shuriken":125,"Toolbox":3,"Molten Egg 2":62,"Fusion Hammer":38,"Art of War":62,"Bottled Lightning":75}]},"card_choices":[{"not_picked":["Blood for Blood","Sentinel"],"picked":"Shockwave","floor":1},{"not_picked":["Havoc","Twin Strike"],"picked":"Blood for Blood","floor":3},{"not_picked":["Burning Pact","Havoc"],"picked":"Bloodletting","floor":4},{"not_picked":["Havoc","Disarm"],"picked":"Combust","floor":5},{"not_picked":["Bloodletting","Body Slam"],"picked":"Rupture","floor":6},{"not_picked":["Perfected Strike","Uppercut"],"picked":"Anger","floor":8},{"not_picked":["Anger","Sword Boomerang","Entrench"],"picked":"SKIP","floor":10},{"not_picked":["Dark Embrace","Clothesline"],"picked":"Ghostly Armor","floor":14},{"not_picked":["Brutality","Demon Form"],"picked":"Fiend Fire","floor":16},{"not_picked":["Dark Embrace","Thunderclap","Sword Boomerang+1"],"picked":"SKIP","floor":18},{"not_picked":["Armaments","Cleave"],"picked":"Disarm","floor":20},{"not_picked":["Reckless Charge","Rage","Infernal Blade"],"picked":"SKIP","floor":22},{"not_picked":["Perfected Strike","Headbutt+1"],"picked":"True Grit","floor":23},{"not_picked":["Headbutt+1","Ghostly Armor"],"picked":"Body Slam+1","floor":25},{"not_picked":["Perfected Strike+1","Clash+1"],"picked":"Burning Pact+1","floor":27},{"not_picked":["Anger+1","Uppercut+1"],"picked":"Fiend Fire+1","floor":28},{"not_picked":["Headbutt+1","Clothesline+1","Rampage+1"],"picked":"SKIP","floor":29},{"not_picked":["Combust","Headbutt+1","Searing Blow+1"],"picked":"SKIP","floor":30},{"not_picked":["Sword Boomerang+1","Perfected Strike+1","Rampage+1"],"picked":"SKIP","floor":31},{"not_picked":["Berserk","Double Tap"],"picked":"Exhume","floor":33},{"not_picked":["Flex","Armaments+1"],"picked":"Dark Embrace+1","floor":35},{"not_picked":["Ghostly Armor","Headbutt+1"],"picked":"Whirlwind+1","floor":36},{"not_picked":["Twin Strike+1","Pommel Strike+1","Flex"],"picked":"SKIP","floor":38},{"not_picked":["Perfected Strike+1","Thunderclap+1","Headbutt+1"],"picked":"SKIP","floor":39},{"not_picked":["Perfected Strike+1","Headbutt+1"],"picked":"True Grit","floor":40},{"not_picked":["Intimidate+1","Clash+1"],"picked":"Second Wind+1","floor":42},{"not_picked":["Anger+1","Armaments"],"picked":"Havoc","floor":44},{"not_picked":["Feel No Pain","Sword Boomerang+1"],"picked":"Corruption","floor":47},{"not_picked":["Clash+1","Wild Strike+1","Armaments"],"picked":"SKIP","floor":48},{"not_picked":["Fire Breathing","Pommel Strike+1","Havoc"],"picked":"SKIP","floor":55}],"player_experience":4189269,"relics_obtained":[{"floor":6,"key":"Centennial Puzzle"},{"floor":8,"key":"Dead Branch"},{"floor":9,"key":"Eternal Feather"},{"floor":23,"key":"Akabeko"},{"floor":25,"key":"Molten Egg 2"},{"floor":26,"key":"Art of War"},{"floor":27,"key":"Darkstone Periapt"},{"floor":31,"key":"Bottled Lightning"},{"floor":40,"key":"Shuriken"},{"floor":47,"key":"Ancient Tea Set"},{"floor":55,"key":"Nunchaku"}],"event_choices":[{"damage_healed":0,"gold_gain":0,"player_choice":"Lose Max HP","damage_taken":0,"relics_obtained":["Golden Idol"],"max_hp_gain":0,"max_hp_loss":8,"event_name":"Golden Idol","floor":13,"gold_loss":0},{"cards_removed":["Strike_R"],"damage_healed":0,"gold_gain":0,"player_choice":"Purged","damage_taken":0,"max_hp_gain":0,"max_hp_loss":0,"event_name":"Purifier","floor":19,"gold_loss":0},{"damage_healed":0,"gold_gain":0,"player_choice":"Ignored","damage_taken":0,"max_hp_gain":0,"max_hp_loss":0,"event_name":"Tomb of Lord Red Mask","floor":46,"gold_loss":0}],"is_beta":false,"boss_relics":[{"not_picked":["Philosopher\u0027s Stone","Runic Pyramid"],"picked":"Fusion Hammer"},{"not_picked":["Runic Dome","Calling Bell"],"picked":"Cursed Key"}],"items_purged_floors":[21,37,45],"is_endless":false,"potions_floor_spawned":[1,4,6,14,18,23,27,30,38,39,40,44,48],"ascension_level":20,"potion_discard_per_floor":[[],[],[],[],[],["Dexterity Potion"],[],[],[],[],[],[],[],[],[],[],[],[],[],[],[],[],[],[],[],[],["Strength Potion"],[],[],["Swift Potion"],[],[],[],[],[],[],[],[],[],[],[],[],[],[],[],[],[],[],[],[],[],[],[],[],[],[],[]]}