{"neow_bonuses_skipped_log":["REMOVE_CARD","TEN_PERCENT_HP_BONUS","TWENTY_PERCENT_HP_BONUS"],"neow_costs_skipped_log":["NONE","NONE","CURSE"],"potions_obtained_entropic_brew":[[],[],[],[],[],[],[],[],[],[],[],[],[],[],[],[],[],[],[],[],[],[],[],[],[],[],[],[],[],[],[],[],[],[],[],[],[],[],[],[],[],[],[],[],[],[],[],[],[],[],[],[],[],[],[],[],[]],"gold_per_floor":[115,132,132,143,218,218,544,558,628,12,12,43,62,90,90,162,162,172,172,189,200,216,216,26,53,80,114,124,152,152,184,184,259,259,272,291,307,320,334,334,360,74,74,103,119,144,173,186,186,186,186,186,186,28,62,62],"floor_reached":57,"playtime":6596,"items_purged":["Strike_R","Strike_R","Strike_R"],"score":3038,"play_id":"ea82cee3-6c0d-4193-baaa-bc89a51f0a83","local_time":"20221015213903","score_breakdown":["Floors Climbed (57): 285","Enemies Slain (17): 34","Exordium Elites Killed (3): 30","City Elites Killed (4): 80","Beyond Elites Killed (3): 90","Bosses Slain (5): 750","Money Money (1213): 25","Librarian: 25","Champion (3): 75","C-c-c-combo: 25","Ascension (20): 1369","Heartbreaker: 250"],"is_ascension_mode":true,"potions_obtained_alchemize":[[],[],[],[],[],[],[],[],[],[],[],[],[],[],[],[],[],[],[],[],[],[],[],[],[],[],[],[],[],[],[],[],[],[],[],[],[],[],[],[],[],[],[],[],[],[],[],[],[],[],[],[],[],[],[],[],[]],"campfire_choices":[{"data":"Uppercut","floor":6,"key":"SMITH"},{"floor":11,"key":"REST"},{"data":"Armaments","floor":15,"key":"SMITH"},{"data":"Whirlwind","floor":23,"key":"SMITH"},{"data":"1","floor":30,"key":"LIFT"},{"data":"2","floor":32,"key":"LIFT"},{"data":"3","floor":40,"key":"LIFT"},{"floor":49,"key":"RECALL"},{"data":"Feel No Pain","floor":53,"key":"SMITH"}],"lesson_learned_per_floor":[[],[],[],[],[],[],[],[],[],[],[],[],[],[],[],[],[],[],[],[],[],[],[],[],[],[],[],[],[],[],[],[],[],[],[],[],[],[],[],[],[],[],[],[],[],[],[],[],[],[],[],[],[],[],[],[],[]],"neow_cost":"NONE","improvable_cards":{},"seed_source_timestamp":16887799499894,"shop_contents":[{"floor":10,"relics":["Blood Vial","OrangePellets"],"cards":["Sword Boomerang","Limit Break","Havoc","Fire Breathing","Magnetism"],"potions":["Fruit Juice","Weak Potion","DistilledChaos"]},{"floor":24,"relics":["Mercury Hourglass","Mummified Hand","ClockworkSouvenir"],"cards":["Perfected Strike","Pommel Strike","Limit Break","Feel No Pain","Discovery","Apotheosis"],"potions":["EntropicBrew","SpeedPotion","Ancient Potion"]},{"floor":42,"relics":["FossilizedHelix","Magic Flower"],"cards":["Feed","Body Slam","Exhume","Second Wind","Inflame","Discovery","Sadistic Nature"],"potions":["Dexterity Potion","LiquidMemories","GamblersBrew"]},{"floor":54,"relics":["StrikeDummy","Pear"],"cards":["Heavy Blade","Wild Strike","Shrug It Off","Havoc","Fire Breathing","Discovery","Secret Technique"],"potions":["EssenceOfSteel","LiquidMemories","SteroidPotion"]}],"circlet_count":0,"master_deck":["AscendersBane","Strike_R","Strike_R","Defend_R","Defend_R","Defend_R","Defend_R","Bash","Headbutt","Uppercut+1","Shrug It Off","Armaments+1","Reaper","PanicButton","Whirlwind+1","Blood for Blood","Flame Barrier","Immolate","J.A.X.","Pummel","Warcry+1","Second Wind","Pummel+1","Second Wind","Dropkick","Evolve+1","Shrug It Off","Brutality","Pommel Strike+1","Burning Pact+1","Blood for Blood","Feel No Pain+1","Corruption","Warcry+1","Warcry+1","Seeing Red+1","Battle Trance+1","Shockwave","Entrench+1","Shrug It Off","True Grit+1"],"potion_use_per_floor":[[],[],[],[],[],[],[],[],[],[],[],["SpeedPotion"],[],[],[],["LiquidMemories","AttackPotion"],[],[],[],[],[],[],[],[],[],[],["ColorlessPotion"],[],["Swift Potion"],[],["SkillPotion"],[],[],[],[],[],["BloodPotion"],[],[],[],[],[],[],[],[],[],[],["Fruit Juice"],[],[],[],[],[],[],[],["CultistPotion","GamblersBrew"],[]],"relics":["Philosopher\u0027s Stone","Old Coin","Self Forming Clay","Gremlin Horn","Toy Ornithopter","Regal Pillow","Mark of Pain","Akabeko","Red Skull","Girya","Happy Flower","Kunai","Runic Pyramid","Bird Faced Urn","Orrery","Turnip","Ice Cream","Calipers","Frozen Eye","Blue Candle"],"potions_floor_usage":[12,16,16,27,29,31,37,48,56,56],"damage_taken":[{"damage":17,"enemies":"Small Slimes","floor":1,"turns":3},{"damage":3,"enemies":"Jaw Worm","floor":2,"turns":3},{"damage":0,"enemies":"Cultist","floor":4,"turns":2},{"damage":15,"enemies":"Lagavulin","floor":7,"turns":5},{"damage":13,"enemies":"3 Louse","floor":8,"turns":4},{"damage":12,"enemies":"3 Sentries","floor":12,"turns":8},{"damage":0,"enemies":"Gremlin Gang","floor":13,"turns":1},{"damage":20,"enemies":"Gremlin Nob","floor":14,"turns":4},{"damage":33,"enemies":"Hexaghost","floor":16,"turns":8},{"damage":8,"enemies":"Shell Parasite","floor":18,"turns":4},{"damage":15,"enemies":"Spheric Guardian","floor":20,"turns":5},{"damage":34,"enemies":"Shelled Parasite and Fungi","floor":21,"turns":5},{"damage":5,"enemies":"3 Cultists","floor":22,"turns":3},{"damage":3,"enemies":"Gremlin Leader","floor":25,"turns":4},{"damage":28,"enemies":"Book of Stabbing","floor":27,"turns":4},{"damage":3,"enemies":"Cultist and Chosen","floor":28,"turns":3},{"damage":15,"enemies":"Gremlin Leader","floor":29,"turns":4},{"damage":19,"enemies":"Book of Stabbing","floor":31,"turns":3},{"damage":32,"enemies":"Collector","floor":33,"turns":7},{"damage":0,"enemies":"Orb Walker","floor":35,"turns":1},{"damage":0,"enemies":"3 Darklings","floor":36,"turns":3},{"damage":25,"enemies":"Sphere and 2 Shapes","floor":37,"turns":6},{"damage":5,"enemies":"Spire Growth","floor":38,"turns":5},{"damage":4,"enemies":"3 Darklings","floor":39,"turns":3},{"damage":5,"enemies":"Nemesis","floor":41,"turns":7},{"damage":28,"enemies":"Giant Head","floor":44,"turns":7},{"damage":9,"enemies":"Transient","floor":45,"turns":6},{"damage":7,"enemies":"Mind Bloom Boss Battle","floor":46,"turns":7},{"damage":3,"enemies":"Reptomancer","floor":47,"turns":3},{"damage":20,"enemies":"4 Shapes","floor":48,"turns":6},{"damage":18,"enemies":"Donu and Deca","floor":50,"turns":10},{"damage":19,"enemies":"Awakened One","floor":51,"turns":15},{"damage":47,"enemies":"Shield and Spear","floor":55,"turns":7},{"damage":18,"enemies":"The Heart","floor":56,"turns":8}],"green_key_taken_log":14,"seed_played":"-4254406154772150332","neow_bonus_log":{"cardsObtained":[],"cardsUpgraded":[],"cardsRemoved":[],"cardsTransformed":[],"relicsObtained":["Philosopher\u0027s Stone"],"maxHpGained":0,"goldGained":0,"damageTaken":0,"goldLost":0,"maxHpLost":0},"potions_obtained":[{"floor":1,"key":"AttackPotion"},{"floor":8,"key":"SpeedPotion"},{"floor":13,"key":"LiquidMemories"},{"floor":16,"key":"Dexterity Potion"},{"floor":20,"key":"ElixirPotion"},{"floor":21,"key":"ColorlessPotion"},{"floor":27,"key":"AttackPotion"},{"floor":28,"key":"Swift Potion"},{"floor":29,"key":"SkillPotion"},{"floor":33,"key":"BloodPotion"},{"floor":37,"key":"GamblersBrew"},{"floor":38,"key":"SkillPotion"},{"floor":46,"key":"Fruit Juice"},{"floor":48,"key":"CultistPotion"}],"is_trial":false,"path_per_floor":["M","M","?","M","?","R","E","M","T","$","R","E","M","E","R","B",null,"M","?","M","M","M","R","$","E","T","E","M","E","R","E","R","B",null,"M","M","M","M","M","R","E","$","T","E","M","?","E","M","R","B","B",null,"R","$","E","B",null],"character_chosen":"IRONCLAD","items_purchased":["Reaper","PanicButton","Gremlin Horn","Second Wind","Orrery","Frozen Eye"],"campfire_rested":1,"item_purchase_floors":[10,10,10,24,42,54],"current_hp_per_floor":[51,48,73,73,62,62,47,34,34,34,56,56,56,42,42,26,63,55,55,46,36,45,45,45,49,49,37,49,67,67,53,53,33,65,65,65,68,70,71,71,73,73,73,64,75,75,75,80,80,76,80,80,80,80,70,78],"gold":62,"neow_bonus":"BOSS_RELIC","is_prod":false,"is_daily":false,"rewards_skipped":[{"floor":39,"relics":[],"potions":["SkillPotion"]},{"floor":55,"relics":[],"potions":["Strength Potion"]}],"chose_seed":false,"campfire_upgraded":4,"win_rate":0,"floor_exit_playtime":[340,368,378,417,440,456,640,777,784,1130,1134,1454,1499,1650,1679,1870,2079,2154,2231,2313,2570,2637,2657,2784,2892,2896,3039,3149,3364,3381,3487,3492,3641,3723,3739,3779,3907,4038,4123,4128,4283,4357,4364,4585,4747,4905,5003,5172,5177,5397,5766,5778,5800,5836,6250,6596],"timestamp":1665884343,"blue_key_relic_skipped_log":{"floor":43,"relicID":"Oddly Smooth Stone"},"path_taken":["M","M","?","M","?","R","E","M","T","$","R","E","M","E","R","BOSS","M","?","M","M","M","R","$","E","T","E","M","E","R","E","R","BOSS","M","M","M","M","M","R","E","$","T","E","M","?","E","M","R","BOSS","BOSS","R","$","E","BOSS"],"build_version":"2022-10-04","purchased_purges":3,"victory":true,"max_hp_per_floor":[75,75,75,75,75,75,75,75,75,75,75,75,75,75,75,75,75,75,75,75,75,75,75,75,75,75,75,75,75,75,75,75,75,75,75,75,75,75,75,75,75,75,75,75,75,75,75,80,80,80,80,80,80,80,80,80],"relic_stats":{"Ice Cream":[106],"Girya":3,"Regal Pillow":0,"Calipers":[5236],"Gremlin Horn":[31,32],"Happy Flower":[34],"counters":[34,174],"Self Forming Clay":[294],"Blue Candle":[1],"Frozen Eye":116.76763,"Bird Faced Urn":[40],"Turnip":[2],"Kunai":[45],"obtain_stats":[{"Ice Cream":46,"Girya":27,"Regal Pillow":14,"Calipers":47,"Gremlin Horn":10,"Happy Flower":29,"Self Forming Clay":9,"Blue Candle":55,"Burning Blood":0,"Akabeko":25,"Old Coin":7,"Frozen Eye":54,"Bird Faced Urn":41,"Orrery":42,"Philosopher\u0027s Stone":0,"Mark of Pain":17,"Turnip":44,"Kunai":31,"Toy Ornithopter":12,"Red Skull":26,"Runic Pyramid":34},{"Ice Cream":28,"Girya":15,"Regal Pillow":8,"Calipers":29,"Gremlin Horn":5,"Happy Flower":17,"Self Forming Clay":5,"Blue Candle":33,"Burning Blood":0,"Akabeko":14,"Old Coin":4,"Frozen Eye":32,"Bird Faced Urn":25,"Orrery":25,"Philosopher\u0027s Stone":0,"Mark of Pain":9,"Turnip":26,"Kunai":18,"Toy Ornithopter":6,"Red Skull":14,"Runic Pyramid":19},{"Ice Cream":125,"Girya":63,"Regal Pillow":30,"Calipers":128,"Gremlin Horn":17,"Happy Flower":70,"Self Forming Clay":17,"Blue Candle":166,"Burning Blood":0,"Akabeko":59,"Old Coin":13,"Frozen Eye":159,"Bird Faced Urn":105,"Orrery":105,"Philosopher\u0027s Stone":0,"Mark of Pain":38,"Turnip":112,"Kunai":73,"Toy Ornithopter":25,"Red Skull":59,"Runic Pyramid":80}],"Toy Ornithopter":40},"card_choices":[{"not_picked":["Searing Blow","Body Slam"],"picked":"Headbutt","floor":1},{"not_picked":["Flex","Iron Wave"],"picked":"Uppercut","floor":2},{"not_picked":["Cleave","Burning Pact"],"picked":"Shrug It Off","floor":4},{"not_picked":["True Grit","Twin Strike","Sever Soul"],"picked":"SKIP","floor":7},{"not_picked":["Flex","Body Slam"],"picked":"Armaments","floor":8},{"not_picked":["Clothesline","Armaments"],"picked":"Whirlwind","floor":12},{"not_picked":["Wild Strike","Rage"],"picked":"Blood for Blood","floor":13},{"not_picked":["Ghostly Armor","Anger"],"picked":"Flame Barrier","floor":14},{"not_picked":["Exhume","Berserk"],"picked":"Immolate","floor":16},{"not_picked":["Flex","Twin Strike","Bloodletting"],"picked":"SKIP","floor":18},{"not_picked":["Seeing Red","Flame Barrier","Iron Wave"],"picked":"SKIP","floor":20},{"not_picked":["Sword Boomerang","Headbutt"],"picked":"Pummel","floor":21},{"not_picked":["Thunderclap+1","Clash"],"picked":"Warcry+1","floor":22},{"not_picked":["Uppercut+1","Exhume"],"picked":"Pummel+1","floor":25},{"not_picked":["Headbutt","Warcry"],"picked":"Second Wind","floor":27},{"not_picked":["Cleave","Armaments"],"picked":"Dropkick","floor":28},{"not_picked":["Cleave","Armaments"],"picked":"Evolve+1","floor":29},{"not_picked":["Headbutt","Cleave"],"picked":"Shrug It Off","floor":31},{"not_picked":["Berserk","Immolate"],"picked":"Brutality","floor":33},{"not_picked":["Uppercut","Infernal Blade","Wild Strike"],"picked":"SKIP","floor":35},{"not_picked":["Inflame","Shrug It Off"],"picked":"Pommel Strike+1","floor":36},{"not_picked":["Thunderclap+1","Wild Strike+1"],"picked":"Burning Pact+1","floor":37},{"not_picked":["Havoc","Perfected Strike"],"picked":"Blood for Blood","floor":38},{"not_picked":["Thunderclap+1","Evolve","Entrench"],"picked":"SKIP","floor":39},{"not_picked":["Headbutt","Pommel Strike","Havoc+1"],"picked":"SKIP","floor":41},{"not_picked":["Sword Boomerang+1","Infernal Blade"],"picked":"Feel No Pain","floor":42},{"not_picked":["Flame Barrier","Rampage"],"picked":"Corruption","floor":42},{"not_picked":["Sever Soul","Searing Blow+1"],"picked":"Warcry+1","floor":42},{"not_picked":["Reckless Charge","Whirlwind"],"picked":"Warcry+1","floor":42},{"not_picked":["Flex","Infernal Blade+1","Heavy Blade+1"],"picked":"SKIP","floor":42},{"not_picked":["Twin Strike","Flex"],"picked":"Seeing Red+1","floor":44},{"not_picked":["Intimidate","Pommel Strike"],"picked":"Battle Trance+1","floor":45},{"not_picked":["Dual Wield+1","Sever Soul"],"picked":"Shockwave","floor":46},{"not_picked":["Carnage","Dropkick"],"picked":"Entrench+1","floor":47},{"not_picked":["Battle Trance","Clash"],"picked":"Shrug It Off","floor":48},{"not_picked":["Rupture","Clash"],"picked":"True Grit+1","floor":55}],"player_experience":4200863,"relics_obtained":[{"floor":7,"key":"Old Coin"},{"floor":9,"key":"Self Forming Clay"},{"floor":12,"key":"Toy Ornithopter"},{"floor":14,"key":"Regal Pillow"},{"floor":25,"key":"Akabeko"},{"floor":26,"key":"Red Skull"},{"floor":27,"key":"Girya"},{"floor":29,"key":"Happy Flower"},{"floor":31,"key":"Kunai"},{"floor":41,"key":"Bird Faced Urn"},{"floor":44,"key":"Turnip"},{"floor":46,"key":"Ice Cream"},{"floor":47,"key":"Calipers"},{"floor":55,"key":"Blue Candle"}],"event_choices":[{"damage_healed":25,"gold_gain":0,"player_choice":"Banana","damage_taken":0,"max_hp_gain":0,"max_hp_loss":0,"event_name":"Big Fish","floor":3,"gold_loss":0},{"damage_healed":0,"gold_gain":75,"player_choice":"Gather Gold","damage_taken":11,"max_hp_gain":0,"max_hp_loss":0,"event_name":"World of Goop","floor":5,"gold_loss":0},{"damage_healed":0,"gold_gain":0,"player_choice":"Obtain J.A.X.","damage_taken":0,"max_hp_gain":0,"max_hp_loss":0,"event_name":"Drug Dealer","floor":19,"gold_loss":0,"cards_obtained":["J.A.X."]},{"damage_healed":0,"gold_gain":0,"player_choice":"Fight","damage_taken":0,"max_hp_gain":0,"max_hp_loss":0,"event_name":"MindBloom","floor":46,"gold_loss":0}],"is_beta":false,"boss_relics":[{"not_picked":["Ectoplasm","Sozu"],"picked":"Mark of Pain"},{"not_picked":["Velvet Choker","SlaversCollar"],"picked":"Runic Pyramid"}],"items_purged_floors":[10,24,42],"is_endless":false,"potions_floor_spawned":[1,8,13,16,20,21,27,28,29,33,37,38,39,46,48,55],"ascension_level":20,"potion_discard_per_floor":[[],[],[],[],[],[],[],[],[],[],[],[],[],[],[],[],[],[],[],[],["ElixirPotion"],[],[],[],[],[],[],["Dexterity Potion"],[],[],[],[],[],[],[],[],[],["AttackPotion"],[],[],[],[],[],[],[],["SkillPotion"],[],[],[],[],[],[],[],[],[],[],[]]}