{"neow_bonuses_skipped_log":["TRANSFORM_CARD","ONE_RARE_RELIC","BOSS_RELIC"],"neow_costs_skipped_log":["NONE","NO_GOLD","NONE"],"potions_obtained_entropic_brew":[[],[],[],[],[],[],[],[],[],[],[],[],[],[],[],[],[],[],[],[],[],[],[],[],[],[],[],[],[],[],[],[],[],[],[],[],[],[],[],[],[],[],[],[],[],[],[],[],[],[],[],[],[],[],[],["SneckoOil","SkillPotion","LiquidBronze","FairyPotion"],[]],"gold_per_floor":[213,223,223,233,13,45,45,56,56,87,87,104,138,149,149,221,221,235,251,268,183,27,27,59,59,133,153,153,178,378,403,403,482,482,493,493,512,528,544,577,577,611,611,178,178,178,198,210,210,210,210,210,210,6,37,37],"floor_reached":57,"playtime":9024,"items_purged":["Strike_R","Strike_R","Anger"],"score":2809,"play_id":"bcb9bb2d-8732-4b5c-90fc-7ee1f7d503a5","local_time":"20221010193456","score_breakdown":["Floors Climbed (57): 285","Enemies Slain (16): 32","Exordium Elites Killed (3): 30","City Elites Killed (3): 60","Beyond Elites Killed (2): 60","Bosses Slain (5): 750","Money Money (1166): 25","Stuffed: 50","Overkill: 25","Ascension (20): 1242","Heartbreaker: 250"],"is_ascension_mode":true,"potions_obtained_alchemize":[[],[],[],[],[],[],[],[],[],[],[],[],[],[],[],[],[],[],[],[],[],[],[],[],[],[],[],[],[],[],[],[],[],[],[],[],[],[],[],[],[],[],[],[],[],[],[],[],[],[],[],[],[],[],[],[],[]],"campfire_choices":[{"data":"Blood for Blood","floor":7,"key":"SMITH"},{"data":"Armaments","floor":11,"key":"SMITH"},{"data":"Flex","floor":15,"key":"SMITH"},{"floor":23,"key":"REST"},{"data":"Heavy Blade","floor":25,"key":"SMITH"},{"floor":28,"key":"REST"},{"data":"Demon Form","floor":32,"key":"SMITH"},{"floor":41,"key":"RECALL"},{"data":"Shockwave","floor":45,"key":"SMITH"},{"data":"Burning Pact","floor":49,"key":"SMITH"},{"data":"Pommel Strike","floor":53,"key":"SMITH"}],"lesson_learned_per_floor":[[],[],[],[],[],[],[],[],[],[],[],[],[],[],[],[],[],[],[],[],[],[],[],[],[],[],[],[],[],[],[],[],[],[],[],[],[],[],[],[],[],[],[],[],[],[],[],[],[],[],[],[],[],[],[],[],[]],"neow_cost":"NONE","improvable_cards":{},"seed_source_timestamp":9364507810427,"shop_contents":[{"floor":5,"relics":["Toy Ornithopter","Incense Burner"],"cards":["Twin Strike","Ghostly Armor","Havoc","Combust","Blind","Magnetism"],"potions":["Swift Potion","CultistPotion","FearPotion"]},{"floor":22,"relics":["Question Card","Gremlin Horn","Cauldron"],"cards":["Wild Strike","Headbutt","Bloodletting","Evolve","Trip","Magnetism"],"potions":["Strength Potion","Energy Potion","SkillPotion"]},{"floor":44,"relics":[],"cards":["Iron Wave","Twin Strike","Armaments","Havoc","Inflame+1","Purity","Chrysalis"],"potions":["SteroidPotion","Swift Potion","LiquidMemories"]},{"floor":54,"relics":["Strawberry","Gambling Chip"],"cards":["Twin Strike","Hemokinesis","Intimidate","Dual Wield","Metallicize+1","Enlightenment","Thinking Ahead"],"potions":["ColorlessPotion","ColorlessPotion"]}],"circlet_count":0,"master_deck":["AscendersBane","Strike_R","Strike_R","Strike_R","Defend_R","Defend_R","Defend_R","Defend_R","Bash","Iron Wave","Headbutt","Pommel Strike+1","Blood for Blood+1","Armaments+1","Second Wind","Demon Form+1","Flex+1","Feed","Shockwave+1","Power Through","Heavy Blade+1","Limit Break","Evolve+1","Reaper","Flame Barrier","Shrug It Off","Shrug It Off","Burning Pact+1","Offering","Shrug It Off+1","Battle Trance"],"potion_use_per_floor":[[],[],[],[],[],["SneckoOil"],[],[],[],[],[],[],[],["Explosive Potion"],[],[],[],["EssenceOfSteel"],[],[],[],[],[],["SpeedPotion"],[],[],[],[],[],[],[],[],["AttackPotion"],[],[],[],[],[],["Ancient Potion"],["DistilledChaos"],[],["AttackPotion"],[],[],[],[],["BlessingOfTheForge"],["BlessingOfTheForge"],[],[],[],[],[],[],[],["Dexterity Potion","PowerPotion","PowerPotion","EntropicBrew","LiquidBronze","SneckoOil"],[]],"relics":["Burning Blood","ClockworkSouvenir","Bag of Preparation","Oddly Smooth Stone","InkBottle","Darkstone Periapt","Velvet Choker","Potion Belt","Centennial Puzzle","Frozen Egg 2","Thread and Needle","White Beast Statue","SlaversCollar","Charon\u0027s Ashes","Sundial","Lantern","Membership Card","Paper Frog","Happy Flower","Frozen Eye","Nunchaku"],"potions_floor_usage":[6,14,18,24,33,39,40,42,47,48,56,56,56,56,56,56],"damage_taken":[{"damage":14,"enemies":"2 Louse","floor":1,"turns":6},{"damage":2,"enemies":"Cultist","floor":2,"turns":4},{"damage":7,"enemies":"Jaw Worm","floor":4,"turns":3},{"damage":3,"enemies":"Gremlin Nob","floor":6,"turns":3},{"damage":8,"enemies":"Blue Slaver","floor":8,"turns":2},{"damage":28,"enemies":"Lagavulin","floor":10,"turns":6},{"damage":2,"enemies":"Red Slaver","floor":12,"turns":3},{"damage":28,"enemies":"3 Sentries","floor":13,"turns":6},{"damage":8,"enemies":"Exordium Wildlife","floor":14,"turns":3},{"damage":22,"enemies":"Hexaghost","floor":16,"turns":9},{"damage":18,"enemies":"2 Thieves","floor":18,"turns":4},{"damage":6,"enemies":"3 Byrds","floor":19,"turns":5},{"damage":26,"enemies":"3 Cultists","floor":20,"turns":5},{"damage":22,"enemies":"Slavers","floor":24,"turns":7},{"damage":5,"enemies":"Sentry and Sphere","floor":27,"turns":5},{"damage":4,"enemies":"Gremlin Leader","floor":29,"turns":6},{"damage":10,"enemies":"Book of Stabbing","floor":31,"turns":5},{"damage":53,"enemies":"Automaton","floor":33,"turns":8},{"damage":7,"enemies":"3 Shapes","floor":35,"turns":5},{"damage":32,"enemies":"3 Darklings","floor":37,"turns":10},{"damage":15,"enemies":"Jaw Worm Horde","floor":38,"turns":4},{"damage":14,"enemies":"Spire Growth","floor":39,"turns":6},{"damage":11,"enemies":"Giant Head","floor":40,"turns":5},{"damage":8,"enemies":"Reptomancer","floor":42,"turns":3},{"damage":6,"enemies":"Sphere and 2 Shapes","floor":47,"turns":3},{"damage":16,"enemies":"4 Shapes","floor":48,"turns":8},{"damage":54,"enemies":"Time Eater","floor":50,"turns":9},{"damage":54,"enemies":"Donu and Deca","floor":51,"turns":9},{"damage":50,"enemies":"Shield and Spear","floor":55,"turns":9},{"damage":48,"enemies":"The Heart","floor":56,"turns":7}],"green_key_taken_log":40,"seed_played":"3034862295410959098","neow_bonus_log":{"cardsObtained":[],"cardsUpgraded":[],"cardsRemoved":[],"cardsTransformed":[],"relicsObtained":[],"maxHpGained":0,"goldGained":100,"damageTaken":0,"goldLost":0,"maxHpLost":0},"potions_obtained":[{"floor":2,"key":"SneckoOil"},{"floor":4,"key":"SpeedPotion"},{"floor":13,"key":"Explosive Potion"},{"floor":16,"key":"EssenceOfSteel"},{"floor":24,"key":"AttackPotion"},{"floor":31,"key":"AttackPotion"},{"floor":33,"key":"BlessingOfTheForge"},{"floor":35,"key":"PowerPotion"},{"floor":37,"key":"Ancient Potion"},{"floor":38,"key":"PowerPotion"},{"floor":39,"key":"DistilledChaos"},{"floor":40,"key":"ColorlessPotion"},{"floor":42,"key":"BlessingOfTheForge"},{"floor":47,"key":"BlessingOfTheForge"},{"floor":48,"key":"Ancient Potion"},{"floor":55,"key":"Dexterity Potion"}],"is_trial":false,"path_per_floor":["M","M","?","M","$","E","R","M","T","E","R","M","E","M","R","B",null,"M","M","M","?","$","R","E","R","T","M","R","E","?","E","R","B",null,"M","T","M","M","M","E","R","E","T","$","R","?","M","M","R","B","B",null,"R","$","E","B",null],"character_chosen":"IRONCLAD","items_purchased":["ClockworkSouvenir","Anger","Power Through","Membership Card","Paper Frog","Happy Flower","Frozen Eye","EntropicBrew"],"campfire_rested":2,"item_purchase_floors":[5,5,22,44,44,44,54,54],"current_hp_per_floor":[60,64,75,74,74,75,75,73,73,51,51,55,33,31,31,15,60,51,54,37,37,37,62,46,46,46,47,72,77,77,73,73,26,72,88,88,94,97,89,97,97,98,98,98,98,93,104,105,105,74,58,99,99,99,109,112],"gold":37,"neow_bonus":"HUNDRED_GOLD","is_prod":false,"is_daily":false,"rewards_skipped":[],"chose_seed":false,"campfire_upgraded":8,"win_rate":0,"floor_exit_playtime":[341,401,433,498,559,669,690,741,752,857,865,1079,1362,1562,1569,1818,1953,2173,2436,2619,2721,2811,2816,3052,3066,3096,3283,3287,3545,3566,3783,3810,4080,4150,4307,4347,4754,4954,5167,5359,5367,5627,5630,5692,5703,5729,5928,6328,6352,6701,7041,7058,7087,7207,8189,9024],"timestamp":1665444896,"blue_key_relic_skipped_log":{"floor":43,"relicID":"Letter Opener"},"path_taken":["M","M","?","M","$","E","R","M","T","E","R","?","E","M","R","BOSS","M","M","M","?","$","R","E","R","T","M","R","E","?","E","R","BOSS","M","?","M","M","M","E","R","E","T","$","R","?","M","?","R","BOSS","BOSS","R","$","E","BOSS"],"build_version":"2022-10-04","purchased_purges":3,"victory":true,"max_hp_per_floor":[75,75,75,75,75,75,75,75,75,75,75,75,75,75,75,75,75,78,81,84,84,84,84,84,84,84,84,84,87,87,87,87,87,87,90,90,94,97,97,97,97,100,100,100,100,100,104,108,108,108,112,112,112,112,112,112],"relic_stats":{"Darkstone Periapt":0,"Happy Flower":[15],"counters":[30,168],"Charon\u0027s Ashes":[299],"Bag of Preparation":[52],"Burning Blood":160,"White Beast Statue":[0.0,0.0,0.0,0.4,0.0,0.6000000000000001,0.0,0.0,0.0,0.0,0.0,4.6838860800000015],"Frozen Eye":483.31808,"Centennial Puzzle":[46],"Nunchaku":[1],"Sundial":[6],"Membership Card":470,"obtain_stats":[{"Darkstone Periapt":13,"Potion Belt":21,"Lantern":42,"Happy Flower":44,"Oddly Smooth Stone":9,"Velvet Choker":17,"Thread and Needle":29,"Charon\u0027s Ashes":36,"Bag of Preparation":6,"Frozen Egg 2":26,"Burning Blood":0,"White Beast Statue":31,"ClockworkSouvenir":5,"SlaversCollar":34,"Frozen Eye":54,"Centennial Puzzle":24,"Nunchaku":55,"Sundial":40,"Membership Card":44,"InkBottle":10,"Paper Frog":44},{"Darkstone Periapt":8,"Potion Belt":13,"Lantern":24,"Happy Flower":24,"Oddly Smooth Stone":5,"Velvet Choker":10,"Thread and Needle":16,"Charon\u0027s Ashes":19,"Bag of Preparation":4,"Frozen Egg 2":14,"Burning Blood":0,"White Beast Statue":17,"ClockworkSouvenir":3,"SlaversCollar":18,"Frozen Eye":28,"Centennial Puzzle":14,"Nunchaku":29,"Sundial":23,"Membership Card":24,"InkBottle":6,"Paper Frog":24},{"Darkstone Periapt":33,"Potion Belt":59,"Lantern":123,"Happy Flower":123,"Oddly Smooth Stone":18,"Velvet Choker":45,"Thread and Needle":77,"Charon\u0027s Ashes":95,"Bag of Preparation":16,"Frozen Egg 2":66,"Burning Blood":0,"White Beast Statue":82,"ClockworkSouvenir":13,"SlaversCollar":90,"Frozen Eye":152,"Centennial Puzzle":66,"Nunchaku":161,"Sundial":120,"Membership Card":123,"InkBottle":24,"Paper Frog":123}],"InkBottle":[50]},"card_choices":[{"not_picked":["Wild Strike","Metallicize"],"picked":"Iron Wave","floor":1},{"not_picked":["Searing Blow","Iron Wave"],"picked":"Headbutt","floor":2},{"not_picked":["Twin Strike","Heavy Blade"],"picked":"Pommel Strike","floor":4},{"not_picked":["Pommel Strike","Evolve"],"picked":"Blood for Blood","floor":6},{"not_picked":["Clash","Havoc"],"picked":"Armaments","floor":8},{"not_picked":["Havoc","Flame Barrier"],"picked":"Second Wind","floor":10},{"not_picked":["Shrug It Off","Warcry"],"picked":"Demon Form","floor":12},{"not_picked":["Entrench","Combust"],"picked":"Flex","floor":13},{"not_picked":["Fire Breathing","Clash","Wild Strike"],"picked":"SKIP","floor":14},{"not_picked":["Demon Form","Berserk"],"picked":"Feed","floor":16},{"not_picked":["Wild Strike","Pommel Strike","Twin Strike"],"picked":"SKIP","floor":18},{"not_picked":["Thunderclap","Sever Soul","Pommel Strike"],"picked":"SKIP","floor":19},{"not_picked":["Battle Trance","Body Slam"],"picked":"Shockwave","floor":20},{"not_picked":["Rage","Sword Boomerang"],"picked":"Heavy Blade","floor":24},{"not_picked":["Thunderclap","Wild Strike+1"],"picked":"Limit Break","floor":27},{"not_picked":["Havoc","Carnage","Body Slam"],"picked":"SKIP","floor":29},{"not_picked":["Disarm","Body Slam"],"picked":"Evolve+1","floor":31},{"not_picked":["Brutality+1","Fiend Fire"],"picked":"Reaper","floor":33},{"not_picked":["Fire Breathing+1","Twin Strike+1","Dropkick"],"picked":"SKIP","floor":35},{"not_picked":["Twin Strike","Carnage"],"picked":"Flame Barrier","floor":37},{"not_picked":["Iron Wave+1","Twin Strike"],"picked":"Shrug It Off","floor":38},{"not_picked":["Rampage","Body Slam"],"picked":"Shrug It Off","floor":39},{"not_picked":["Blood for Blood","Havoc"],"picked":"Burning Pact","floor":40},{"not_picked":["Flex","Rampage"],"picked":"Offering","floor":42},{"not_picked":["Sword Boomerang","Body Slam"],"picked":"Shrug It Off+1","floor":47},{"not_picked":["Anger","Metallicize+1"],"picked":"Battle Trance","floor":48},{"not_picked":["Flex","Warcry","Perfected Strike"],"picked":"SKIP","floor":55}],"player_experience":4137822,"relics_obtained":[{"floor":6,"key":"Bag of Preparation"},{"floor":9,"key":"Oddly Smooth Stone"},{"floor":10,"key":"InkBottle"},{"floor":13,"key":"Darkstone Periapt"},{"floor":24,"key":"Centennial Puzzle"},{"floor":26,"key":"Frozen Egg 2"},{"floor":29,"key":"Thread and Needle"},{"floor":31,"key":"White Beast Statue"},{"floor":36,"key":"Charon\u0027s Ashes"},{"floor":40,"key":"Sundial"},{"floor":42,"key":"Lantern"},{"floor":55,"key":"Nunchaku"}],"event_choices":[{"damage_healed":11,"gold_gain":0,"player_choice":"Full Heal","damage_taken":0,"max_hp_gain":0,"max_hp_loss":0,"event_name":"Wheel of Change","floor":3,"gold_loss":0},{"damage_healed":0,"gold_gain":0,"player_choice":"Obtained Relic","damage_taken":0,"relics_obtained":["Potion Belt"],"max_hp_gain":0,"max_hp_loss":0,"event_name":"Addict","floor":21,"gold_loss":85},{"damage_healed":0,"gold_gain":250,"player_choice":"Bet on Owner","damage_taken":0,"max_hp_gain":0,"max_hp_loss":0,"event_name":"The Joust","floor":30,"gold_loss":50},{"damage_healed":0,"gold_gain":0,"player_choice":"Bought 0 Potions","damage_taken":0,"max_hp_gain":0,"max_hp_loss":0,"event_name":"The Woman in Blue","floor":46,"gold_loss":0}],"is_beta":false,"boss_relics":[{"not_picked":["Empty Cage","SacredBark"],"picked":"Velvet Choker"},{"not_picked":["Runic Cube","Black Blood"],"picked":"SlaversCollar"}],"items_purged_floors":[22,44,54],"is_endless":false,"potions_floor_spawned":[2,4,13,16,24,31,33,35,37,38,39,40,42,47,48,55],"ascension_level":20,"potion_discard_per_floor":[[],[],[],[],[],[],[],[],[],[],[],[],[],[],[],[],[],[],[],[],[],[],[],[],[],[],[],[],[],[],[],[],[],[],[],[],[],["BlessingOfTheForge"],[],[],[],[],[],[],[],[],[],[],[],[],[],[],[],["Ancient Potion"],["ColorlessPotion"],["FairyPotion","SkillPotion"],[]]}