{"neow_bonuses_skipped_log":["REMOVE_CARD","TEN_PERCENT_HP_BONUS","BOSS_RELIC"],"neow_costs_skipped_log":["NONE","NONE","NONE"],"potions_obtained_entropic_brew":[[],[],[],[],[],[],[],[],[],[],[],[],[],[],[],[],[],[],[],[],[],[],[],[],[],[],[],[],[],[],[],[],[]],"gold_per_floor":[10,23,23,39,54,97,97,128,152,175,210,210,244,244,244,340,340,359,359,377,26,46,85,85,0,45,45,103,154,154,174,174,174],"floor_reached":33,"playtime":2054,"items_purged":["Strike_R"],"score":626,"play_id":"ac734ce0-0559-430a-a085-8fe8ee45a3a3","local_time":"20221007181128","score_breakdown":["Floors Climbed (33): 165","Enemies Slain (9): 18","Exordium Elites Killed (4): 40","City Elites Killed (2): 40","Bosses Slain (1): 50","Ascension (20): 313"],"is_ascension_mode":true,"potions_obtained_alchemize":[[],[],[],[],[],[],[],[],[],[],[],[],[],[],[],[],[],[],[],[],[],[],[],[],[],[],[],[],[],[],[],[],[]],"campfire_choices":[{"data":"Perfected Strike","floor":7,"key":"SMITH"},{"floor":12,"key":"REST"},{"data":"Bash","floor":15,"key":"SMITH"},{"floor":24,"key":"REST"},{"floor":27,"key":"REST"},{"floor":30,"key":"REST"},{"floor":32,"key":"REST"}],"lesson_learned_per_floor":[[],[],[],[],[],[],[],[],[],[],[],[],[],[],[],[],[],[],[],[],[],[],[],[],[],[],[],[],[],[],[],[],[]],"neow_cost":"NO_GOLD","improvable_cards":{},"seed_source_timestamp":6069627748795,"shop_contents":[{"floor":21,"relics":["Whetstone","Frozen Egg 2","Chemical X"],"cards":["Hemokinesis","Searing Blow","Entrench","Dark Embrace","Mind Blast"],"potions":["Dexterity Potion","AttackPotion","ElixirPotion"]}],"circlet_count":0,"master_deck":["AscendersBane","Strike_R","Strike_R","Strike_R","Strike_R","Defend_R","Defend_R+1","Defend_R","Defend_R","Bash+1","Sever Soul","Perfected Strike+1","Iron Wave","Second Wind+1","Pommel Strike","Twin Strike","Anger","Dark Embrace","Brutality","Impervious","Master of Strategy","Body Slam","Rage+1","Shockwave","Headbutt"],"potion_use_per_floor":[[],[],[],[],[],[],[],["ColorlessPotion"],[],[],[],["Fruit Juice"],[],[],[],["Energy Potion"],[],[],[],["SpeedPotion"],[],[],["BloodPotion"],[],[],[],[],["ColorlessPotion"],[],[],[],[],[]],"relics":["Burning Blood","Unceasing Top","Golden Idol","Champion Belt","Boot","War Paint","Oddly Smooth Stone","Happy Flower","Philosopher\u0027s Stone","Paper Frog","Sundial","Pen Nib","Regal Pillow","Orichalcum"],"potions_floor_usage":[8,12,16,20,23,28],"damage_taken":[{"damage":0,"enemies":"2 Louse","floor":1,"turns":2},{"damage":7,"enemies":"Jaw Worm","floor":2,"turns":3},{"damage":12,"enemies":"Small Slimes","floor":4,"turns":3},{"damage":11,"enemies":"Blue Slaver","floor":5,"turns":3},{"damage":47,"enemies":"Lagavulin","floor":6,"turns":8},{"damage":8,"enemies":"Gremlin Nob","floor":8,"turns":3},{"damage":0,"enemies":"Large Slime","floor":10,"turns":4},{"damage":17,"enemies":"Lagavulin","floor":11,"turns":5},{"damage":22,"enemies":"Gremlin Nob","floor":13,"turns":4},{"damage":4,"enemies":"Slime Boss","floor":16,"turns":10},{"damage":4,"enemies":"Spheric Guardian","floor":18,"turns":3},{"damage":4,"enemies":"2 Thieves","floor":20,"turns":4},{"damage":19,"enemies":"Shelled Parasite and Fungi","floor":22,"turns":6},{"damage":58,"enemies":"Book of Stabbing","floor":23,"turns":5},{"damage":41,"enemies":"Slavers","floor":28,"turns":7},{"damage":21,"enemies":"Centurion and Healer","floor":31,"turns":6},{"damage":79,"enemies":"Automaton","floor":33,"turns":6}],"seed_played":"-7500775032611612838","neow_bonus_log":{"cardsObtained":[],"cardsUpgraded":[],"cardsRemoved":[],"cardsTransformed":[],"relicsObtained":["Unceasing Top"],"maxHpGained":0,"goldGained":0,"damageTaken":0,"goldLost":99,"maxHpLost":0},"potions_obtained":[{"floor":2,"key":"BloodPotion"},{"floor":4,"key":"ColorlessPotion"},{"floor":8,"key":"Fruit Juice"},{"floor":13,"key":"Energy Potion"},{"floor":18,"key":"SpeedPotion"},{"floor":23,"key":"ColorlessPotion"}],"is_trial":false,"path_per_floor":["M","M","?","M","M","E","R","E","T","M","E","R","E","?","R","B",null,"M","?","M","$","M","E","R","?","T","R","E","T","R","M","R","B"],"character_chosen":"IRONCLAD","items_purchased":["Impervious","Master of Strategy"],"campfire_rested":5,"item_purchase_floors":[21,21],"current_hp_per_floor":[74,73,68,62,57,16,16,14,14,20,9,35,19,19,19,21,60,62,62,64,64,51,13,34,34,34,55,20,20,56,41,73,0],"gold":174,"neow_bonus":"ONE_RARE_RELIC","is_prod":false,"is_daily":false,"rewards_skipped":[],"chose_seed":false,"campfire_upgraded":2,"win_rate":0,"floor_exit_playtime":[132,175,181,213,356,436,444,491,509,585,644,682,767,797,804,1025,1082,1124,1153,1229,1291,1402,1506,1527,1566,1578,1581,1726,1732,1737,1852,1883],"timestamp":1665180688,"path_taken":["M","M","?","M","M","E","R","E","T","M","E","R","E","?","R","BOSS","M","?","M","$","M","E","R","?","T","R","E","?","R","M","R","BOSS"],"build_version":"2022-10-04","purchased_purges":1,"victory":false,"max_hp_per_floor":[75,75,68,68,68,68,68,68,68,68,68,73,73,73,73,73,73,73,73,73,73,73,73,73,73,73,73,73,73,73,73,73,73],"relic_stats":{"Regal Pillow":26,"Happy Flower":[15],"counters":[17,82],"Golden Idol":91,"Pen Nib":[5],"War Paint":["Defend_R","Second Wind"],"Orichalcum":[24],"Boot":[22],"Burning Blood":96,"Sundial":[2],"Champion Belt":[12],"obtain_stats":[{"Regal Pillow":28,"Happy Flower":13,"Golden Idol":3,"Oddly Smooth Stone":11,"Pen Nib":26,"War Paint":9,"Orichalcum":29,"Boot":8,"Burning Blood":0,"Sundial":25,"Philosopher\u0027s Stone":17,"Champion Belt":6,"Unceasing Top":0,"Paper Frog":23},{"Regal Pillow":15,"Happy Flower":9,"Golden Idol":2,"Oddly Smooth Stone":8,"Pen Nib":14,"War Paint":6,"Orichalcum":15,"Boot":6,"Burning Blood":0,"Sundial":14,"Philosopher\u0027s Stone":10,"Champion Belt":5,"Unceasing Top":0,"Paper Frog":14},{"Regal Pillow":70,"Happy Flower":35,"Golden Idol":5,"Oddly Smooth Stone":31,"Pen Nib":63,"War Paint":22,"Orichalcum":70,"Boot":22,"Burning Blood":0,"Sundial":63,"Philosopher\u0027s Stone":45,"Champion Belt":19,"Unceasing Top":0,"Paper Frog":63}],"Unceasing Top":[7]},"card_choices":[{"not_picked":["Shrug It Off","Disarm"],"picked":"Sever Soul","floor":1},{"not_picked":["Iron Wave","Havoc"],"picked":"Perfected Strike","floor":2},{"not_picked":["Entrench","Body Slam"],"picked":"Iron Wave","floor":4},{"not_picked":["Burning Pact","Juggernaut"],"picked":"Second Wind","floor":5},{"not_picked":["Perfected Strike","Flex"],"picked":"Pommel Strike","floor":6},{"not_picked":["Wild Strike","Reckless Charge"],"picked":"Twin Strike","floor":8},{"not_picked":["Flex","Anger","Burning Pact"],"picked":"SKIP","floor":10},{"not_picked":["Flex","Burning Pact"],"picked":"Anger","floor":10},{"not_picked":["Bloodletting","Intimidate"],"picked":"Dark Embrace","floor":11},{"not_picked":["Inflame","Wild Strike","Dual Wield"],"picked":"SKIP","floor":13},{"not_picked":["Bludgeon","Juggernaut"],"picked":"Brutality","floor":16},{"not_picked":["Clothesline","Cleave","Sword Boomerang"],"picked":"SKIP","floor":18},{"not_picked":["Clash","Evolve","Sword Boomerang"],"picked":"SKIP","floor":20},{"not_picked":["Dark Embrace","Sword Boomerang"],"picked":"Body Slam","floor":22},{"not_picked":["Evolve","Clash+1"],"picked":"Rage+1","floor":23},{"not_picked":["Flame Barrier","Sentinel"],"picked":"Shockwave","floor":28},{"not_picked":["Clash","Armaments"],"picked":"Headbutt","floor":31}],"player_experience":4099648,"relics_obtained":[{"floor":6,"key":"Champion Belt"},{"floor":8,"key":"Boot"},{"floor":9,"key":"War Paint"},{"floor":11,"key":"Oddly Smooth Stone"},{"floor":13,"key":"Happy Flower"},{"floor":23,"key":"Paper Frog"},{"floor":26,"key":"Pen Nib"},{"floor":28,"key":"Regal Pillow"},{"floor":29,"key":"Orichalcum"}],"event_choices":[{"damage_healed":0,"gold_gain":0,"player_choice":"Lose Max HP","damage_taken":0,"relics_obtained":["Golden Idol"],"max_hp_gain":0,"max_hp_loss":7,"event_name":"Golden Idol","floor":3,"gold_loss":0},{"damage_healed":0,"gold_gain":0,"player_choice":"Fled","damage_taken":0,"max_hp_gain":0,"max_hp_loss":0,"event_name":"Scrap Ooze","floor":14,"gold_loss":0},{"damage_healed":0,"gold_gain":0,"player_choice":"Ignored","damage_taken":0,"max_hp_gain":0,"max_hp_loss":0,"event_name":"Vampires","floor":19,"gold_loss":0},{"damage_healed":0,"gold_gain":0,"player_choice":"Obtained Relic","damage_taken":0,"relics_obtained":["Sundial"],"max_hp_gain":0,"max_hp_loss":0,"event_name":"Addict","floor":25,"gold_loss":85}],"is_beta":false,"boss_relics":[{"not_picked":["Empty Cage","Runic Dome"],"picked":"Philosopher\u0027s Stone"}],"items_purged_floors":[21],"is_endless":false,"potions_floor_spawned":[2,4,8,13,18,23],"killed_by":"Automaton","ascension_level":20,"potion_discard_per_floor":[[],[],[],[],[],[],[],[],[],[],[],[],[],[],[],[],[],[],[],[],[],[],[],[],[],[],[],[],[],[],[],[],[]]}