{"neow_bonuses_skipped_log":["REMOVE_CARD","REMOVE_TWO","BOSS_RELIC"],"neow_costs_skipped_log":["NONE","NO_GOLD","NONE"],"potions_obtained_entropic_brew":[[],[],[],[],[],[],[],[],[],[]],"gold_per_floor":[119,20,31,41,58,92,102,112,112,112],"floor_reached":10,"playtime":737,"items_purged":["Strike_R"],"score":144,"play_id":"1b56997d-2bc1-4b71-aedc-b2a9a8b978c0","local_time":"20221007204817","score_breakdown":["Floors Climbed (10): 50","Enemies Slain (6): 12","Exordium Elites Killed (1): 10","Bosses Slain (0): 0","Ascension (20): 72"],"is_ascension_mode":true,"potions_obtained_alchemize":[[],[],[],[],[],[],[],[],[],[]],"campfire_choices":[],"lesson_learned_per_floor":[[],[],[],[],[],[],[],[],[],[]],"neow_cost":"NONE","improvable_cards":{},"seed_source_timestamp":16796725539458,"shop_contents":[{"floor":2,"relics":["Dead Branch","Blood Vial","Lee\u0027s Waffle"],"cards":["Blood for Blood","Warcry","Havoc","Feel No Pain","Deep Breath","Magnetism"],"potions":["EssenceOfSteel","EssenceOfSteel","BlessingOfTheForge"]}],"circlet_count":0,"master_deck":["AscendersBane","Strike_R","Strike_R","Strike_R","Strike_R","Defend_R","Defend_R","Defend_R","Defend_R","Bash","Whirlwind","Headbutt","Anger","Infernal Blade","Impervious","Evolve"],"potion_use_per_floor":[[],[],[],[],[],["GamblersBrew"],[],[],[],[]],"relics":["Burning Blood","Tiny Chest","Ancient Tea Set","Du-Vu Doll"],"potions_floor_usage":[6],"damage_taken":[{"damage":2,"enemies":"Cultist","floor":1,"turns":4},{"damage":9,"enemies":"Small Slimes","floor":3,"turns":4},{"damage":2,"enemies":"Jaw Worm","floor":4,"turns":3},{"damage":7,"enemies":"Looter","floor":5,"turns":4},{"damage":32,"enemies":"Gremlin Nob","floor":6,"turns":4},{"damage":11,"enemies":"Blue Slaver","floor":7,"turns":5},{"damage":33,"enemies":"Gremlin Gang","floor":8,"turns":9},{"damage":21,"enemies":"Large Slime","floor":10,"turns":3}],"seed_played":"1450818296654295855","neow_bonus_log":{"cardsObtained":[],"cardsUpgraded":[],"cardsRemoved":[],"cardsTransformed":[],"relicsObtained":["Tiny Chest"],"maxHpGained":0,"goldGained":0,"damageTaken":0,"goldLost":0,"maxHpLost":0},"potions_obtained":[{"floor":1,"key":"GamblersBrew"}],"is_trial":false,"path_per_floor":["M","$","M","M","M","E","M","M","T","M"],"character_chosen":"IRONCLAD","items_purchased":["Headbutt"],"campfire_rested":0,"item_purchase_floors":[2],"current_hp_per_floor":[72,72,69,73,72,46,41,14,14,0],"gold":112,"neow_bonus":"RANDOM_COMMON_RELIC","is_prod":false,"is_daily":false,"rewards_skipped":[],"chose_seed":false,"campfire_upgraded":0,"win_rate":0,"floor_exit_playtime":[95,126,200,237,288,364,429,606,662],"timestamp":1665190097,"path_taken":["M","$","M","M","M","E","M","?","T","M"],"build_version":"2022-10-04","purchased_purges":1,"victory":false,"max_hp_per_floor":[75,75,75,75,75,75,75,75,75,75],"relic_stats":{"counters":[8,36],"Tiny Chest":0,"Ancient Tea Set":[0],"obtain_stats":[{"Du-Vu Doll":9,"Tiny Chest":0,"Ancient Tea Set":6,"Burning Blood":0},{"Du-Vu Doll":7,"Tiny Chest":0,"Ancient Tea Set":5,"Burning Blood":0},{"Du-Vu Doll":33,"Tiny Chest":0,"Ancient Tea Set":19,"Burning Blood":0}],"Burning Blood":42},"card_choices":[{"not_picked":["Sword Boomerang","Cleave"],"picked":"Whirlwind","floor":1},{"not_picked":["True Grit","Perfected Strike"],"picked":"Anger","floor":3},{"not_picked":["Perfected Strike","Body Slam","Whirlwind"],"picked":"SKIP","floor":4},{"not_picked":["Intimidate","Clash"],"picked":"Infernal Blade","floor":5},{"not_picked":["Wild Strike","Pommel Strike"],"picked":"Impervious","floor":6},{"not_picked":["Searing Blow","Infernal Blade"],"picked":"Evolve","floor":7},{"not_picked":["Heavy Blade","Twin Strike","Sentinel"],"picked":"SKIP","floor":8}],"player_experience":4109569,"relics_obtained":[{"floor":6,"key":"Ancient Tea Set"},{"floor":9,"key":"Du-Vu Doll"}],"event_choices":[],"is_beta":false,"boss_relics":[],"items_purged_floors":[2],"is_endless":false,"potions_floor_spawned":[1],"killed_by":"Large Slime","ascension_level":20,"potion_discard_per_floor":[[],[],[],[],[],[],[],[],[],[]]}