{"neow_bonuses_skipped_log":["THREE_ENEMY_KILL"],"neow_costs_skipped_log":["NONE"],"potions_obtained_entropic_brew":[[],[],[],[],[],[],[],[],[],[],[],[],[],[],[],[],[],[],[],[],[],[],[],[],[],[],[],[],[],[],[],[],[]],"gold_per_floor":[116,130,140,158,83,83,117,131,131,141,169,169,180,190,190,265,265,279,279,42,59,71,96,111,111,137,180,180,202,252,288,288,288],"floor_reached":33,"playtime":3113,"items_purged":["Strike_R"],"score":842,"play_id":"4d726557-ea3b-4e9d-8033-7db3db54ac23","local_time":"20221009204206","score_breakdown":["Floors Climbed (33): 165","Enemies Slain (13): 26","Exordium Elites Killed (2): 20","City Elites Killed (3): 60","Bosses Slain (1): 50","Champion (1): 25","Perfect (1): 50","Overkill: 25","Ascension (20): 421"],"is_ascension_mode":true,"potions_obtained_alchemize":[[],[],[],[],[],[],[],[],[],[],[],[],[],[],[],[],[],[],[],[],[],[],[],[],[],[],[],[],[],[],[],[],[]],"campfire_choices":[{"data":"Whirlwind","floor":6,"key":"SMITH"},{"data":"Pommel Strike","floor":12,"key":"SMITH"},{"data":"Immolate","floor":15,"key":"SMITH"},{"data":"Armaments","floor":25,"key":"SMITH"},{"data":"Uppercut","floor":28,"key":"SMITH"},{"data":"Rage","floor":32,"key":"SMITH"}],"lesson_learned_per_floor":[[],[],[],[],[],[],[],[],[],[],[],[],[],[],[],[],[],[],[],[],[],[],[],[],[],[],[],[],[],[],[],[],[]],"neow_cost":"NONE","improvable_cards":{"RitualDagger":[33]},"seed_source_timestamp":22470575323686,"shop_contents":[{"floor":20,"relics":["Centennial Puzzle","MealTicket"],"cards":["Body Slam","Headbutt","True Grit","Warcry","Fire Breathing","Dramatic Entrance","Panache"],"potions":["PowerPotion","ColorlessPotion","LiquidMemories"]}],"circlet_count":0,"master_deck":["AscendersBane","Strike_R","Strike_R","Strike_R","Strike_R","Defend_R","Defend_R","Defend_R","Bash","Iron Wave","Metallicize","Whirlwind+1","Twin Strike","Pommel Strike+1","Double Tap","Headbutt","Shrug It Off","Immolate+1","Reaper","RitualDagger","Power Through","Uppercut+1","Impervious","Armaments+1","Battle Trance","Rage+1","Sever Soul"],"potion_use_per_floor":[[],[],[],[],[],[],["Regen Potion"],[],[],[],["Block Potion"],[],[],[],[],["SkillPotion"],[],[],[],[],[],[],[],[],[],[],[],[],[],[],[],[],["SkillPotion","BloodPotion"]],"relics":["Burning Blood","StoneCalendar","Sundial","Mercury Hourglass","Sozu","Sling","Lantern","Pen Nib","CeramicFish","Smiling Mask"],"potions_floor_usage":[7,11,16,33,33],"damage_taken":[{"damage":1,"enemies":"Cultist","floor":1,"turns":3},{"damage":9,"enemies":"Small Slimes","floor":2,"turns":4},{"damage":0,"enemies":"2 Louse","floor":3,"turns":5},{"damage":25,"enemies":"Lots of Slimes","floor":4,"turns":5},{"damage":40,"enemies":"Lagavulin","floor":7,"turns":7},{"damage":9,"enemies":"Large Slime","floor":8,"turns":4},{"damage":6,"enemies":"Exordium Thugs","floor":10,"turns":3},{"damage":0,"enemies":"3 Sentries","floor":11,"turns":5},{"damage":10,"enemies":"Blue Slaver","floor":13,"turns":2},{"damage":0,"enemies":"Large Slime","floor":14,"turns":6},{"damage":0,"enemies":"Slime Boss","floor":16,"turns":6},{"damage":9,"enemies":"2 Thieves","floor":18,"turns":2},{"damage":0,"enemies":"Spheric Guardian","floor":21,"turns":3},{"damage":25,"enemies":"Centurion and Healer","floor":22,"turns":7},{"damage":22,"enemies":"Gremlin Leader","floor":23,"turns":4},{"damage":35,"enemies":"Cultist and Chosen","floor":24,"turns":6},{"damage":12,"enemies":"Book of Stabbing","floor":27,"turns":5},{"damage":18,"enemies":"Shelled Parasite and Fungi","floor":29,"turns":7},{"damage":4,"enemies":"Slavers","floor":31,"turns":2},{"damage":107,"enemies":"Champ","floor":33,"turns":15}],"green_key_taken_log":11,"seed_played":"423940998562655861","neow_bonus_log":{"cardsObtained":[],"cardsUpgraded":[],"cardsRemoved":[],"cardsTransformed":[],"relicsObtained":[],"maxHpGained":7,"goldGained":0,"damageTaken":0,"goldLost":0,"maxHpLost":0},"potions_obtained":[{"floor":2,"key":"Regen Potion"},{"floor":8,"key":"Block Potion"},{"floor":10,"key":"Dexterity Potion"},{"floor":13,"key":"SkillPotion"},{"floor":14,"key":"SkillPotion"},{"floor":16,"key":"BloodPotion"}],"is_trial":false,"path_per_floor":["M","M","M","M","?","R","E","M","T","M","E","R","M","M","R","B",null,"M","?","$","M","M","E","M","R","T","E","R","M","?","E","R","B"],"character_chosen":"IRONCLAD","items_purchased":["Sling"],"campfire_rested":0,"item_purchase_floors":[20],"current_hp_per_floor":[80,77,82,63,63,63,44,41,41,41,47,47,43,49,49,55,75,72,66,66,72,63,68,45,45,45,50,50,44,44,46,46,0],"gold":288,"neow_bonus":"TEN_PERCENT_HP_BONUS","is_prod":false,"is_daily":false,"rewards_skipped":[{"floor":18,"relics":[],"potions":["LiquidMemories"]},{"floor":27,"relics":[],"potions":["BloodPotion"]},{"floor":31,"relics":[],"potions":["SteroidPotion"]}],"chose_seed":false,"campfire_upgraded":6,"win_rate":0,"floor_exit_playtime":[178,275,320,385,401,407,527,703,717,784,885,891,910,1049,1064,1229,1406,1460,1464,1479,1544,1666,1731,1968,1986,1992,2082,2090,2256,2270,2407,2423],"timestamp":1665362526,"path_taken":["M","?","M","M","?","R","E","M","T","M","E","R","M","M","R","BOSS","M","?","$","M","M","E","M","R","T","E","R","M","?","E","R","BOSS"],"build_version":"2022-10-04","purchased_purges":1,"victory":false,"max_hp_per_floor":[82,82,82,82,82,82,82,82,82,82,82,82,82,82,82,82,82,82,82,82,82,82,82,82,82,82,82,82,82,82,82,82,82],"relic_stats":{"Sozu":3,"counters":[20,101],"Sundial":[6],"CeramicFish":27,"StoneCalendar":[75],"Pen Nib":[5],"Smiling Mask":0,"obtain_stats":[{"Sozu":17,"Lantern":23,"Sundial":9,"CeramicFish":27,"StoneCalendar":7,"Pen Nib":26,"Sling":20,"Smiling Mask":31,"Burning Blood":0,"Mercury Hourglass":11},{"Sozu":11,"Lantern":15,"Sundial":6,"CeramicFish":17,"StoneCalendar":5,"Pen Nib":16,"Sling":12,"Smiling Mask":19,"Burning Blood":0,"Mercury Hourglass":8},{"Sozu":50,"Lantern":66,"Sundial":28,"CeramicFish":77,"StoneCalendar":24,"Pen Nib":72,"Sling":52,"Smiling Mask":86,"Burning Blood":0,"Mercury Hourglass":36}],"Burning Blood":113,"Mercury Hourglass":[183]},"card_choices":[{"not_picked":["Twin Strike","Headbutt"],"picked":"Iron Wave","floor":1},{"not_picked":["Warcry","Clash"],"picked":"Metallicize","floor":2},{"not_picked":["Thunderclap","Bloodletting"],"picked":"Whirlwind","floor":3},{"not_picked":["Thunderclap","Entrench"],"picked":"Twin Strike","floor":4},{"not_picked":["Rampage","Armaments"],"picked":"Pommel Strike","floor":7},{"not_picked":["Power Through","Cleave"],"picked":"Double Tap","floor":8},{"not_picked":["Seeing Red","Entrench","Intimidate"],"picked":"SKIP","floor":10},{"not_picked":["Havoc","Shrug It Off"],"picked":"Headbutt","floor":11},{"not_picked":["Sever Soul","Infernal Blade"],"picked":"Shrug It Off","floor":13},{"not_picked":["Clothesline","Flex"],"picked":"Immolate","floor":14},{"not_picked":["Bludgeon","Juggernaut"],"picked":"Reaper","floor":16},{"not_picked":["Anger","Flex","Havoc"],"picked":"SKIP","floor":18},{"not_picked":["Armaments","Hemokinesis"],"picked":"Power Through","floor":21},{"not_picked":["Pommel Strike","Evolve"],"picked":"Uppercut","floor":22},{"not_picked":["Blood for Blood","Hemokinesis"],"picked":"Impervious","floor":23},{"not_picked":["Headbutt+1","Perfected Strike"],"picked":"Armaments","floor":24},{"not_picked":["Rage","Fire Breathing"],"picked":"Battle Trance","floor":27},{"not_picked":["Intimidate","Flex"],"picked":"Rage","floor":29},{"not_picked":["Body Slam","Armaments"],"picked":"Sever Soul","floor":31}],"player_experience":4129324,"relics_obtained":[{"floor":7,"key":"StoneCalendar"},{"floor":9,"key":"Sundial"},{"floor":11,"key":"Mercury Hourglass"},{"floor":23,"key":"Lantern"},{"floor":26,"key":"Pen Nib"},{"floor":27,"key":"CeramicFish"},{"floor":31,"key":"Smiling Mask"}],"event_choices":[{"cards_removed":["Defend_R"],"damage_healed":0,"gold_gain":0,"player_choice":"Card Removal","damage_taken":0,"max_hp_gain":0,"max_hp_loss":0,"event_name":"The Cleric","floor":5,"gold_loss":75},{"damage_healed":0,"gold_gain":0,"player_choice":"Joined the Cult","damage_taken":6,"max_hp_gain":0,"max_hp_loss":0,"event_name":"Nest","floor":19,"gold_loss":0,"cards_obtained":["RitualDagger"]},{"damage_healed":0,"gold_gain":50,"player_choice":"Pray","damage_taken":0,"max_hp_gain":0,"max_hp_loss":0,"event_name":"Golden Shrine","floor":30,"gold_loss":0}],"is_beta":false,"boss_relics":[{"not_picked":["Astrolabe","Runic Cube"],"picked":"Sozu"}],"items_purged_floors":[20],"is_endless":false,"potions_floor_spawned":[2,8,10,13,14,16,18,27,31],"killed_by":"Champ","ascension_level":20,"potion_discard_per_floor":[[],[],[],[],[],[],[],[],[],[],[],[],[],["Dexterity Potion"],[],[],[],[],[],[],[],[],[],[],[],[],[],[],[],[],[],[],[]]}