{"neow_bonuses_skipped_log":["TRANSFORM_CARD","THREE_SMALL_POTIONS","BOSS_RELIC"],"neow_costs_skipped_log":["NONE","NONE","NONE"],"potions_obtained_entropic_brew":[[],[],[],[],[],[],[]],"gold_per_floor":[116,131,0,10,26,26,26],"floor_reached":7,"playtime":597,"items_purged":["Strike_R"],"score":86,"play_id":"9c5a0aa4-ec1a-4f19-9a19-942740e49969","local_time":"20221018185259","score_breakdown":["Floors Climbed (7): 35","Enemies Slain (4): 8","Exordium Elites Killed (0): 0","Bosses Slain (0): 0","Ascension (20): 43"],"is_ascension_mode":true,"potions_obtained_alchemize":[[],[],[],[],[],[],[]],"campfire_choices":[{"data":"Feed","floor":6,"key":"SMITH"}],"lesson_learned_per_floor":[[],[],[],[],[],[],[]],"neow_cost":"TEN_PERCENT_HP_LOSS","improvable_cards":{},"seed_source_timestamp":5595290239955,"shop_contents":[{"floor":3,"relics":["Vajra","Bronze Scales","Strange Spoon"],"cards":["Perfected Strike","Sever Soul","Impervious","Entrench","Metallicize","Impatience","Sadistic Nature"],"potions":["SpeedPotion","EntropicBrew"]}],"circlet_count":0,"master_deck":["AscendersBane","Strike_R","Strike_R","Strike_R","Defend_R","Defend_R","Defend_R","Bash","Feed+1","Barricade","Anger","Shrug It Off","Flame Barrier","Pommel Strike"],"potion_use_per_floor":[[],[],[],[],[],[],["FearPotion","Weak Potion"]],"relics":["Burning Blood"],"potions_floor_usage":[7,7],"damage_taken":[{"damage":7,"enemies":"Jaw Worm","floor":1,"turns":3},{"damage":0,"enemies":"Cultist","floor":2,"turns":2},{"damage":1,"enemies":"Small Slimes","floor":4,"turns":4},{"damage":44,"enemies":"Gremlin Gang","floor":5,"turns":6},{"damage":54,"enemies":"3 Sentries","floor":7,"turns":8}],"seed_played":"-4644414878475348271","neow_bonus_log":{"cardsObtained":["Feed","Barricade"],"cardsUpgraded":[],"cardsRemoved":[],"cardsTransformed":["Strike_R","Defend_R"],"relicsObtained":[],"maxHpGained":0,"goldGained":0,"damageTaken":0,"goldLost":0,"maxHpLost":7},"potions_obtained":[{"floor":2,"key":"SpeedPotion"},{"floor":4,"key":"Weak Potion"}],"is_trial":false,"path_per_floor":["M","M","$","M","M","R","E"],"character_chosen":"IRONCLAD","items_purchased":["FearPotion"],"campfire_rested":0,"item_purchase_floors":[3],"current_hp_per_floor":[70,74,74,77,42,42,0],"gold":26,"neow_bonus":"TRANSFORM_TWO_CARDS","is_prod":false,"is_daily":false,"rewards_skipped":[],"chose_seed":false,"campfire_upgraded":1,"win_rate":0,"floor_exit_playtime":[131,149,190,266,377,393],"timestamp":1666133579,"path_taken":["M","M","$","M","M","R","E"],"build_version":"2022-10-04","purchased_purges":1,"victory":false,"max_hp_per_floor":[71,74,74,77,80,80,84],"relic_stats":{"counters":[5,23],"obtain_stats":[{"Burning Blood":0},{"Burning Blood":0},{"Burning Blood":0}],"Burning Blood":14},"card_choices":[{"not_picked":["Burning Pact","Sword Boomerang"],"picked":"Anger","floor":1},{"not_picked":["True Grit","Sword Boomerang"],"picked":"Shrug It Off","floor":2},{"not_picked":["Armaments","Double Tap"],"picked":"Flame Barrier","floor":4},{"not_picked":["Wild Strike","Havoc"],"picked":"Pommel Strike","floor":5}],"player_experience":4226577,"relics_obtained":[],"event_choices":[],"is_beta":false,"boss_relics":[],"items_purged_floors":[3],"is_endless":false,"potions_floor_spawned":[2,4],"killed_by":"3 Sentries","ascension_level":20,"potion_discard_per_floor":[[],[],[],["SpeedPotion"],[],[],[]]}