{"neow_bonuses_skipped_log":["THREE_ENEMY_KILL"],"potions_obtained_entropic_brew":[[],[],[],[],[],[],[],[],[],[],[],[],[],[],[],[],[],[],[],[],[],[],[],[],[],[],[],[],[],[],[],[],[],[],[],[],[],[],[],[],[],[],[],[],[],[],[],[],[],[],[],[],[],[],[],["LiquidBronze","GamblersBrew"],[]],"neow_costs_skipped_log":["NONE"],"gold_per_floor":[111,127,137,152,162,162,195,195,195,521,521,537,67,93,93,167,167,185,219,236,255,255,282,282,308,334,72,72,105,117,117,117,195,195,210,255,273,148,173,207,207,220,220,220,253,103,103,132,132,132,132,132,132,54,89,89],"floor_reached":57,"playtime":3273,"items_purged":["Strike_R","Strike_R","Strike_R","Bash"],"score":3632,"play_id":"b6909520-2f50-40c9-80c2-a600da7b7071","local_time":"20221019181404","score_breakdown":["Floors Climbed (57): 285","Enemies Slain (13): 26","Exordium Elites Killed (3): 30","City Elites Killed (3): 60","Beyond Elites Killed (3): 90","Bosses Slain (5): 750","Speedster: 25","Money Money (1115): 25","Champion (7): 175","Beyond Perfect: 200","Overkill: 25","C-c-c-combo: 25","Ascension (20): 1666","Heartbreaker: 250"],"is_ascension_mode":true,"potions_obtained_alchemize":[[],[],[],[],[],[],[],[],[],[],[],[],[],[],[],[],[],[],[],[],[],[],[],[],[],[],[],[],[],[],[],[],[],[],[],[],[],[],[],[],[],[],[],[],[],[],[],[],[],[],[],[],[],[],[],[],[]],"campfire_choices":[{"data":"Hemokinesis","floor":6,"key":"SMITH"},{"data":"Pommel Strike","floor":8,"key":"SMITH"},{"data":"Shockwave","floor":11,"key":"SMITH"},{"data":"Power Through","floor":15,"key":"SMITH"},{"floor":24,"key":"RECALL"},{"data":"Second Wind","floor":28,"key":"SMITH"},{"data":"Shrug It Off","floor":32,"key":"SMITH"},{"data":"Demon Form","floor":44,"key":"SMITH"},{"data":"Offering","floor":47,"key":"SMITH"},{"data":"Defend_R","floor":49,"key":"SMITH"},{"data":"Defend_R","floor":53,"key":"SMITH"}],"lesson_learned_per_floor":[[],[],[],[],[],[],[],[],[],[],[],[],[],[],[],[],[],[],[],[],[],[],[],[],[],[],[],[],[],[],[],[],[],[],[],[],[],[],[],[],[],[],[],[],[],[],[],[],[],[],[],[],[],[],[],[],[]],"neow_cost":"NONE","improvable_cards":{},"seed_source_timestamp":224843018286,"shop_contents":[{"floor":13,"relics":["Nunchaku","Cauldron"],"cards":["Whirlwind","Clothesline","Ghostly Armor","True Grit","Rupture","Impatience","Violence"],"potions":["Weak Potion","HeartOfIron"]},{"floor":27,"relics":["Bottled Flame","Frozen Egg 2"],"cards":["Pommel Strike","Cleave","Armaments","Havoc","Combust","PanicButton","Thinking Ahead"],"potions":["Block Potion","Fire Potion","EssenceOfSteel"]},{"floor":38,"relics":["Eternal Feather","Lantern","Toolbox"],"cards":["Bludgeon","Sword Boomerang","Burning Pact","Warcry","Combust","Enlightenment","Transmutation"],"potions":["Energy Potion","SteroidPotion","AttackPotion"]},{"floor":46,"relics":["Ice Cream","Oddly Smooth Stone","ClockworkSouvenir"],"cards":["Wild Strike","Searing Blow","Havoc","Sentinel","Inflame","Bandage Up","HandOfGreed"],"potions":["SpeedPotion","EssenceOfSteel","DistilledChaos"]},{"floor":54,"relics":["Mercury Hourglass","Happy Flower","Sling"],"cards":["Hemokinesis","Iron Wave","Shrug It Off","Dark Embrace","Flash of Steel","Mayhem"],"potions":["PowerPotion","AttackPotion","SkillPotion"]}],"circlet_count":0,"master_deck":["AscendersBane","Defend_R","Defend_R","Defend_R+1","Defend_R+1","Shockwave+1","Hemokinesis+1","Shrug It Off+1","Second Wind+1","Pommel Strike+1","Seeing Red","Exhume","Power Through+1","Corruption","Corruption","Exhume","Offering+1","Disarm+1","Demon Form+1","Body Slam+1","Flame Barrier+1","Second Wind","Sentinel"],"potion_use_per_floor":[[],[],[],["Regen Potion"],[],[],[],[],[],[],[],[],[],[],[],["PowerPotion"],[],[],[],[],[],[],[],[],[],[],[],[],[],[],[],[],[],[],[],[],[],[],[],[],[],[],[],[],[],[],[],[],[],[],[],[],[],[],[],["Swift Potion","EntropicBrew","LiquidBronze","GamblersBrew"],[]],"relics":["Burning Blood","Dead Branch","StoneCalendar","Old Coin","Pocketwatch","Magic Flower","Snecko Eye","Red Mask","Bronze Scales","Bag of Marbles","Medical Kit","Charon\u0027s Ashes","Mark of Pain","Lizard Tail","FossilizedHelix","Du-Vu Doll","Paper Frog","Torii","Strawberry","Akabeko"],"potions_floor_usage":[4,16,56,56,56,56],"damage_taken":[{"damage":1,"enemies":"Cultist","floor":1,"turns":3},{"damage":14,"enemies":"Jaw Worm","floor":2,"turns":4},{"damage":8,"enemies":"Small Slimes","floor":3,"turns":4},{"damage":16,"enemies":"3 Louse","floor":4,"turns":6},{"damage":3,"enemies":"Looter","floor":5,"turns":4},{"damage":29,"enemies":"Gremlin Nob","floor":7,"turns":4},{"damage":12,"enemies":"3 Sentries","floor":10,"turns":7},{"damage":5,"enemies":"Blue Slaver","floor":12,"turns":3},{"damage":4,"enemies":"Lagavulin","floor":14,"turns":7},{"damage":0,"enemies":"Hexaghost","floor":16,"turns":7},{"damage":0,"enemies":"Spheric Guardian","floor":18,"turns":3},{"damage":7,"enemies":"Masked Bandits","floor":19,"turns":4},{"damage":0,"enemies":"Shell Parasite","floor":20,"turns":4},{"damage":5,"enemies":"Snecko","floor":21,"turns":2},{"damage":19,"enemies":"Slavers","floor":23,"turns":4},{"damage":2,"enemies":"Gremlin Leader","floor":25,"turns":3},{"damage":6,"enemies":"Book of Stabbing","floor":29,"turns":3},{"damage":0,"enemies":"Snake Plant","floor":30,"turns":1},{"damage":6,"enemies":"Collector","floor":33,"turns":1},{"damage":3,"enemies":"Orb Walker","floor":35,"turns":2},{"damage":0,"enemies":"2 Orb Walkers","floor":36,"turns":2},{"damage":2,"enemies":"3 Shapes","floor":37,"turns":1},{"damage":0,"enemies":"Mind Bloom Boss Battle","floor":39,"turns":1},{"damage":6,"enemies":"Giant Head","floor":40,"turns":3},{"damage":0,"enemies":"3 Darklings","floor":42,"turns":2},{"damage":0,"enemies":"Reptomancer","floor":45,"turns":3},{"damage":0,"enemies":"Giant Head","floor":48,"turns":4},{"damage":0,"enemies":"Awakened One","floor":50,"turns":5},{"damage":3,"enemies":"Time Eater","floor":51,"turns":3},{"damage":9,"enemies":"Shield and Spear","floor":55,"turns":1},{"damage":0,"enemies":"The Heart","floor":56,"turns":5}],"green_key_taken_log":14,"seed_played":"7821182735288479173","neow_bonus_log":{"cardsObtained":[],"cardsUpgraded":[],"cardsRemoved":[],"cardsTransformed":[],"relicsObtained":[],"maxHpGained":7,"goldGained":0,"damageTaken":0,"goldLost":0,"maxHpLost":0},"potions_obtained":[{"floor":3,"key":"Regen Potion"},{"floor":7,"key":"AttackPotion"},{"floor":14,"key":"Fire Potion"},{"floor":18,"key":"Swift Potion"},{"floor":30,"key":"Weak Potion"},{"floor":37,"key":"EntropicBrew"}],"is_trial":false,"path_per_floor":["M","M","M","M","M","R","E","R","T","E","R","M","$","E","R","B",null,"M","?","M","M","?","E","R","E","T","$","R","E","M","?","R","B",null,"M","?","M","$","?","E","?","M","T","R","E","$","R","E","R","B","B",null,"R","$","E","B",null],"character_chosen":"IRONCLAD","items_purchased":["PowerPotion","Pocketwatch","Medical Kit","Second Wind"],"campfire_rested":0,"item_purchase_floors":[13,13,27,54],"current_hp_per_floor":[80,72,70,75,78,78,55,55,55,49,49,50,50,52,52,61,77,82,82,82,82,82,72,72,79,79,79,79,82,82,82,82,82,82,82,82,82,82,82,82,78,78,78,78,78,78,78,85,85,85,85,85,85,85,85,85],"gold":89,"neow_bonus":"TEN_PERCENT_HP_BONUS","is_prod":false,"is_daily":false,"rewards_skipped":[{"floor":29,"relics":[],"potions":["SteroidPotion"]},{"floor":33,"relics":[],"potions":["Weak Potion"]},{"floor":35,"relics":[],"potions":["PowerPotion"]},{"floor":36,"relics":[],"potions":["SteroidPotion"]},{"floor":45,"relics":[],"potions":["PowerPotion"]}],"chose_seed":false,"campfire_upgraded":10,"win_rate":0,"floor_exit_playtime":[74,114,194,359,411,417,520,526,531,639,646,694,742,869,885,1013,1056,1110,1238,1317,1364,1370,1471,1475,1558,1561,1581,1593,1703,1745,1750,1770,1875,1915,1979,2079,2118,2131,2207,2338,2347,2392,2410,2417,2544,2552,2561,2681,2688,2827,2971,2981,2988,3002,3074,3273],"timestamp":1666217644,"blue_key_relic_skipped_log":{"floor":26,"relicID":"Boot"},"path_taken":["M","M","M","M","M","R","E","R","T","E","R","M","$","E","R","BOSS","M","?","M","M","?","E","R","E","T","$","R","E","?","?","R","BOSS","M","?","M","$","?","E","?","M","T","R","E","?","R","E","R","BOSS","BOSS","R","$","E","BOSS"],"build_version":"2022-10-04","purchased_purges":4,"victory":true,"max_hp_per_floor":[82,82,82,82,82,82,82,82,82,82,82,82,82,82,82,82,82,82,82,82,82,82,82,82,82,82,82,82,82,82,82,82,82,82,82,82,82,82,82,82,78,78,78,78,78,78,78,85,85,85,85,85,85,85,85,85],"relic_stats":{"Torii":0,"counters":[31,106],"Dead Branch":[583],"Magic Flower":[16],"StoneCalendar":[27],"Charon\u0027s Ashes":[1449],"Medical Kit":[33],"Burning Blood":136,"Lizard Tail":0,"Bronze Scales":[120],"Snecko Eye":[100,102,77,85,-35],"obtain_stats":[{"Torii":45,"Dead Branch":7,"Magic Flower":14,"StoneCalendar":9,"Charon\u0027s Ashes":29,"Medical Kit":27,"Burning Blood":0,"Akabeko":55,"Old Coin":10,"Du-Vu Doll":40,"Lizard Tail":36,"Bronze Scales":23,"Strawberry":48,"Snecko Eye":17,"Mark of Pain":34,"Red Mask":19,"Bag of Marbles":25,"FossilizedHelix":39,"Pocketwatch":13,"Paper Frog":43},{"Torii":26,"Dead Branch":6,"Magic Flower":9,"StoneCalendar":6,"Charon\u0027s Ashes":17,"Medical Kit":16,"Burning Blood":0,"Akabeko":30,"Old Coin":7,"Du-Vu Doll":24,"Lizard Tail":21,"Bronze Scales":15,"Strawberry":27,"Snecko Eye":10,"Mark of Pain":19,"Red Mask":12,"Bag of Marbles":16,"FossilizedHelix":23,"Pocketwatch":8,"Paper Frog":25},{"Torii":88,"Dead Branch":25,"Magic Flower":42,"StoneCalendar":25,"Charon\u0027s Ashes":72,"Medical Kit":69,"Burning Blood":0,"Akabeko":101,"Old Coin":32,"Du-Vu Doll":83,"Lizard Tail":78,"Bronze Scales":66,"Strawberry":92,"Snecko Eye":49,"Mark of Pain":74,"Red Mask":56,"Bag of Marbles":69,"FossilizedHelix":80,"Pocketwatch":35,"Paper Frog":85}],"FossilizedHelix":[29],"Pocketwatch":[57]},"card_choices":[{"not_picked":["Armaments","Carnage"],"picked":"Shockwave","floor":1},{"not_picked":["Pommel Strike","Body Slam"],"picked":"Hemokinesis","floor":2},{"not_picked":["Sword Boomerang","Clothesline"],"picked":"Shrug It Off","floor":3},{"not_picked":["Clash","Carnage","Flex"],"picked":"SKIP","floor":4},{"not_picked":["Clash","Carnage","Flex"],"picked":"SKIP","floor":4},{"not_picked":["Uppercut","Twin Strike"],"picked":"Second Wind","floor":5},{"not_picked":["Havoc","Dark Embrace"],"picked":"Pommel Strike","floor":7},{"not_picked":["Clothesline","Heavy Blade"],"picked":"Seeing Red","floor":10},{"not_picked":["Pommel Strike","Twin Strike"],"picked":"Exhume","floor":12},{"not_picked":["Evolve","Headbutt"],"picked":"Power Through","floor":14},{"not_picked":["Barricade","Exhume"],"picked":"Corruption","floor":16},{"not_picked":["Iron Wave+1","Cleave","Armaments"],"picked":"SKIP","floor":18},{"not_picked":["Reckless Charge","Sword Boomerang","Flex"],"picked":"SKIP","floor":19},{"not_picked":["Heavy Blade","Metallicize"],"picked":"Corruption","floor":20},{"not_picked":["Clothesline","Sword Boomerang","Armaments"],"picked":"SKIP","floor":21},{"not_picked":["Power Through","Headbutt"],"picked":"Exhume","floor":23},{"not_picked":["Anger","Heavy Blade"],"picked":"Offering","floor":25},{"not_picked":["Perfected Strike","Pommel Strike"],"picked":"Disarm+1","floor":29},{"not_picked":["Inflame","Twin Strike","Sever Soul"],"picked":"SKIP","floor":30},{"not_picked":["Bludgeon","Double Tap"],"picked":"Demon Form","floor":33},{"not_picked":["Sword Boomerang","Anger"],"picked":"Body Slam+1","floor":35},{"not_picked":["Twin Strike","Rupture","Flex"],"picked":"SKIP","floor":36},{"not_picked":["Inflame","Metallicize"],"picked":"Flame Barrier+1","floor":37},{"not_picked":["Pommel Strike+1","Battle Trance","Flame Barrier"],"picked":"SKIP","floor":39},{"not_picked":["True Grit","Combust","Blood for Blood+1"],"picked":"SKIP","floor":40},{"not_picked":["True Grit+1","Infernal Blade","Clash"],"picked":"SKIP","floor":42},{"not_picked":["Body Slam","Pommel Strike","Evolve"],"picked":"SKIP","floor":45},{"not_picked":["Havoc","Feed","Clothesline+1"],"picked":"SKIP","floor":48},{"not_picked":["Shrug It Off","Seeing Red"],"picked":"Sentinel","floor":55}],"player_experience":4235406,"relics_obtained":[{"floor":7,"key":"Dead Branch"},{"floor":9,"key":"StoneCalendar"},{"floor":10,"key":"Old Coin"},{"floor":14,"key":"Magic Flower"},{"floor":19,"key":"Red Mask"},{"floor":23,"key":"Bronze Scales"},{"floor":25,"key":"Bag of Marbles"},{"floor":29,"key":"Charon\u0027s Ashes"},{"floor":36,"key":"Lizard Tail"},{"floor":39,"key":"FossilizedHelix"},{"floor":40,"key":"Du-Vu Doll"},{"floor":43,"key":"Paper Frog"},{"floor":45,"key":"Torii"},{"floor":48,"key":"Strawberry"},{"floor":55,"key":"Akabeko"}],"event_choices":[{"damage_healed":0,"gold_gain":0,"player_choice":"Fought Bandits","damage_taken":0,"max_hp_gain":0,"max_hp_loss":0,"event_name":"Masked Bandits","floor":19,"gold_loss":0},{"cards_removed":["Strike_R"],"damage_healed":0,"gold_gain":0,"player_choice":"Purged","damage_taken":0,"max_hp_gain":0,"max_hp_loss":0,"event_name":"Purifier","floor":22,"gold_loss":0},{"cards_removed":["Strike_R"],"damage_healed":0,"gold_gain":0,"player_choice":"Elegance","damage_taken":0,"max_hp_gain":0,"max_hp_loss":0,"event_name":"Back to Basics","floor":31,"gold_loss":0},{"damage_healed":0,"gold_gain":0,"player_choice":"Fight","damage_taken":0,"max_hp_gain":0,"max_hp_loss":0,"event_name":"Mysterious Sphere","floor":36,"gold_loss":0},{"damage_healed":0,"gold_gain":0,"player_choice":"Fight","damage_taken":0,"max_hp_gain":0,"max_hp_loss":0,"event_name":"MindBloom","floor":39,"gold_loss":0},{"damage_healed":0,"gold_gain":0,"player_choice":"Max HP","damage_taken":0,"max_hp_gain":0,"max_hp_loss":4,"event_name":"Winding Halls","floor":41,"gold_loss":0}],"is_beta":false,"boss_relics":[{"not_picked":["SlaversCollar","Pandora\u0027s Box"],"picked":"Snecko Eye"},{"not_picked":["Sozu","Runic Dome"],"picked":"Mark of Pain"}],"items_purged_floors":[13,27,38,46],"is_endless":false,"potions_floor_spawned":[3,7,14,18,29,30,33,35,36,37,45],"ascension_level":20,"potion_discard_per_floor":[[],[],[],[],[],[],[],[],[],[],[],[],[],["AttackPotion"],[],[],[],[],[],[],[],[],[],[],[],[],[],[],[],["Fire Potion"],[],[],[],[],[],[],["Weak Potion"],[],[],[],[],[],[],[],[],[],[],[],[],[],[],[],[],[],[],[],[]]}