{"neow_bonuses_skipped_log":["RANDOM_COLORLESS","THREE_SMALL_POTIONS","BOSS_RELIC"],"neow_costs_skipped_log":["NONE","NONE","NONE"],"potions_obtained_entropic_brew":[[],[],[],[],[],[],[],[],[],[],[],[],[],[],[],[],[],[],[],[],[],[],[],[],[],[],[],[],[],[],[],[],[]],"gold_per_floor":[20,36,51,70,80,108,120,149,172,172,188,222,222,239,239,311,311,322,110,125,175,191,191,204,233,233,249,280,280,296,296,296,296],"floor_reached":33,"playtime":6070,"items_purged":["Strike_R"],"score":626,"play_id":"a82dbdd7-ac8a-4f04-b695-0ff7a8b84720","local_time":"20221030225917","score_breakdown":["Floors Climbed (33): 165","Enemies Slain (14): 28","Exordium Elites Killed (3): 30","City Elites Killed (2): 40","Bosses Slain (1): 50","Ascension (20): 313"],"is_ascension_mode":true,"potions_obtained_alchemize":[[],[],[],[],[],[],[],[],[],[],[],[],[],[],[],[],[],[],[],[],[],[],[],[],[],[],[],[],[],[],[],[],[]],"campfire_choices":[{"floor":10,"key":"REST"},{"data":"Bludgeon","floor":15,"key":"SMITH"},{"floor":23,"key":"REST"},{"floor":29,"key":"REST"},{"floor":32,"key":"REST"}],"lesson_learned_per_floor":[[],[],[],[],[],[],[],[],[],[],[],[],[],[],[],[],[],[],[],[],[],[],[],[],[],[],[],[],[],[],[],[],[]],"neow_cost":"NO_GOLD","improvable_cards":{"RitualDagger":[15]},"seed_source_timestamp":31358558657013,"shop_contents":[{"floor":19,"relics":["Potion Belt","MealTicket","Chemical X"],"cards":["Reckless Charge","Body Slam","Armaments","Combust","Madness","Secret Technique"],"potions":["FearPotion","SpeedPotion"]}],"circlet_count":0,"master_deck":["AscendersBane","Strike_R","Strike_R","Strike_R","Strike_R","Defend_R","Defend_R","Defend_R","Defend_R","Bash","Secret Weapon","Flex","Bludgeon+1","Pommel Strike","Warcry","Shrug It Off","Thunderclap","Immolate","Evolve","Corruption","Battle Trance","Shrug It Off","Intimidate","Power Through","True Grit+1","Armaments+1","Headbutt","Metallicize","Clothesline","RitualDagger","Dark Embrace"],"potion_use_per_floor":[[],[],[],[],[],["GamblersBrew"],[],["LiquidBronze","Energy Potion"],[],[],[],[],[],[],[],["Explosive Potion","Explosive Potion"],[],[],[],[],[],["LiquidMemories"],[],[],["DistilledChaos"],[],[],[],[],[],[],[],["SkillPotion","Weak Potion"]],"relics":["Burning Blood","Paper Frog","PreservedInsect","Regal Pillow","Blue Candle","Cursed Key","Dream Catcher","Ancient Tea Set"],"potions_floor_usage":[6,8,8,16,16,22,25,33,33],"damage_taken":[{"damage":1,"enemies":"Cultist","floor":1,"turns":3},{"damage":14,"enemies":"Small Slimes","floor":2,"turns":3},{"damage":2,"enemies":"2 Louse","floor":3,"turns":3},{"damage":9,"enemies":"Red Slaver","floor":4,"turns":2},{"damage":11,"enemies":"Looter","floor":5,"turns":2},{"damage":45,"enemies":"3 Sentries","floor":6,"turns":8},{"damage":0,"enemies":"Large Slime","floor":7,"turns":4},{"damage":17,"enemies":"Lagavulin","floor":8,"turns":6},{"damage":9,"enemies":"3 Louse","floor":11,"turns":5},{"damage":15,"enemies":"3 Sentries","floor":12,"turns":4},{"damage":6,"enemies":"Exordium Thugs","floor":14,"turns":3},{"damage":25,"enemies":"Slime Boss","floor":16,"turns":6},{"damage":28,"enemies":"Chosen","floor":18,"turns":4},{"damage":12,"enemies":"Shell Parasite","floor":20,"turns":3},{"damage":0,"enemies":"Snecko","floor":22,"turns":2},{"damage":0,"enemies":"Centurion and Healer","floor":24,"turns":6},{"damage":20,"enemies":"Book of Stabbing","floor":25,"turns":4},{"damage":24,"enemies":"Snake Plant","floor":27,"turns":4},{"damage":26,"enemies":"Slavers","floor":28,"turns":6},{"damage":23,"enemies":"Snecko","floor":30,"turns":4},{"damage":76,"enemies":"Champ","floor":33,"turns":14}],"seed_played":"7178265980198882861","neow_bonus_log":{"cardsObtained":[],"cardsUpgraded":[],"cardsRemoved":[],"cardsTransformed":[],"relicsObtained":[],"maxHpGained":0,"goldGained":0,"damageTaken":0,"goldLost":99,"maxHpLost":0},"potions_obtained":[{"floor":2,"key":"GamblersBrew"},{"floor":4,"key":"LiquidBronze"},{"floor":6,"key":"Energy Potion"},{"floor":11,"key":"Explosive Potion"},{"floor":12,"key":"Explosive Potion"},{"floor":20,"key":"LiquidMemories"},{"floor":28,"key":"Weak Potion"},{"floor":30,"key":"SkillPotion"}],"is_trial":false,"path_per_floor":["M","M","M","M","M","E","M","E","T","R","M","E","?","M","R","B",null,"M","$","M","?","M","R","M","E","T","M","E","R","M","?","R","B"],"character_chosen":"IRONCLAD","items_purchased":["DistilledChaos","Shrug It Off"],"campfire_rested":4,"item_purchase_floors":[19,19],"current_hp_per_floor":[73,65,69,66,61,22,28,17,17,54,51,42,42,42,42,23,62,40,40,34,27,33,70,75,61,61,43,23,60,43,37,74,0],"gold":296,"neow_bonus":"RANDOM_COLORLESS_2","is_prod":false,"is_daily":false,"rewards_skipped":[{"floor":14,"relics":[],"potions":["LiquidBronze"]}],"chose_seed":false,"campfire_upgraded":1,"win_rate":0,"floor_exit_playtime":[360,490,742,819,979,1659,1751,2461,2470,2478,2654,2758,2853,2917,2923,3378,3435,3528,3736,3931,3957,4008,4027,4148,4499,4507,4664,4954,5011,5128,5144,5149],"timestamp":1667185157,"path_taken":["M","?","M","M","M","E","M","E","T","R","M","E","?","M","R","BOSS","M","$","M","?","M","R","M","E","T","M","E","R","?","?","R","BOSS"],"build_version":"2022-10-04","purchased_purges":1,"victory":false,"max_hp_per_floor":[75,75,75,75,75,75,75,75,75,75,75,75,75,75,75,75,75,75,75,75,75,75,75,75,75,75,75,75,75,75,75,75,75],"relic_stats":{"Regal Pillow":60,"Dream Catcher":2,"counters":[21,96],"Blue Candle":[0],"PreservedInsect":116,"Cursed Key":0,"Ancient Tea Set":[4],"obtain_stats":[{"Regal Pillow":9,"Dream Catcher":25,"Blue Candle":12,"PreservedInsect":8,"Cursed Key":17,"Ancient Tea Set":28,"Burning Blood":0,"Paper Frog":6},{"Regal Pillow":8,"Dream Catcher":17,"Blue Candle":10,"PreservedInsect":8,"Cursed Key":12,"Ancient Tea Set":19,"Burning Blood":0,"Paper Frog":6},{"Regal Pillow":31,"Dream Catcher":68,"Blue Candle":40,"PreservedInsect":31,"Cursed Key":49,"Ancient Tea Set":78,"Burning Blood":0,"Paper Frog":21}],"Burning Blood":119},"card_choices":[{"not_picked":["Mayhem","Thinking Ahead"],"picked":"Secret Weapon","floor":0},{"not_picked":["Pummel","Heavy Blade"],"picked":"Flex","floor":1},{"not_picked":["Clash","Entrench","True Grit"],"picked":"SKIP","floor":2},{"not_picked":["Bloodletting","Pommel Strike"],"picked":"Bludgeon","floor":3},{"not_picked":["Clash","Havoc"],"picked":"Pommel Strike","floor":4},{"not_picked":["Havoc","Heavy Blade"],"picked":"Warcry","floor":5},{"not_picked":["Exhume","Inflame"],"picked":"Shrug It Off","floor":6},{"not_picked":["Spot Weakness","Rupture","Clash"],"picked":"SKIP","floor":7},{"not_picked":["Sever Soul","Clothesline","Burning Pact"],"picked":"SKIP","floor":8},{"not_picked":["Sever Soul","Clothesline","Burning Pact"],"picked":"SKIP","floor":8},{"not_picked":["Havoc","Twin Strike"],"picked":"Thunderclap","floor":11},{"not_picked":["Body Slam","Dark Embrace"],"picked":"Immolate","floor":12},{"not_picked":["Perfected Strike","Dark Embrace"],"picked":"Evolve","floor":14},{"not_picked":["Exhume","Reaper"],"picked":"Corruption","floor":16},{"not_picked":["Carnage","Iron Wave"],"picked":"Battle Trance","floor":18},{"not_picked":["Rage","Heavy Blade"],"picked":"Intimidate","floor":20},{"not_picked":["Wild Strike","Anger"],"picked":"Power Through","floor":22},{"not_picked":["Shrug It Off","Hemokinesis"],"picked":"True Grit+1","floor":24},{"not_picked":["Rage","Metallicize"],"picked":"Armaments+1","floor":25},{"not_picked":["Rupture","Bludgeon"],"picked":"Headbutt","floor":27},{"not_picked":["Twin Strike","Perfected Strike+1","Clash"],"picked":"SKIP","floor":28},{"not_picked":["Twin Strike","Perfected Strike+1","Clash"],"picked":"SKIP","floor":28},{"not_picked":["Armaments","Headbutt"],"picked":"Metallicize","floor":29},{"not_picked":["True Grit","Clash"],"picked":"Clothesline","floor":30},{"not_picked":["Sword Boomerang","Wild Strike"],"picked":"Dark Embrace","floor":32}],"player_experience":4310446,"relics_obtained":[{"floor":6,"key":"Paper Frog"},{"floor":8,"key":"PreservedInsect"},{"floor":9,"key":"Regal Pillow"},{"floor":12,"key":"Blue Candle"},{"floor":25,"key":"Dream Catcher"},{"floor":28,"key":"Ancient Tea Set"}],"event_choices":[{"damage_healed":0,"gold_gain":0,"player_choice":"Fled","damage_taken":0,"max_hp_gain":0,"max_hp_loss":0,"event_name":"Scrap Ooze","floor":13,"gold_loss":0},{"damage_healed":0,"gold_gain":50,"player_choice":"Touch","damage_taken":7,"max_hp_gain":0,"max_hp_loss":0,"event_name":"FaceTrader","floor":21,"gold_loss":0},{"damage_healed":0,"gold_gain":0,"player_choice":"Joined the Cult","damage_taken":6,"max_hp_gain":0,"max_hp_loss":0,"event_name":"Nest","floor":31,"gold_loss":0,"cards_obtained":["RitualDagger"]}],"is_beta":false,"boss_relics":[{"not_picked":["Velvet Choker","Coffee Dripper"],"picked":"Cursed Key"}],"items_purged_floors":[19],"is_endless":false,"potions_floor_spawned":[2,4,6,11,12,14,20,28,30],"killed_by":"Champ","ascension_level":20,"potion_discard_per_floor":[[],[],[],[],[],[],[],[],[],[],[],[],[],[],[],[],[],[],[],[],[],[],[],[],[],[],[],[],[],[],[],[],[]]}