{"neow_bonuses_skipped_log":["THREE_CARDS","HUNDRED_GOLD","BOSS_RELIC"],"potions_obtained_entropic_brew":[[],[],[],[],[],[],[],[],[],[],[],[],[],[],[],[],[],[],[],[],[],[],[],[],[],[],[],[],[],[],[],[],[],[],[],[],[],[],[],[],[],[],[],[],[],[],[],[],[],[],[],[],[],[],[],[],[]],"neow_costs_skipped_log":["NONE","NONE","NONE"],"gold_per_floor":[314,16,33,33,48,67,111,127,206,244,265,304,319,355,355,446,446,470,486,35,58,58,94,119,119,144,179,304,304,328,362,362,460,460,479,497,518,549,564,604,619,579,648,376,401,446,160,195,195,195,195,195,195,27,61,61],"floor_reached":57,"playtime":7355,"items_purged":["Strike_R","Strike_R","Strike_R"],"score":3072,"play_id":"208133ca-ed57-4d06-bff8-43846a581a5e","local_time":"20221029223847","score_breakdown":["Floors Climbed (57): 285","Enemies Slain (18): 36","Exordium Elites Killed (4): 40","City Elites Killed (3): 60","Beyond Elites Killed (3): 90","Bosses Slain (5): 750","I Like Shiny: 50","Money Money (1596): 25","Librarian: 25","Stuffed: 50","Perfect (1): 50","Overkill: 25","Ascension (20): 1336","Heartbreaker: 250"],"is_ascension_mode":true,"potions_obtained_alchemize":[[],[],[],[],[],[],[],[],[],[],[],[],[],[],[],[],[],[],[],[],[],[],[],[],[],[],[],[],[],[],[],[],[],[],[],[],[],[],[],[],[],[],[],[],[],[],[],[],[],[],[],[],[],[],[],[],[]],"campfire_choices":[{"data":"Whirlwind","floor":15,"key":"SMITH"},{"floor":29,"key":"RECALL"},{"floor":32,"key":"REST"},{"floor":49,"key":"REST"},{"floor":53,"key":"REST"}],"lesson_learned_per_floor":[[],[],[],[],[],[],[],[],[],[],[],[],[],[],[],[],[],[],[],[],[],[],[],[],[],[],[],[],[],[],[],[],[],[],[],[],[],[],[],[],[],[],[],[],[],[],[],[],[],[],[],[],[],[],[],[],[]],"neow_cost":"NO_GOLD","improvable_cards":{},"seed_source_timestamp":40556379177243,"shop_contents":[{"floor":2,"relics":["Strawberry","Blood Vial"],"cards":["Thunderclap","Dropkick","Flex","Warcry","Metallicize","Blind","The Bomb"],"potions":["Weak Potion","Explosive Potion"]},{"floor":20,"relics":["MealTicket","Lee\u0027s Waffle"],"cards":["Pummel","Clash","Armaments+1","Flash of Steel","Transmutation+1"],"potions":["FearPotion","ColorlessPotion","GamblersBrew"]},{"floor":44,"relics":["Bottled Lightning","Sling"],"cards":["Perfected Strike","Dropkick","Sentinel+1","Armaments+1","Evolve","Mind Blast","Thinking Ahead+1"],"potions":["AttackPotion","SteroidPotion","Strength Potion"]},{"floor":47,"relics":["Shuriken","Dream Catcher"],"cards":["Reckless Charge","Hemokinesis","Shrug It Off+1","True Grit+1","Metallicize","Deep Breath+1","The Bomb+1"],"potions":["PowerPotion","SpeedPotion","EssenceOfSteel"]},{"floor":54,"relics":["Eternal Feather","PrismaticShard"],"cards":["Twin Strike","Sever Soul","Havoc+1","Power Through+1","Rupture","Dramatic Entrance","Violence+1"],"potions":["Weak Potion","BloodPotion","Dexterity Potion"]}],"circlet_count":0,"master_deck":["AscendersBane","Strike_R","Strike_R","Defend_R","Defend_R","Defend_R","Defend_R","Bash","Blood for Blood","Pummel","Rampage","Clothesline","Flame Barrier+1","Inflame","Pommel Strike","Second Wind+1","Brutality","Whirlwind+1","Havoc+1","Feed","Disarm+1","Disarm+1","Feel No Pain","Burning Pact+1","True Grit+1","Ghostly+1","Ghostly+1","Ghostly+1","Power Through+1","Reaper","Dual Wield+1","Demon Form","Dark Embrace+1","Seeing Red+1","Reaper","True Grit+1","Body Slam+1","Exhume+1"],"potion_use_per_floor":[[],[],[],[],[],["SkillPotion"],["Strength Potion","Fire Potion"],[],[],["PowerPotion"],[],["BlessingOfTheForge"],[],[],[],["DistilledChaos","DuplicationPotion"],[],[],[],[],[],[],[],[],[],[],[],[],[],["Fruit Juice"],[],[],[],[],[],[],[],[],[],[],[],[],[],[],[],[],[],[],[],[],[],[],[],[],[],["Weak Potion"],[]],"relics":["Burning Blood","Old Coin","Chemical X","Golden Idol","Toxic Egg 2","Question Card","Bird Faced Urn","PreservedInsect","Nunchaku","Fusion Hammer","Pocketwatch","Paper Frog","Lantern","Akabeko","Calipers","Pear","Bronze Scales","Runic Cube","Ginger","CeramicFish","Anchor","Mango","Medical Kit","Omamori","Bag of Preparation","StrikeDummy"],"potions_floor_usage":[6,7,7,10,12,16,16,30,56],"damage_taken":[{"damage":14,"enemies":"Small Slimes","floor":1,"turns":5},{"damage":9,"enemies":"Jaw Worm","floor":3,"turns":4},{"damage":10,"enemies":"2 Louse","floor":5,"turns":3},{"damage":5,"enemies":"Large Slime","floor":6,"turns":5},{"damage":6,"enemies":"Gremlin Nob","floor":7,"turns":3},{"damage":11,"enemies":"Exordium Thugs","floor":8,"turns":5},{"damage":20,"enemies":"3 Sentries","floor":10,"turns":6},{"damage":7,"enemies":"Lots of Slimes","floor":11,"turns":5},{"damage":26,"enemies":"Lagavulin","floor":12,"turns":6},{"damage":7,"enemies":"3 Louse","floor":13,"turns":4},{"damage":8,"enemies":"Gremlin Nob","floor":14,"turns":3},{"damage":13,"enemies":"Slime Boss","floor":16,"turns":6},{"damage":11,"enemies":"2 Thieves","floor":18,"turns":2},{"damage":38,"enemies":"Spheric Guardian","floor":19,"turns":6},{"damage":25,"enemies":"Snecko","floor":21,"turns":7},{"damage":13,"enemies":"Gremlin Leader","floor":23,"turns":5},{"damage":4,"enemies":"Cultist and Chosen","floor":24,"turns":6},{"damage":2,"enemies":"Book of Stabbing","floor":27,"turns":9},{"damage":13,"enemies":"Colosseum Slavers","floor":28,"turns":9},{"damage":5,"enemies":"Colosseum Nobs","floor":28,"turns":5},{"damage":1,"enemies":"Chosen and Byrds","floor":30,"turns":6},{"damage":11,"enemies":"Slavers","floor":31,"turns":4},{"damage":7,"enemies":"Collector","floor":33,"turns":10},{"damage":9,"enemies":"Orb Walker","floor":35,"turns":5},{"damage":4,"enemies":"3 Shapes","floor":36,"turns":6},{"damage":6,"enemies":"Maw","floor":37,"turns":8},{"damage":1,"enemies":"Mind Bloom Boss Battle","floor":38,"turns":7},{"damage":11,"enemies":"3 Darklings","floor":39,"turns":3},{"damage":16,"enemies":"Giant Head","floor":40,"turns":6},{"damage":9,"enemies":"Spire Growth","floor":41,"turns":6},{"damage":8,"enemies":"Jaw Worm Horde","floor":45,"turns":5},{"damage":32,"enemies":"Reptomancer","floor":46,"turns":4},{"damage":5,"enemies":"Nemesis","floor":48,"turns":5},{"damage":33,"enemies":"Time Eater","floor":50,"turns":11},{"damage":17,"enemies":"Awakened One","floor":51,"turns":30},{"damage":30,"enemies":"Shield and Spear","floor":55,"turns":8},{"damage":78,"enemies":"The Heart","floor":56,"turns":11}],"green_key_taken_log":7,"seed_played":"939890935653587270","neow_bonus_log":{"cardsObtained":[],"cardsUpgraded":[],"cardsRemoved":[],"cardsTransformed":[],"relicsObtained":["Old Coin"],"maxHpGained":0,"goldGained":0,"damageTaken":0,"goldLost":99,"maxHpLost":0},"potions_obtained":[{"floor":1,"key":"SkillPotion"},{"floor":6,"key":"Strength Potion"},{"floor":8,"key":"PowerPotion"},{"floor":10,"key":"DuplicationPotion"},{"floor":11,"key":"BlessingOfTheForge"},{"floor":12,"key":"Block Potion"},{"floor":13,"key":"DistilledChaos"},{"floor":19,"key":"SpeedPotion"},{"floor":24,"key":"Weak Potion"},{"floor":27,"key":"Fruit Juice"},{"floor":30,"key":"BlessingOfTheForge"},{"floor":35,"key":"AttackPotion"},{"floor":39,"key":"SteroidPotion"}],"is_trial":false,"path_per_floor":["M","$","M","?","M","M","E","M","T","E","M","E","M","E","R","B",null,"M","M","$","M","?","E","M","?","T","E","?","R","M","E","R","B",null,"M","M","M","?","M","E","M","?","T","$","M","E","$","E","R","B","B",null,"R","$","E","B",null],"character_chosen":"IRONCLAD","items_purchased":["Fire Potion","Chemical X","Pocketwatch","Feel No Pain","Burning Pact+1","Anchor","Medical Kit","Bag of Preparation"],"campfire_rested":3,"item_purchase_floors":[2,2,20,20,20,44,47,54],"current_hp_per_floor":[60,60,57,57,53,54,54,49,49,35,36,18,21,21,21,18,56,54,29,29,19,19,16,27,27,27,44,60,60,68,66,71,74,74,77,80,83,83,86,89,92,92,92,92,95,112,112,115,115,118,124,124,124,124,119,55],"gold":61,"neow_bonus":"ONE_RARE_RELIC","is_prod":false,"is_daily":false,"rewards_skipped":[{"floor":31,"relics":[],"potions":["Dexterity Potion"]},{"floor":38,"relics":[],"potions":["BlessingOfTheForge"]},{"floor":41,"relics":[],"potions":["SkillPotion"]},{"floor":42,"relics":[],"potions":["CultistPotion","Dexterity Potion","LiquidBronze"]},{"floor":46,"relics":[],"potions":["Explosive Potion"]}],"chose_seed":false,"campfire_upgraded":1,"win_rate":0,"floor_exit_playtime":[116,167,227,231,282,349,453,544,547,660,748,844,914,986,992,1121,1155,1195,1295,1342,1498,1543,1669,1779,1792,1797,1981,2237,2241,2338,2478,2481,2650,2765,2879,3025,3157,3361,3545,3718,3857,3894,3901,4035,4249,4572,4679,4832,4837,5367,6416,6426,6430,6444,6776,7355],"timestamp":1667097527,"blue_key_relic_skipped_log":{"floor":43,"relicID":"Molten Egg 2"},"path_taken":["M","$","M","?","M","M","E","M","T","E","M","E","M","E","R","BOSS","M","M","$","M","?","E","M","?","T","E","?","R","M","E","R","BOSS","M","M","M","?","M","E","M","?","T","$","?","E","?","E","R","BOSS","BOSS","R","$","E","BOSS"],"build_version":"2022-10-04","purchased_purges":3,"victory":true,"max_hp_per_floor":[75,75,75,68,68,68,68,68,68,68,68,68,68,68,68,68,68,71,74,74,77,38,38,41,41,41,44,60,60,68,71,71,74,74,77,80,83,83,86,89,92,92,92,92,95,112,112,115,115,118,124,124,124,124,127,127],"relic_stats":{"Calipers":[4888],"counters":[37,239],"Golden Idol":268,"CeramicFish":27,"PreservedInsect":514,"Omamori":0,"Bag of Preparation":[4],"Ginger":[5],"Question Card":27,"Medical Kit":[27],"Burning Blood":166,"Nunchaku":[23],"Bird Faced Urn":[103],"Bronze Scales":[537],"Chemical X":[48],"obtain_stats":[{"Lantern":26,"Calipers":28,"CeramicFish":40,"Mango":46,"Bag of Preparation":54,"Ginger":38,"Burning Blood":0,"Old Coin":0,"Nunchaku":14,"Fusion Hammer":17,"Chemical X":2,"Toxic Egg 2":7,"Paper Frog":23,"Runic Cube":34,"Pear":28,"Golden Idol":4,"PreservedInsect":12,"Omamori":48,"Question Card":9,"Medical Kit":47,"Akabeko":27,"Anchor":44,"Bird Faced Urn":10,"Bronze Scales":31,"StrikeDummy":55,"Pocketwatch":20},{"Lantern":17,"Calipers":20,"CeramicFish":29,"Mango":32,"Bag of Preparation":35,"Ginger":27,"Burning Blood":0,"Old Coin":0,"Nunchaku":11,"Fusion Hammer":12,"Chemical X":1,"Toxic Egg 2":5,"Paper Frog":16,"Runic Cube":23,"Pear":20,"Golden Idol":2,"PreservedInsect":9,"Omamori":33,"Question Card":6,"Medical Kit":32,"Akabeko":18,"Anchor":30,"Bird Faced Urn":7,"Bronze Scales":22,"StrikeDummy":36,"Pocketwatch":14},{"Lantern":81,"Calipers":104,"CeramicFish":159,"Mango":174,"Bag of Preparation":220,"Ginger":150,"Burning Blood":0,"Old Coin":0,"Nunchaku":49,"Fusion Hammer":55,"Chemical X":5,"Toxic Egg 2":20,"Paper Frog":75,"Runic Cube":124,"Pear":104,"Golden Idol":9,"PreservedInsect":42,"Omamori":179,"Question Card":25,"Medical Kit":174,"Akabeko":90,"Anchor":165,"Bird Faced Urn":31,"Bronze Scales":114,"StrikeDummy":228,"Pocketwatch":63}],"Pocketwatch":[319],"Runic Cube":[101]},"card_choices":[{"not_picked":["Infernal Blade","Havoc"],"picked":"Blood for Blood","floor":1},{"not_picked":["Sentinel","Flame Barrier"],"picked":"Pummel","floor":3},{"not_picked":["Clash","True Grit"],"picked":"Rampage","floor":5},{"not_picked":["Sentinel","Havoc"],"picked":"Clothesline","floor":6},{"not_picked":["Infernal Blade+1","Armaments+1"],"picked":"Flame Barrier+1","floor":7},{"not_picked":["Dark Embrace","Rage+1"],"picked":"Inflame","floor":8},{"not_picked":["Ghostly Armor+1","Flame Barrier+1","Warcry+1"],"picked":"Pommel Strike","floor":10},{"not_picked":["Uppercut","Pummel","Bloodletting+1"],"picked":"Second Wind+1","floor":11},{"not_picked":["Burning Pact+1","Dropkick","Warcry+1"],"picked":"Brutality","floor":12},{"not_picked":["Rupture","Rage+1","Burning Pact+1"],"picked":"Whirlwind","floor":13},{"not_picked":["Twin Strike","Perfected Strike","Cleave"],"picked":"Havoc+1","floor":14},{"not_picked":["Double Tap+1","Juggernaut","Immolate"],"picked":"Feed","floor":16},{"not_picked":["Shrug It Off+1","Headbutt","Havoc+1"],"picked":"Disarm+1","floor":18},{"not_picked":["Pommel Strike","Clothesline","Havoc+1"],"picked":"Disarm+1","floor":19},{"not_picked":["Feel No Pain","Warcry+1","Entrench+1"],"picked":"True Grit+1","floor":21},{"not_picked":["Sword Boomerang","Perfected Strike","Seeing Red+1"],"picked":"Power Through+1","floor":23},{"not_picked":["Fire Breathing","Clothesline","Flex+1"],"picked":"Reaper","floor":24},{"not_picked":["Sentinel+1","Havoc+1","Shrug It Off+1"],"picked":"Dual Wield+1","floor":27},{"not_picked":["Twin Strike","Second Wind+1","Rage+1","Clothesline"],"picked":"SKIP","floor":28},{"not_picked":["Infernal Blade+1","Thunderclap+1","Clothesline","Combust"],"picked":"SKIP","floor":30},{"not_picked":["Metallicize","Dropkick","Infernal Blade+1","Heavy Blade"],"picked":"SKIP","floor":31},{"not_picked":["Bludgeon","Feed","Reaper"],"picked":"Demon Form","floor":33},{"not_picked":["Havoc+1","Twin Strike","Thunderclap"],"picked":"Dark Embrace+1","floor":35},{"not_picked":["Iron Wave","Combust","Flex+1"],"picked":"Seeing Red+1","floor":36},{"not_picked":["Wild Strike","Iron Wave","Pommel Strike","Heavy Blade"],"picked":"SKIP","floor":37},{"not_picked":["Dropkick+1","Cleave","Reckless Charge","Thunderclap+1"],"picked":"SKIP","floor":38},{"not_picked":["Pommel Strike","Second Wind+1","Intimidate+1"],"picked":"Reaper","floor":39},{"not_picked":["Iron Wave","Twin Strike","Wild Strike"],"picked":"True Grit+1","floor":40},{"not_picked":["Rage+1","Searing Blow","True Grit+1","Infernal Blade+1"],"picked":"SKIP","floor":41},{"not_picked":["Havoc+1","Wild Strike","Barricade"],"picked":"Body Slam+1","floor":45},{"not_picked":["Clash","Iron Wave","Metallicize"],"picked":"Exhume+1","floor":46},{"not_picked":["Perfected Strike+1","Seeing Red+1","Iron Wave","Twin Strike"],"picked":"SKIP","floor":48},{"not_picked":["Berserk","Rampage","Rage+1","Perfected Strike"],"picked":"SKIP","floor":55}],"player_experience":4288676,"relics_obtained":[{"floor":7,"key":"Toxic Egg 2"},{"floor":9,"key":"Question Card"},{"floor":10,"key":"Bird Faced Urn"},{"floor":12,"key":"PreservedInsect"},{"floor":14,"key":"Nunchaku"},{"floor":23,"key":"Paper Frog"},{"floor":26,"key":"Lantern"},{"floor":27,"key":"Akabeko"},{"floor":28,"key":"Calipers"},{"floor":28,"key":"Pear"},{"floor":31,"key":"Bronze Scales"},{"floor":38,"key":"Ginger"},{"floor":40,"key":"CeramicFish"},{"floor":46,"key":"Mango"},{"floor":48,"key":"Omamori"},{"floor":55,"key":"StrikeDummy"}],"event_choices":[{"damage_healed":0,"gold_gain":0,"player_choice":"Lose Max HP","damage_taken":0,"relics_obtained":["Golden Idol"],"max_hp_gain":0,"max_hp_loss":7,"event_name":"Golden Idol","floor":4,"gold_loss":0},{"damage_healed":0,"gold_gain":0,"player_choice":"Became a Ghost","damage_taken":0,"max_hp_gain":0,"max_hp_loss":39,"event_name":"Ghosts","floor":22,"gold_loss":0,"cards_obtained":["Ghostly","Ghostly","Ghostly"]},{"damage_healed":0,"gold_gain":0,"player_choice":"Ignored","damage_taken":0,"max_hp_gain":0,"max_hp_loss":0,"event_name":"Vampires","floor":25,"gold_loss":0},{"damage_healed":0,"gold_gain":0,"player_choice":"Fight","damage_taken":0,"max_hp_gain":0,"max_hp_loss":0,"event_name":"Colosseum","floor":28,"gold_loss":0},{"damage_healed":0,"gold_gain":0,"player_choice":"Fought Nobs","damage_taken":0,"max_hp_gain":0,"max_hp_loss":0,"event_name":"Colosseum","floor":28,"gold_loss":0},{"damage_healed":0,"gold_gain":0,"player_choice":"Fight","damage_taken":0,"max_hp_gain":0,"max_hp_loss":0,"event_name":"MindBloom","floor":38,"gold_loss":0},{"damage_healed":0,"gold_gain":0,"player_choice":"Bought 3 Potions","damage_taken":0,"max_hp_gain":0,"max_hp_loss":0,"event_name":"The Woman in Blue","floor":42,"gold_loss":0}],"is_beta":false,"boss_relics":[{"not_picked":["Ectoplasm","Calling Bell"],"picked":"Fusion Hammer"},{"not_picked":["Astrolabe","Tiny House"],"picked":"Runic Cube"}],"items_purged_floors":[2,44,47],"is_endless":false,"potions_floor_spawned":[1,6,8,10,11,12,13,19,24,27,28,30,31,35,38,39,41,46],"ascension_level":20,"potion_discard_per_floor":[[],[],[],[],[],[],[],[],[],[],[],[],["Block Potion"],[],[],[],[],[],[],[],[],[],[],[],[],[],["SpeedPotion"],[],[],[],[],[],[],[],["BlessingOfTheForge"],[],[],[],["AttackPotion"],[],[],[],[],[],[],[],[],[],[],[],[],[],[],[],[],[],[]]}