{"neow_bonuses_skipped_log":["RANDOM_COLORLESS","TWENTY_PERCENT_HP_BONUS","BOSS_RELIC"],"potions_obtained_entropic_brew":[[],[],[],[],[],[],[],[],[],[],[],[],[],[],[],[],[],[],[],[],[],[],[],[],[],[],[],[],[],[],[],[],[],[],[],[],[],[],[],[],[],[],[],[],[],[],[],[],[],[],[],[],[],[],[],[],[]],"neow_costs_skipped_log":["NONE","CURSE","NONE"],"gold_per_floor":[119,119,137,151,161,189,202,236,260,260,273,273,308,324,324,398,398,416,416,58,58,71,99,99,112,112,128,128,2,12,37,37,115,115,125,400,412,22,32,66,66,112,137,152,180,215,235,268,268,268,268,268,268,9,40,40],"floor_reached":57,"playtime":5938,"items_purged":["Strike_R","Strike_R","Regret","Strike_R"],"score":2893,"play_id":"96bb4454-f06b-442c-86c0-1c5d449fa326","local_time":"20221106204851","score_breakdown":["Floors Climbed (57): 285","Enemies Slain (17): 34","Exordium Elites Killed (3): 30","City Elites Killed (2): 40","Beyond Elites Killed (4): 120","Bosses Slain (5): 750","Money Money (1174): 25","Collector (1): 25","Librarian: 25","Stuffed: 50","Ascension (20): 1259","Heartbreaker: 250"],"is_ascension_mode":true,"potions_obtained_alchemize":[[],[],[],[],[],[],[],[],[],[],[],[],[],[],[],[],[],[],[],[],[],[],[],[],[],[],[],[],[],[],[],[],[],[],[],[],[],[],[],[],[],[],[],[],[],[],[],[],[],[],[],[],[],[],[],[],[]],"campfire_choices":[{"data":"Carnage","floor":10,"key":"SMITH"},{"data":"Inflame","floor":12,"key":"SMITH"},{"data":"Bludgeon","floor":15,"key":"SMITH"},{"data":"Feed","floor":24,"key":"SMITH"},{"data":"Blood for Blood","floor":28,"key":"SMITH"},{"data":"Dual Wield","floor":32,"key":"SMITH"},{"floor":41,"key":"RECALL"},{"floor":49,"key":"REST"},{"floor":53,"key":"REST"}],"lesson_learned_per_floor":[[],[],[],[],[],[],[],[],[],[],[],[],[],[],[],[],[],[],[],[],[],[],[],[],[],[],[],[],[],[],[],[],[],[],[],[],[],[],[],[],[],[],[],[],[],[],[],[],[],[],[],[],[],[],[],[],[]],"neow_cost":"NONE","improvable_cards":{},"seed_source_timestamp":25990264136708,"shop_contents":[{"floor":20,"relics":["Eternal Feather","PrismaticShard"],"cards":["Body Slam","Sword Boomerang","Flex","Fire Breathing","HandOfGreed"],"potions":["LiquidMemories","DistilledChaos","BloodPotion"]},{"floor":29,"relics":["Happy Flower","Art of War","Frozen Eye"],"cards":["Thunderclap","Heavy Blade","True Grit","Metallicize","Madness","Violence"],"potions":["LiquidMemories","GamblersBrew","GamblersBrew"]},{"floor":38,"relics":["White Beast Statue","ClockworkSouvenir"],"cards":["Fiend Fire","Heavy Blade","Seeing Red+1","True Grit+1","Fire Breathing","Trip+1","Secret Weapon+1"],"potions":["Ancient Potion","Block Potion","Explosive Potion"]},{"floor":54,"relics":["Paper Frog","HornCleat","Lee\u0027s Waffle"],"cards":["Iron Wave","Twin Strike","Seeing Red+1","Sentinel+1","Combust+1","Enlightenment+1"],"potions":["LiquidMemories","FearPotion","HeartOfIron"]}],"circlet_count":0,"master_deck":["AscendersBane","Strike_R","Defend_R","Defend_R","Defend_R","Defend_R","Bash","Flame Barrier","Carnage+1","Seeing Red","Inflame+1","Bloodletting","Headbutt","Feed+1","Bludgeon+1","Shrug It Off","Corruption+1","Shrug It Off","Dual Wield+1","Discovery","Shrug It Off","Pummel","Blood for Blood+1","Shockwave","Shrug It Off","Reaper","Reaper","Shockwave+1","Ghostly Armor+1","Bloodletting+1","Shrug It Off+1","Impervious+1","Burning Pact+1","Feel No Pain+1","Panache+1"],"potion_use_per_floor":[[],[],[],[],[],["ElixirPotion"],[],["PowerPotion"],[],[],[],[],[],[],[],["GamblersBrew"],[],[],[],[],[],[],[],[],[],[],[],[],[],[],[],[],["PowerPotion"],[],[],[],[],[],[],[],[],[],[],[],[],[],[],[],[],[],[],[],[],[],[],["Ancient Potion","Swift Potion"],[]],"relics":["Burning Blood","Bronze Scales","Akabeko","Ornamental Fan","Ancient Tea Set","Smiling Mask","Runic Pyramid","Toy Ornithopter","Red Skull","WingedGreaves","Toxic Egg 2","Fusion Hammer","Gambling Chip","Question Card","Charon\u0027s Ashes","Frozen Egg 2","Lantern","Bag of Marbles","Shuriken"],"potions_floor_usage":[6,8,16,33,56,56],"damage_taken":[{"damage":2,"enemies":"Jaw Worm","floor":1,"turns":5},{"damage":0,"enemies":"Cultist","floor":3,"turns":2},{"damage":5,"enemies":"2 Louse","floor":4,"turns":2},{"damage":7,"enemies":"2 Fungi Beasts","floor":5,"turns":4},{"damage":24,"enemies":"Gremlin Nob","floor":6,"turns":4},{"damage":6,"enemies":"Exordium Thugs","floor":7,"turns":3},{"damage":23,"enemies":"Lagavulin","floor":8,"turns":6},{"damage":2,"enemies":"Red Slaver","floor":11,"turns":3},{"damage":6,"enemies":"3 Sentries","floor":13,"turns":5},{"damage":16,"enemies":"Blue Slaver","floor":14,"turns":3},{"damage":15,"enemies":"Slime Boss","floor":16,"turns":7},{"damage":11,"enemies":"2 Thieves","floor":18,"turns":4},{"damage":4,"enemies":"Spheric Guardian","floor":22,"turns":4},{"damage":9,"enemies":"Gremlin Leader","floor":23,"turns":7},{"damage":0,"enemies":"Chosen and Byrds","floor":25,"turns":4},{"damage":26,"enemies":"Cultist and Chosen","floor":27,"turns":5},{"damage":0,"enemies":"Snecko","floor":30,"turns":4},{"damage":27,"enemies":"Slavers","floor":31,"turns":4},{"damage":38,"enemies":"Automaton","floor":33,"turns":7},{"damage":7,"enemies":"Orb Walker","floor":35,"turns":4},{"damage":50,"enemies":"3 Shapes","floor":37,"turns":7},{"damage":30,"enemies":"Transient","floor":39,"turns":6},{"damage":20,"enemies":"Reptomancer","floor":40,"turns":6},{"damage":71,"enemies":"2 Orb Walkers","floor":42,"turns":6},{"damage":5,"enemies":"Jaw Worm Horde","floor":44,"turns":3},{"damage":25,"enemies":"Nemesis","floor":45,"turns":5},{"damage":9,"enemies":"Giant Head","floor":46,"turns":6},{"damage":21,"enemies":"3 Darklings","floor":47,"turns":5},{"damage":65,"enemies":"Reptomancer","floor":48,"turns":9},{"damage":25,"enemies":"Donu and Deca","floor":50,"turns":8},{"damage":17,"enemies":"Time Eater","floor":51,"turns":9},{"damage":27,"enemies":"Shield and Spear","floor":55,"turns":7},{"damage":54,"enemies":"The Heart","floor":56,"turns":8}],"green_key_taken_log":23,"seed_played":"4534952405652630776","neow_bonus_log":{"cardsObtained":[],"cardsUpgraded":[],"cardsRemoved":[],"cardsTransformed":[],"relicsObtained":["Bronze Scales"],"maxHpGained":0,"goldGained":0,"damageTaken":0,"goldLost":0,"maxHpLost":0},"potions_obtained":[{"floor":4,"key":"ElixirPotion"},{"floor":6,"key":"PowerPotion"},{"floor":11,"key":"FearPotion"},{"floor":13,"key":"GamblersBrew"},{"floor":16,"key":"PowerPotion"},{"floor":33,"key":"Weak Potion"},{"floor":39,"key":"BlessingOfTheForge"},{"floor":40,"key":"SkillPotion"},{"floor":47,"key":"Swift Potion"},{"floor":48,"key":"Ancient Potion"}],"is_trial":false,"path_per_floor":["M","?","M","M","M","E","M","E","T","R","M","R","E","M","R","B",null,"M","?","$","?","M","E","R","M","T","M","R","$","M","E","R","B",null,"M","?","M","$","M","E","R","?","T","M","E","E","M","E","R","B","B",null,"R","$","E","B",null],"character_chosen":"IRONCLAD","items_purchased":["Discovery","Toy Ornithopter","Shrug It Off","Shockwave","Gambling Chip","Panache+1"],"campfire_rested":2,"item_purchase_floors":[20,20,20,29,38,54],"current_hp_per_floor":[72,72,75,75,74,56,56,42,42,42,49,49,52,42,42,36,74,72,72,72,72,77,78,78,88,88,68,68,68,78,65,65,85,109,118,118,112,112,118,133,133,96,96,141,145,149,153,157,157,161,165,165,165,165,169,140],"gold":40,"neow_bonus":"RANDOM_COMMON_RELIC","is_prod":false,"is_daily":false,"rewards_skipped":[{"floor":14,"relics":[],"potions":["SkillPotion"]},{"floor":18,"relics":[],"potions":["Strength Potion"]},{"floor":25,"relics":[],"potions":["Explosive Potion"]},{"floor":37,"relics":[],"potions":["EssenceOfSteel"]}],"chose_seed":false,"campfire_upgraded":6,"win_rate":0,"floor_exit_playtime":[147,152,182,201,257,410,447,573,576,582,711,722,837,893,900,1142,1197,1311,1435,1549,1558,1661,1963,1978,2200,2234,2346,2353,2366,2423,2580,2644,2852,3078,3161,3181,3388,3490,3716,3947,3952,4083,4089,4217,4371,4525,4627,4948,4962,5139,5383,5394,5399,5509,5706,5938],"timestamp":1667785731,"blue_key_relic_skipped_log":{"floor":43,"relicID":"Blood Vial"},"path_taken":["M","?","M","M","?","E","M","E","T","R","M","R","E","M","R","BOSS","M","?","$","?","M","E","R","M","T","?","R","?","M","E","R","BOSS","M","?","?","$","M","E","R","?","T","M","E","E","M","E","R","BOSS","BOSS","R","$","E","BOSS"],"build_version":"2022-10-04","purchased_purges":4,"victory":true,"max_hp_per_floor":[75,75,75,75,75,75,75,78,78,78,81,81,84,84,84,87,87,90,90,90,90,93,97,97,101,101,101,101,101,105,113,113,117,117,121,121,129,129,129,133,133,137,137,141,145,149,153,157,157,161,165,165,165,165,169,169],"relic_stats":{"counters":[33,172],"Charon\u0027s Ashes":[631],"Ancient Tea Set":[18],"Smiling Mask":250,"Question Card":7,"Burning Blood":160,"Ornamental Fan":[156],"Shuriken":[3],"Bronze Scales":[523],"Gambling Chip":[26],"WingedGreaves":3,"obtain_stats":[{"Lantern":46,"Charon\u0027s Ashes":42,"Frozen Egg 2":45,"Ancient Tea Set":9,"Smiling Mask":13,"Question Card":40,"Burning Blood":0,"Akabeko":6,"Ornamental Fan":8,"Shuriken":55,"Bronze Scales":0,"Gambling Chip":38,"WingedGreaves":26,"Fusion Hammer":34,"Bag of Marbles":48,"Toxic Egg 2":31,"Toy Ornithopter":20,"Red Skull":23,"Runic Pyramid":17},{"Lantern":27,"Charon\u0027s Ashes":24,"Frozen Egg 2":26,"Ancient Tea Set":7,"Smiling Mask":9,"Question Card":23,"Burning Blood":0,"Akabeko":5,"Ornamental Fan":7,"Shuriken":32,"Bronze Scales":0,"Gambling Chip":21,"WingedGreaves":15,"Fusion Hammer":19,"Bag of Marbles":29,"Toxic Egg 2":18,"Toy Ornithopter":12,"Red Skull":14,"Runic Pyramid":11},{"Lantern":126,"Charon\u0027s Ashes":112,"Frozen Egg 2":120,"Ancient Tea Set":26,"Smiling Mask":34,"Question Card":106,"Burning Blood":0,"Akabeko":17,"Ornamental Fan":26,"Shuriken":164,"Bronze Scales":0,"Gambling Chip":94,"WingedGreaves":63,"Fusion Hammer":83,"Bag of Marbles":140,"Toxic Egg 2":76,"Toy Ornithopter":48,"Red Skull":59,"Runic Pyramid":44}],"Toy Ornithopter":12},"card_choices":[{"not_picked":["Wild Strike","Twin Strike"],"picked":"Flame Barrier","floor":1},{"not_picked":["Clothesline","Warcry"],"picked":"Seeing Red","floor":3},{"not_picked":["Headbutt","Clash"],"picked":"Inflame","floor":4},{"not_picked":["Warcry","Inflame"],"picked":"Bloodletting","floor":5},{"not_picked":["Havoc","Clothesline"],"picked":"Headbutt","floor":6},{"not_picked":["Perfected Strike","Cleave"],"picked":"Feed","floor":7},{"not_picked":["Cleave","Entrench","Twin Strike"],"picked":"SKIP","floor":8},{"not_picked":["Anger","Sword Boomerang","Headbutt"],"picked":"SKIP","floor":11},{"not_picked":["Anger","Sword Boomerang","Headbutt"],"picked":"SKIP","floor":11},{"not_picked":["Anger","Sword Boomerang","Headbutt"],"picked":"SKIP","floor":11},{"not_picked":["Iron Wave","Rage"],"picked":"Bludgeon","floor":13},{"not_picked":["Body Slam","Twin Strike"],"picked":"Shrug It Off","floor":14},{"not_picked":["Brutality","Limit Break"],"picked":"Corruption","floor":16},{"not_picked":["Spot Weakness","Havoc"],"picked":"Shrug It Off","floor":18},{"not_picked":["Reckless Charge","Infernal Blade","Warcry","Clash","Bloodletting","Shrug It Off","Pummel","Clothesline","Fire Breathing","True Grit","Flame Barrier","Rage","Flex","Rampage","Seeing Red","Perfected Strike","Blood for Blood","Sword Boomerang","Armaments"],"picked":"Dual Wield","floor":19},{"not_picked":["Body Slam","Flex","Headbutt"],"picked":"SKIP","floor":22},{"not_picked":["Heavy Blade","Headbutt"],"picked":"Pummel","floor":23},{"not_picked":["Burning Pact","Heavy Blade"],"picked":"Blood for Blood","floor":25},{"not_picked":["Clash","Anger","Corruption"],"picked":"SKIP","floor":27},{"not_picked":["Flex","Sword Boomerang"],"picked":"Shrug It Off","floor":30},{"not_picked":["Metallicize","Flex+1"],"picked":"Reaper","floor":31},{"not_picked":["Double Tap+1","Berserk"],"picked":"Reaper","floor":33},{"not_picked":["Flex+1","Thunderclap+1","Cleave"],"picked":"SKIP","floor":35},{"not_picked":["Body Slam+1","Cleave","Clash+1"],"picked":"SKIP","floor":37},{"not_picked":["Dropkick","Pommel Strike"],"picked":"Shockwave+1","floor":39},{"not_picked":["Rupture","Anger"],"picked":"Ghostly Armor+1","floor":40},{"not_picked":["Iron Wave","Feed","Infernal Blade+1"],"picked":"Bloodletting+1","floor":42},{"not_picked":["Warcry+1","Heavy Blade","Havoc+1"],"picked":"Shrug It Off+1","floor":44},{"not_picked":["Cleave+1","Blood for Blood","Thunderclap"],"picked":"Impervious+1","floor":45},{"not_picked":["Iron Wave+1","Cleave","Body Slam","Whirlwind"],"picked":"SKIP","floor":46},{"not_picked":["Iron Wave+1","Bloodletting+1","Clothesline"],"picked":"Burning Pact+1","floor":47},{"not_picked":["Second Wind+1","Blood for Blood","Hemokinesis+1"],"picked":"Feel No Pain+1","floor":48},{"not_picked":["Dropkick","Flex+1","Fire Breathing+1","Wild Strike"],"picked":"SKIP","floor":55}],"player_experience":4369644,"relics_obtained":[{"floor":6,"key":"Akabeko"},{"floor":8,"key":"Ornamental Fan"},{"floor":9,"key":"Ancient Tea Set"},{"floor":13,"key":"Smiling Mask"},{"floor":23,"key":"Red Skull"},{"floor":26,"key":"WingedGreaves"},{"floor":31,"key":"Toxic Egg 2"},{"floor":40,"key":"Question Card"},{"floor":42,"key":"Charon\u0027s Ashes"},{"floor":45,"key":"Frozen Egg 2"},{"floor":46,"key":"Lantern"},{"floor":48,"key":"Bag of Marbles"},{"floor":55,"key":"Shuriken"}],"event_choices":[{"damage_healed":0,"gold_gain":0,"cards_transformed":["Strike_R"],"player_choice":"Transformed","damage_taken":0,"max_hp_gain":0,"max_hp_loss":0,"event_name":"Transmorgrifier","floor":2,"gold_loss":0,"cards_obtained":["Carnage"]},{"damage_healed":0,"gold_gain":0,"player_choice":"Read","damage_taken":0,"max_hp_gain":0,"max_hp_loss":0,"event_name":"The Library","floor":19,"gold_loss":0,"cards_obtained":["Dual Wield"]},{"damage_healed":0,"gold_gain":0,"player_choice":"Upgraded","damage_taken":0,"max_hp_gain":0,"max_hp_loss":0,"event_name":"Upgrade Shrine","floor":21,"gold_loss":0,"cards_upgraded":["Corruption"]},{"damage_healed":0,"gold_gain":275,"player_choice":"Desecrate","damage_taken":0,"max_hp_gain":0,"max_hp_loss":0,"event_name":"Golden Shrine","floor":36,"gold_loss":0,"cards_obtained":["Regret"]},{"damage_healed":0,"gold_gain":0,"player_choice":"Fight","damage_taken":0,"max_hp_gain":0,"max_hp_loss":0,"event_name":"Mysterious Sphere","floor":42,"gold_loss":0}],"is_beta":false,"boss_relics":[{"not_picked":["Tiny House","Busted Crown"],"picked":"Runic Pyramid"},{"not_picked":["SacredBark","Snecko Eye"],"picked":"Fusion Hammer"}],"items_purged_floors":[20,29,38,54],"is_endless":false,"potions_floor_spawned":[4,6,11,13,14,16,18,25,33,37,39,40,47,48],"ascension_level":20,"potion_discard_per_floor":[[],[],[],[],[],[],[],[],[],[],[],[],[],[],[],[],[],[],[],[],[],[],[],[],[],[],[],[],[],[],[],[],[],[],[],[],[],[],["FearPotion"],["BlessingOfTheForge"],[],[],[],[],[],[],["Weak Potion"],["SkillPotion"],[],[],[],[],[],[],[],[],[]]}