{"neow_bonuses_skipped_log":["TEN_PERCENT_HP_BONUS","RANDOM_COLORLESS_2","BOSS_RELIC"],"potions_obtained_entropic_brew":[[],[],[],[],[],[],[],[],[],[],[],[],[],[],[],[],[],[],[],[],[],[],[],[],[]],"neow_costs_skipped_log":["NONE","CURSE","NONE"],"gold_per_floor":[114,39,57,57,70,98,98,126,179,179,209,222,222,250,250,322,322,340,351,361,411,421,421,455,455],"floor_reached":25,"playtime":2419,"items_purged":[],"score":602,"play_id":"6cae5b67-e22f-4221-98f3-98735d697f18","local_time":"20221104203513","score_breakdown":["Floors Climbed (25): 125","Enemies Slain (8): 16","Exordium Elites Killed (4): 40","City Elites Killed (1): 20","Bosses Slain (1): 50","Perfect (1): 50","Ascension (20): 301"],"is_ascension_mode":true,"potions_obtained_alchemize":[[],[],[],[],[],[],[],[],[],[],[],[],[],[],[],[],[],[],[],[],[],[],[],[],[]],"campfire_choices":[{"data":"Inflame","floor":10,"key":"SMITH"},{"data":"Pommel Strike","floor":13,"key":"SMITH"},{"data":"Uppercut","floor":15,"key":"SMITH"},{"floor":23,"key":"REST"}],"lesson_learned_per_floor":[[],[],[],[],[],[],[],[],[],[],[],[],[],[],[],[],[],[],[],[],[],[],[],[],[]],"neow_cost":"NONE","improvable_cards":{},"seed_source_timestamp":9519872426947,"shop_contents":[{"floor":2,"relics":["Orichalcum","Happy Flower","OrangePellets"],"cards":["Clothesline","Wild Strike","Flex","Battle Trance","Purity","Thinking Ahead"],"potions":["Block Potion","SpeedPotion","Block Potion"]}],"circlet_count":0,"master_deck":["AscendersBane","Strike_R","Strike_R","Strike_R","Strike_R","Strike_R","Defend_R","Defend_R","Defend_R","Defend_R","Bash","Anger","Inflame+1","Reckless Charge","Anger","Clothesline","Pommel Strike+1","Uppercut+1","Rage","Feed","Shrug It Off","Shrug It Off","Feed","Cleave"],"potion_use_per_floor":[[],[],[],[],[],["Block Potion"],[],[],[],[],[],[],[],[],[],["FearPotion"],[],[],["ColorlessPotion"],[],[],[],[],[],[]],"relics":["Burning Blood","Eternal Feather","Art of War","Smiling Mask","Blue Candle","Akabeko","Fusion Hammer","Shuriken"],"potions_floor_usage":[6,16,19],"damage_taken":[{"damage":5,"enemies":"2 Louse","floor":1,"turns":3},{"damage":1,"enemies":"Small Slimes","floor":3,"turns":3},{"damage":1,"enemies":"Cultist","floor":5,"turns":3},{"damage":33,"enemies":"3 Sentries","floor":6,"turns":8},{"damage":25,"enemies":"Lagavulin","floor":8,"turns":7},{"damage":8,"enemies":"Gremlin Nob","floor":11,"turns":3},{"damage":4,"enemies":"Large Slime","floor":12,"turns":4},{"damage":30,"enemies":"3 Sentries","floor":14,"turns":6},{"damage":0,"enemies":"Slime Boss","floor":16,"turns":6},{"damage":17,"enemies":"2 Thieves","floor":18,"turns":4},{"damage":0,"enemies":"Spheric Guardian","floor":19,"turns":3},{"damage":34,"enemies":"3 Cultists","floor":20,"turns":5},{"damage":15,"enemies":"Snecko","floor":22,"turns":5},{"damage":61,"enemies":"Book of Stabbing","floor":24,"turns":6},{"damage":14,"enemies":"Shelled Parasite and Fungi","floor":25,"turns":1}],"green_key_taken_log":8,"seed_played":"3844473357392257290","neow_bonus_log":{"cardsObtained":[],"cardsUpgraded":[],"cardsRemoved":[],"cardsTransformed":[],"relicsObtained":[],"maxHpGained":0,"goldGained":0,"damageTaken":0,"goldLost":0,"maxHpLost":0},"potions_obtained":[{"floor":1,"key":"Block Potion"},{"floor":11,"key":"FearPotion"},{"floor":14,"key":"ElixirPotion"},{"floor":16,"key":"ColorlessPotion"},{"floor":24,"key":"Strength Potion"}],"is_trial":false,"path_per_floor":["M","$","M","?","M","E","?","E","T","R","E","M","R","E","R","B",null,"M","M","M","?","M","R","E","M"],"character_chosen":"IRONCLAD","items_purchased":["Inflame"],"campfire_rested":1,"item_purchase_floors":[2],"current_hp_per_floor":[69,69,74,79,80,53,53,34,34,43,41,43,52,28,37,43,71,63,69,41,41,32,68,13,0],"gold":455,"neow_bonus":"THREE_CARDS","is_prod":false,"is_daily":false,"rewards_skipped":[],"chose_seed":false,"campfire_upgraded":3,"win_rate":0,"floor_exit_playtime":[379,448,555,643,754,897,950,1065,1072,1081,1134,1206,1219,1297,1303,1549,1652,1708,1918,2037,2107,2190,2195,2306],"timestamp":1667608513,"path_taken":["M","$","M","?","M","E","?","E","T","R","E","M","R","E","R","BOSS","M","M","?","?","?","R","E","M"],"build_version":"2022-10-04","purchased_purges":0,"victory":false,"max_hp_per_floor":[75,75,75,80,80,80,80,80,80,80,80,80,80,80,80,80,80,83,83,83,83,83,83,83,83],"relic_stats":{"counters":[15,67],"Shuriken":[1],"Blue Candle":[0],"Eternal Feather":39,"Art of War":[1],"Smiling Mask":0,"obtain_stats":[{"Shuriken":24,"Blue Candle":11,"Eternal Feather":6,"Fusion Hammer":17,"Art of War":8,"Smiling Mask":9,"Burning Blood":0,"Akabeko":14},{"Shuriken":14,"Blue Candle":6,"Eternal Feather":4,"Fusion Hammer":9,"Art of War":5,"Smiling Mask":5,"Burning Blood":0,"Akabeko":8},{"Shuriken":66,"Blue Candle":27,"Eternal Feather":17,"Fusion Hammer":43,"Art of War":24,"Smiling Mask":24,"Burning Blood":0,"Akabeko":37}],"Burning Blood":80},"card_choices":[{"not_picked":["Warcry","Iron Wave"],"picked":"Anger","floor":0},{"not_picked":["True Grit","Dual Wield"],"picked":"Reckless Charge","floor":3},{"not_picked":["Warcry","Power Through"],"picked":"Anger","floor":5},{"not_picked":["True Grit","Spot Weakness"],"picked":"Clothesline","floor":6},{"not_picked":["Dual Wield","Warcry","Anger"],"picked":"SKIP","floor":8},{"not_picked":["Rupture","Power Through"],"picked":"Pommel Strike","floor":11},{"not_picked":["Anger","Reckless Charge"],"picked":"Uppercut","floor":12},{"not_picked":["Bludgeon","Exhume"],"picked":"Rage","floor":14},{"not_picked":["Barricade","Offering"],"picked":"Feed","floor":16},{"not_picked":["Searing Blow","Wild Strike","Fire Breathing"],"picked":"SKIP","floor":18},{"not_picked":["Armaments","Twin Strike"],"picked":"Shrug It Off","floor":19},{"not_picked":["Uppercut","Rage"],"picked":"Shrug It Off","floor":20},{"not_picked":["True Grit+1","Clash"],"picked":"Feed","floor":22},{"not_picked":["Headbutt","Iron Wave"],"picked":"Cleave","floor":24}],"player_experience":4354803,"relics_obtained":[{"floor":6,"key":"Eternal Feather"},{"floor":8,"key":"Art of War"},{"floor":9,"key":"Smiling Mask"},{"floor":11,"key":"Blue Candle"},{"floor":14,"key":"Akabeko"},{"floor":24,"key":"Shuriken"}],"event_choices":[{"damage_healed":0,"gold_gain":0,"player_choice":"Donut","damage_taken":0,"max_hp_gain":5,"max_hp_loss":0,"event_name":"Big Fish","floor":4,"gold_loss":0},{"damage_healed":0,"gold_gain":0,"player_choice":"0 cards matched","damage_taken":0,"max_hp_gain":0,"max_hp_loss":0,"event_name":"Match and Keep!","floor":7,"gold_loss":0,"cards_obtained":[]},{"damage_healed":0,"gold_gain":100,"player_choice":"Bet on Murderer","damage_taken":0,"max_hp_gain":0,"max_hp_loss":0,"event_name":"The Joust","floor":21,"gold_loss":50}],"is_beta":false,"boss_relics":[{"not_picked":["Runic Dome","Empty Cage"],"picked":"Fusion Hammer"}],"items_purged_floors":[],"is_endless":false,"potions_floor_spawned":[1,11,14,16,24],"killed_by":"Shelled Parasite and Fungi","ascension_level":20,"potion_discard_per_floor":[[],[],[],[],[],[],[],[],[],[],[],[],[],[],[],[],[],[],[],[],[],[],[],[],[]]}