{"neow_bonuses_skipped_log":["RANDOM_COLORLESS","TEN_PERCENT_HP_BONUS","BOSS_RELIC"],"neow_costs_skipped_log":["NONE","NONE","NONE"],"potions_obtained_entropic_brew":[[],[],["BloodPotion","Swift Potion"],[],[],[],[],[],[],[],[],[],[],[],[],[],[],[],[],[],[],[],[],[],[],[],[],[],[],[],[]],"gold_per_floor":[115,126,146,296,4,57,71,71,71,159,4,66,112,112,112,228,228,252,167,186,205,239,239,275,275,321,271,287,332,111,111],"floor_reached":31,"playtime":4274,"items_purged":["Doubt","Strike_R"],"score":550,"play_id":"0bb1c4b5-3e6a-4359-8854-986147a3bae0","local_time":"20221120180614","score_breakdown":["Floors Climbed (31): 155","Enemies Slain (10): 20","Exordium Elites Killed (3): 30","City Elites Killed (1): 20","Bosses Slain (1): 50","Ascension (20): 275"],"is_ascension_mode":true,"potions_obtained_alchemize":[[],[],[],[],[],[],[],[],[],[],[],[],[],[],[],[],[],[],[],[],[],[],[],[],[],[],[],[],[],[],[]],"campfire_choices":[{"data":"Blood for Blood","floor":8,"key":"SMITH"},{"data":"Bash","floor":15,"key":"SMITH"},{"data":"Inflame","floor":23,"key":"SMITH"}],"lesson_learned_per_floor":[[],[],[],[],[],[],[],[],[],[],[],[],[],[],[],[],[],[],[],[],[],[],[],[],[],[],[],[],[],[],[]],"neow_cost":"TEN_PERCENT_HP_LOSS","improvable_cards":{},"seed_source_timestamp":13295435908923,"shop_contents":[{"floor":5,"relics":["Strawberry","Paper Frog","OrangePellets"],"cards":["Iron Wave","Twin Strike","Armaments","Flex","Rupture","Dramatic Entrance"],"potions":["LiquidMemories","Explosive Potion","Dexterity Potion"]},{"floor":11,"relics":["Letter Opener","Gambling Chip","Lee\u0027s Waffle"],"cards":["Thunderclap","Sentinel","Shrug It Off","Inflame","Dramatic Entrance","Secret Technique"],"potions":["CultistPotion","Ancient Potion","SkillPotion"]},{"floor":30,"relics":["Sundial","Happy Flower","Sling"],"cards":["Searing Blow","Cleave","Flex","Metallicize","Madness","Panache"],"potions":["SkillPotion","FearPotion"]}],"circlet_count":0,"master_deck":["AscendersBane","Defend_R","Defend_R","Defend_R","Defend_R","Bash+1","Juggernaut","Intimidate","Blood for Blood+1","Rage","Shrug It Off","HandOfGreed","Feel No Pain","Brutality","Iron Wave","Pummel","Feed","Shrug It Off","Inflame+1","Sword Boomerang+1","Barricade","Intimidate","Cleave","Second Wind","Offering"],"potion_use_per_floor":[[],[],["EntropicBrew"],[],[],["LiquidMemories"],[],[],[],[],[],[],[],[],[],[],[],[],[],["BloodPotion"],["Dexterity Potion"],[],[],["Fire Potion","GamblersBrew"],[],[],[],[],[],[],["LiquidBronze","FearPotion"]],"relics":["Burning Blood","Red Skull","Nunchaku","StrikeDummy","Odd Mushroom","Art of War","Golden Idol","Velvet Choker","Centennial Puzzle","Darkstone Periapt","Toy Ornithopter"],"potions_floor_usage":[3,6,20,21,24,24,31,31],"damage_taken":[{"damage":6,"enemies":"2 Louse","floor":1,"turns":4},{"damage":14,"enemies":"Jaw Worm","floor":2,"turns":6},{"damage":2,"enemies":"Small Slimes","floor":3,"turns":4},{"damage":30,"enemies":"Gremlin Nob","floor":6,"turns":4},{"damage":6,"enemies":"Red Slaver","floor":7,"turns":4},{"damage":14,"enemies":"3 Sentries","floor":10,"turns":9},{"damage":9,"enemies":"The Mushroom Lair","floor":12,"turns":6},{"damage":12,"enemies":"Lagavulin","floor":13,"turns":5},{"damage":14,"enemies":"Hexaghost","floor":16,"turns":7},{"damage":22,"enemies":"Shell Parasite","floor":18,"turns":4},{"damage":7,"enemies":"Spheric Guardian","floor":20,"turns":4},{"damage":30,"enemies":"Snake Plant","floor":21,"turns":6},{"damage":12,"enemies":"3 Cultists","floor":22,"turns":5},{"damage":22,"enemies":"Gremlin Leader","floor":24,"turns":5},{"damage":14,"enemies":"Shelled Parasite and Fungi","floor":28,"turns":4},{"damage":5,"enemies":"Cultist and Chosen","floor":29,"turns":5},{"damage":21,"enemies":"Book of Stabbing","floor":31,"turns":3}],"green_key_taken_log":13,"seed_played":"-1862951335280590000","neow_bonus_log":{"cardsObtained":["Juggernaut","Intimidate"],"cardsUpgraded":[],"cardsRemoved":[],"cardsTransformed":["Strike_R","Strike_R"],"relicsObtained":[],"maxHpGained":0,"goldGained":0,"damageTaken":0,"goldLost":0,"maxHpLost":7},"potions_obtained":[{"floor":1,"key":"EntropicBrew"},{"floor":2,"key":"PowerPotion"},{"floor":3,"key":"LiquidMemories"},{"floor":10,"key":"Dexterity Potion"},{"floor":20,"key":"Fire Potion"},{"floor":22,"key":"GamblersBrew"},{"floor":29,"key":"LiquidBronze"}],"is_trial":false,"path_per_floor":["M","M","M","?","$","E","M","R","T","E","$","?","E","?","R","B",null,"M","?","M","M","M","R","E","?","T","?","M","M","$","E"],"character_chosen":"IRONCLAD","items_purchased":["HandOfGreed","Iron Wave","Offering","FearPotion"],"campfire_rested":0,"item_purchase_floors":[5,11,30,30],"current_hp_per_floor":[68,60,64,64,64,40,40,40,40,32,32,29,23,23,23,15,50,37,37,52,31,28,28,15,15,15,15,7,8,8,0],"gold":111,"neow_bonus":"TRANSFORM_TWO_CARDS","is_prod":false,"is_daily":false,"rewards_skipped":[{"floor":13,"relics":[],"potions":["SpeedPotion"]}],"chose_seed":false,"campfire_upgraded":3,"win_rate":0,"floor_exit_playtime":[283,370,444,449,548,766,848,855,866,976,1043,1206,1306,1314,1321,1455,1632,1747,1752,1852,2182,2375,2547,2911,2974,2982,3036,3418,3663,3956],"timestamp":1668985574,"path_taken":["M","M","M","?","$","E","M","R","T","E","?","?","E","?","R","BOSS","M","?","M","M","M","R","E","?","T","?","M","?","$","E"],"build_version":"2022-10-04","purchased_purges":2,"victory":false,"max_hp_per_floor":[68,68,68,68,68,68,68,68,68,68,68,68,68,62,62,62,62,65,65,68,71,74,74,77,77,77,77,77,77,77,77],"relic_stats":{"Darkstone Periapt":0,"Nunchaku":[8],"Centennial Puzzle":[21],"counters":[17,85],"Golden Idol":50,"Art of War":[9],"obtain_stats":[{"Darkstone Periapt":24,"Nunchaku":9,"Centennial Puzzle":19,"Golden Idol":14,"Velvet Choker":17,"Art of War":13,"Odd Mushroom":12,"StrikeDummy":10,"Burning Blood":0,"Red Skull":6,"Toy Ornithopter":26},{"Darkstone Periapt":14,"Nunchaku":5,"Centennial Puzzle":10,"Golden Idol":8,"Velvet Choker":9,"Art of War":8,"Odd Mushroom":7,"StrikeDummy":6,"Burning Blood":0,"Red Skull":4,"Toy Ornithopter":14},{"Darkstone Periapt":73,"Nunchaku":22,"Centennial Puzzle":53,"Golden Idol":42,"Velvet Choker":49,"Art of War":42,"Odd Mushroom":37,"StrikeDummy":31,"Burning Blood":0,"Red Skull":18,"Toy Ornithopter":73}],"Burning Blood":96,"Toy Ornithopter":10},"card_choices":[{"not_picked":["Body Slam","Carnage"],"picked":"Blood for Blood","floor":1},{"not_picked":["Headbutt","Perfected Strike"],"picked":"Rage","floor":2},{"not_picked":["Seeing Red","Headbutt"],"picked":"Shrug It Off","floor":3},{"not_picked":["Dropkick","Shrug It Off"],"picked":"Feel No Pain","floor":6},{"not_picked":["True Grit","Blood for Blood","Sentinel"],"picked":"SKIP","floor":7},{"not_picked":["Blood for Blood","Seeing Red"],"picked":"Brutality","floor":10},{"not_picked":["Clothesline","Flex"],"picked":"Pummel","floor":12},{"not_picked":["Body Slam","Searing Blow","Rampage"],"picked":"SKIP","floor":13},{"not_picked":["Berserk","Demon Form"],"picked":"Feed","floor":16},{"not_picked":["Heavy Blade","Intimidate","Rampage"],"picked":"SKIP","floor":18},{"not_picked":["Anger","Sword Boomerang"],"picked":"Shrug It Off","floor":20},{"not_picked":["Entrench","Clash+1"],"picked":"Inflame","floor":21},{"not_picked":["Sentinel+1","Headbutt"],"picked":"Sword Boomerang+1","floor":22},{"not_picked":["Cleave","Feel No Pain"],"picked":"Barricade","floor":24},{"not_picked":["Dark Embrace","Uppercut"],"picked":"Second Wind","floor":28},{"not_picked":["Thunderclap","Perfected Strike","Anger"],"picked":"SKIP","floor":29}],"player_experience":4498337,"relics_obtained":[{"floor":6,"key":"Red Skull"},{"floor":9,"key":"Nunchaku"},{"floor":10,"key":"StrikeDummy"},{"floor":12,"key":"Odd Mushroom"},{"floor":13,"key":"Art of War"},{"floor":24,"key":"Darkstone Periapt"},{"floor":26,"key":"Toy Ornithopter"}],"event_choices":[{"damage_healed":0,"gold_gain":150,"player_choice":"AGREE","damage_taken":0,"max_hp_gain":0,"max_hp_loss":0,"event_name":"Liars Game","floor":4,"gold_loss":0,"cards_obtained":["Doubt"]},{"damage_healed":0,"gold_gain":0,"player_choice":"Fought Mushrooms","damage_taken":0,"max_hp_gain":0,"max_hp_loss":0,"event_name":"Mushrooms","floor":12,"gold_loss":0},{"damage_healed":0,"gold_gain":0,"player_choice":"Lose Max HP","damage_taken":0,"relics_obtained":["Golden Idol"],"max_hp_gain":0,"max_hp_loss":6,"event_name":"Golden Idol","floor":14,"gold_loss":0},{"damage_healed":0,"gold_gain":0,"player_choice":"Obtained Relic","damage_taken":0,"relics_obtained":["Centennial Puzzle"],"max_hp_gain":0,"max_hp_loss":0,"event_name":"Addict","floor":19,"gold_loss":85},{"damage_healed":0,"gold_gain":0,"cards_transformed":["Strike_R","Strike_R"],"player_choice":"Became Test Subject","damage_taken":0,"max_hp_gain":0,"max_hp_loss":0,"event_name":"Drug Dealer","floor":25,"gold_loss":0,"cards_obtained":["Intimidate","Cleave"]},{"damage_healed":0,"gold_gain":0,"player_choice":"Bet on Murderer","damage_taken":0,"max_hp_gain":0,"max_hp_loss":0,"event_name":"The Joust","floor":27,"gold_loss":50}],"is_beta":false,"boss_relics":[{"not_picked":["SacredBark","Runic Cube"],"picked":"Velvet Choker"}],"items_purged_floors":[5,11],"is_endless":false,"potions_floor_spawned":[1,2,3,10,13,20,22,29],"killed_by":"Book of Stabbing","ascension_level":20,"potion_discard_per_floor":[[],[],["PowerPotion","Swift Potion"],[],[],[],[],[],[],[],[],[],[],[],[],[],[],[],[],[],[],[],[],[],[],[],[],[],[],[],[]]}