{"neow_bonuses_skipped_log":["UPGRADE_CARD","RANDOM_COLORLESS_2","BOSS_RELIC"],"neow_costs_skipped_log":["NONE","NO_GOLD","NONE"],"potions_obtained_entropic_brew":[[],[],[],[],[],[],[],[],[],[],[],[],[],[],[],[],[],[],[],[],[],[],[],[],[],[],[],[],[],[],[],[],[],[],[],[],[],[],["FearPotion"],[],[],[],[],[],[],[],[],[],[],[],[],[],[],[],[],[],[]],"gold_per_floor":[214,227,243,243,32,32,64,64,64,92,107,107,107,144,144,227,254,281,281,281,299,299,341,341,369,416,198,220,263,263,295,295,378,378,389,416,416,225,253,253,288,188,188,230,230,255,292,307,307,307,307,307,307,56,96,96],"floor_reached":57,"playtime":4715,"items_purged":["Strike_R","Bash"],"score":3160,"play_id":"81cb0d5a-4eeb-454f-b9a6-65e35f6b9d43","local_time":"20221116192050","score_breakdown":["Floors Climbed (57): 285","Enemies Slain (10): 20","Exordium Elites Killed (3): 30","City Elites Killed (4): 80","Beyond Elites Killed (3): 90","Bosses Slain (5): 750","Money Money (1033): 25","Librarian: 25","Champion (5): 125","Perfect (1): 50","Ascension (20): 1430","Heartbreaker: 250"],"is_ascension_mode":true,"potions_obtained_alchemize":[[],[],[],[],[],[],[],[],[],[],[],[],[],[],[],[],[],[],[],[],[],[],[],[],[],[],[],[],[],[],[],[],[],[],[],[],[],[],[],[],[],[],[],[],[],[],[],[],[],[],[],[],[],[],[],[],[]],"campfire_choices":[{"data":"Sever Soul","floor":6,"key":"SMITH"},{"data":"Immolate","floor":12,"key":"SMITH"},{"floor":15,"key":"REST"},{"data":"Offering","floor":24,"key":"SMITH"},{"data":"True Grit","floor":30,"key":"SMITH"},{"data":"Dark Embrace","floor":32,"key":"SMITH"},{"data":"Dark Embrace","floor":40,"key":"SMITH"},{"floor":45,"key":"RECALL"},{"data":"Exhume","floor":49,"key":"SMITH"},{"data":"Limit Break","floor":53,"key":"SMITH"}],"lesson_learned_per_floor":[[],[],[],[],[],[],[],[],[],[],[],[],[],[],[],[],[],[],[],[],[],[],[],[],[],[],[],[],[],[],[],[],[],[],[],[],[],[],[],[],[],[],[],[],[],[],[],[],[],[],[],[],[],[],[],[],[]],"neow_cost":"NONE","improvable_cards":{},"seed_source_timestamp":7370653492734,"shop_contents":[{"floor":5,"relics":["Regal Pillow","Whetstone","HandDrill"],"cards":["Infernal Blade","Bloodletting","Finesse","Mayhem"],"potions":["Strength Potion","EssenceOfSteel","BlessingOfTheForge"]},{"floor":27,"relics":["WingedGreaves","MealTicket","Lee\u0027s Waffle"],"cards":["Cleave","Thunderclap","Bloodletting","Deep Breath","Sadistic Nature"],"potions":["Fire Potion","DuplicationPotion","AttackPotion"]},{"floor":38,"relics":["Dream Catcher","Peace Pipe"],"cards":["Rampage","Body Slam","True Grit","Inflame","Swift Strike","Sadistic Nature"],"potions":["Dexterity Potion","Regen Potion","BlessingOfTheForge"]},{"floor":42,"relics":["Dead Branch","Boot","Sling"],"cards":["Twin Strike","Thunderclap","Warcry","True Grit","Evolve","Trip","Violence"],"potions":["Swift Potion","SneckoOil","LiquidMemories"]},{"floor":54,"relics":["Oddly Smooth Stone","Kunai","Medical Kit"],"cards":["Carnage","Perfected Strike","Flex+1","Trip+1","Secret Weapon+1"],"potions":["LiquidBronze"]}],"circlet_count":0,"master_deck":["AscendersBane","Defend_R","Defend_R","Defend_R","Defend_R","Shrug It Off","Spot Weakness","Dark Embrace+1","Evolve","Reckless Charge","Sever Soul+1","Pommel Strike","Immolate+1","Offering+1","Limit Break+1","Thunderclap+1","Warcry+1","Twin Strike+1","Pummel","Sword Boomerang+1","Seeing Red","Dark Embrace+1","Exhume+1","True Grit+1","Impervious","Secret Technique","PanicButton","PanicButton","Shockwave","Shockwave","Shrug It Off","Warcry+1","Feel No Pain","Battle Trance+1","Dual Wield+1"],"potion_use_per_floor":[[],[],[],[],[],[],["DistilledChaos"],[],[],["ColorlessPotion"],[],[],[],["GamblersBrew"],[],[],[],["Weak Potion"],[],[],[],[],[],[],["Regen Potion"],[],[],[],["Strength Potion"],[],[],[],["SteroidPotion"],[],[],[],[],[],["EntropicBrew"],[],[],[],[],[],[],[],[],[],[],["GamblersBrew","ElixirPotion"],[],[],[],[],["SpeedPotion"],["ColorlessPotion","LiquidMemories"],[]],"relics":["Burning Blood","White Beast Statue","Akabeko","Ancient Tea Set","Paper Frog","CeramicFish","Astrolabe","Bottled Lightning","Strawberry","Red Skull","Pantograph","Letter Opener","Coffee Dripper","Strange Spoon","Gremlin Horn","Art of War","Lizard Tail","Toxic Egg 2","Sundial"],"potions_floor_usage":[7,10,14,18,25,29,33,39,50,50,55,56,56],"damage_taken":[{"damage":0,"enemies":"2 Louse","floor":1,"turns":4},{"damage":8,"enemies":"Small Slimes","floor":2,"turns":8},{"damage":2,"enemies":"Jaw Worm","floor":3,"turns":5},{"damage":22,"enemies":"Lagavulin","floor":7,"turns":6},{"damage":10,"enemies":"3 Sentries","floor":10,"turns":9},{"damage":10,"enemies":"Large Slime","floor":11,"turns":4},{"damage":8,"enemies":"Gremlin Nob","floor":14,"turns":3},{"damage":6,"enemies":"Slime Boss","floor":16,"turns":5},{"damage":9,"enemies":"2 Thieves","floor":18,"turns":2},{"damage":0,"enemies":"Spheric Guardian","floor":21,"turns":1},{"damage":0,"enemies":"Slavers","floor":23,"turns":1},{"damage":6,"enemies":"Gremlin Leader","floor":25,"turns":3},{"damage":7,"enemies":"3 Cultists","floor":28,"turns":3},{"damage":32,"enemies":"Book of Stabbing","floor":29,"turns":4},{"damage":6,"enemies":"Slavers","floor":31,"turns":1},{"damage":66,"enemies":"Champ","floor":33,"turns":6},{"damage":10,"enemies":"3 Shapes","floor":35,"turns":10},{"damage":6,"enemies":"Orb Walker","floor":39,"turns":1},{"damage":12,"enemies":"Nemesis","floor":41,"turns":1},{"damage":6,"enemies":"Reptomancer","floor":44,"turns":2},{"damage":7,"enemies":"Mind Bloom Boss Battle","floor":46,"turns":6},{"damage":9,"enemies":"Nemesis","floor":47,"turns":5},{"damage":6,"enemies":"Transient","floor":48,"turns":6},{"damage":108,"enemies":"Time Eater","floor":50,"turns":14},{"damage":31,"enemies":"Donu and Deca","floor":51,"turns":4},{"damage":55,"enemies":"Shield and Spear","floor":55,"turns":5},{"damage":49,"enemies":"The Heart","floor":56,"turns":9}],"green_key_taken_log":10,"seed_played":"-8364564064173994966","neow_bonus_log":{"cardsObtained":[],"cardsUpgraded":[],"cardsRemoved":[],"cardsTransformed":[],"relicsObtained":[],"maxHpGained":0,"goldGained":100,"damageTaken":0,"goldLost":0,"maxHpLost":0},"potions_obtained":[{"floor":2,"key":"DistilledChaos"},{"floor":7,"key":"ColorlessPotion"},{"floor":10,"key":"SpeedPotion"},{"floor":11,"key":"GamblersBrew"},{"floor":14,"key":"Weak Potion"},{"floor":16,"key":"Strength Potion"},{"floor":18,"key":"Block Potion"},{"floor":23,"key":"Regen Potion"},{"floor":25,"key":"Block Potion"},{"floor":28,"key":"SteroidPotion"},{"floor":29,"key":"FearPotion"},{"floor":33,"key":"Explosive Potion"},{"floor":35,"key":"BlessingOfTheForge"},{"floor":37,"key":"EntropicBrew"},{"floor":37,"key":"ElixirPotion"},{"floor":39,"key":"GamblersBrew"},{"floor":55,"key":"LiquidMemories"}],"is_trial":false,"path_per_floor":["M","M","M","?","$","R","E","?","T","E","M","R","?","E","R","B",null,"M","?","?","M","?","E","R","E","T","$","M","E","R","E","R","B",null,"M","?","?","$","M","R","E","$","T","E","R","?","E","M","R","B","B",null,"R","$","E","B",null],"character_chosen":"IRONCLAD","items_purchased":["Evolve","Reckless Charge","Sever Soul","Seeing Red","Dark Embrace","Shockwave","Strange Spoon","Feel No Pain","ColorlessPotion","SpeedPotion","Battle Trance+1"],"campfire_rested":1,"item_purchase_floors":[5,5,5,27,27,38,38,54,54,54,54],"current_hp_per_floor":[74,72,75,57,57,57,41,34,34,30,26,26,26,24,46,46,68,65,65,44,50,50,56,56,72,72,72,71,45,45,45,45,10,68,64,54,54,54,54,54,48,48,48,48,48,72,69,69,69,37,37,75,75,75,26,8],"gold":96,"neow_bonus":"HUNDRED_GOLD","is_prod":false,"is_daily":false,"rewards_skipped":[{"floor":21,"relics":[],"potions":["Block Potion"]},{"floor":31,"relics":[],"potions":["SneckoOil"]},{"floor":41,"relics":[],"potions":["SpeedPotion"]},{"floor":44,"relics":[],"potions":["EssenceOfSteel"]},{"floor":46,"relics":[],"potions":["Dexterity Potion"]},{"floor":47,"relics":[],"potions":["Fire Potion"]},{"floor":48,"relics":[],"potions":["HeartOfIron"]}],"chose_seed":false,"campfire_upgraded":8,"win_rate":0,"floor_exit_playtime":[71,159,216,222,422,449,555,581,583,735,786,793,796,841,903,1022,1148,1213,1222,1228,1245,1270,1339,1349,1446,1454,1524,1597,1755,1761,1806,1830,1952,1991,2185,2219,2240,2329,2381,2394,2520,2562,2564,2625,2639,2762,2841,2969,2994,3367,3502,3512,3536,3607,3813,4715],"timestamp":1668644450,"blue_key_relic_skipped_log":{"floor":43,"relicID":"Anchor"},"path_taken":["M","M","M","?","$","R","E","?","T","E","?","R","?","E","R","BOSS","M","?","?","M","?","E","R","E","T","$","M","E","R","E","R","BOSS","M","?","?","$","?","R","E","$","T","E","R","?","E","M","R","BOSS","BOSS","R","$","E","BOSS"],"build_version":"2022-10-04","purchased_purges":2,"victory":true,"max_hp_per_floor":[75,75,75,75,75,75,75,75,75,75,75,75,75,75,75,75,75,75,75,80,80,80,80,80,87,87,87,87,87,87,87,87,87,87,87,87,87,87,87,87,87,87,87,87,87,87,87,87,87,87,87,87,87,87,87,87],"relic_stats":{"Gremlin Horn":[6,6],"counters":[27,128],"CeramicFish":198,"Astrolabe":["Thunderclap","Warcry","Twin Strike"],"Letter Opener":[242],"Ancient Tea Set":[18],"Burning Blood":161,"White Beast Statue":[0.0,0.0,0.0,0.4,0.0,0.6000000000000001,0.0,0.0,0.0,0.0,0.0,9.588743680000002],"Strange Spoon":[54],"Lizard Tail":43,"Sundial":[2],"Pantograph":118,"Art of War":[9],"Bottled Lightning":"Offering","obtain_stats":[{"Gremlin Horn":41,"CeramicFish":14,"Astrolabe":17,"Letter Opener":31,"Ancient Tea Set":9,"Burning Blood":0,"White Beast Statue":4,"Akabeko":7,"Strange Spoon":38,"Lizard Tail":46,"Sundial":55,"Strawberry":25,"Pantograph":29,"Coffee Dripper":34,"Art of War":44,"Bottled Lightning":23,"Toxic Egg 2":47,"Red Skull":26,"Paper Frog":10},{"Gremlin Horn":19,"CeramicFish":7,"Astrolabe":8,"Letter Opener":15,"Ancient Tea Set":4,"Burning Blood":0,"White Beast Statue":3,"Akabeko":4,"Strange Spoon":17,"Lizard Tail":21,"Sundial":26,"Strawberry":12,"Pantograph":14,"Coffee Dripper":16,"Art of War":20,"Bottled Lightning":11,"Toxic Egg 2":22,"Red Skull":12,"Paper Frog":5},{"Gremlin Horn":77,"CeramicFish":39,"Astrolabe":44,"Letter Opener":59,"Ancient Tea Set":23,"Burning Blood":0,"White Beast Statue":17,"Akabeko":23,"Strange Spoon":75,"Lizard Tail":85,"Sundial":119,"Strawberry":51,"Pantograph":58,"Coffee Dripper":65,"Art of War":79,"Bottled Lightning":48,"Toxic Egg 2":90,"Red Skull":51,"Paper Frog":32}]},"card_choices":[{"not_picked":["Havoc","Headbutt"],"picked":"Shrug It Off","floor":1},{"not_picked":["Warcry","Iron Wave"],"picked":"Spot Weakness","floor":2},{"not_picked":["Flex","Shrug It Off"],"picked":"Dark Embrace","floor":3},{"not_picked":["Dual Wield","Rage"],"picked":"Pommel Strike","floor":7},{"not_picked":["Power Through","Flex"],"picked":"Immolate","floor":10},{"not_picked":["Whirlwind","Warcry","True Grit"],"picked":"SKIP","floor":11},{"not_picked":["Sword Boomerang","Seeing Red"],"picked":"Offering","floor":14},{"not_picked":["Demon Form","Berserk"],"picked":"Limit Break","floor":16},{"not_picked":["Headbutt","Pommel Strike"],"picked":"Pummel","floor":18},{"not_picked":["Heavy Blade","Infernal Blade","Reckless Charge"],"picked":"SKIP","floor":21},{"not_picked":["Anger","Uppercut"],"picked":"Sword Boomerang+1","floor":23},{"not_picked":["Twin Strike","Infernal Blade","Havoc"],"picked":"SKIP","floor":25},{"not_picked":["Clash","Flex"],"picked":"Exhume","floor":28},{"not_picked":["Anger","Sword Boomerang"],"picked":"True Grit","floor":29},{"not_picked":["Fire Breathing","Headbutt+1","Thunderclap+1"],"picked":"SKIP","floor":31},{"not_picked":["Fire Breathing","Headbutt+1","Thunderclap+1"],"picked":"SKIP","floor":31},{"not_picked":["Bludgeon","Juggernaut"],"picked":"Impervious","floor":33},{"not_picked":["Body Slam","Thunderclap","Twin Strike"],"picked":"SKIP","floor":35},{"not_picked":["Trip","Purity"],"picked":"Secret Technique","floor":36},{"not_picked":["Dramatic Entrance","Mayhem"],"picked":"PanicButton","floor":36},{"not_picked":["Forethought","Dramatic Entrance"],"picked":"PanicButton","floor":36},{"not_picked":["Rupture+1","Rampage"],"picked":"Shockwave","floor":39},{"not_picked":["Twin Strike","Metallicize","Clothesline"],"picked":"SKIP","floor":41},{"not_picked":["Ghostly Armor","Brutality"],"picked":"Shrug It Off","floor":44},{"not_picked":["Clothesline","Perfected Strike","Iron Wave"],"picked":"SKIP","floor":46},{"not_picked":["Hemokinesis","Headbutt"],"picked":"Warcry+1","floor":47},{"not_picked":["Perfected Strike","Thunderclap","Twin Strike"],"picked":"SKIP","floor":48},{"not_picked":["Perfected Strike","Thunderclap","Twin Strike"],"picked":"SKIP","floor":48},{"not_picked":["Flex+1","Whirlwind"],"picked":"Dual Wield+1","floor":55}],"player_experience":4459167,"relics_obtained":[{"floor":7,"key":"Akabeko"},{"floor":9,"key":"Ancient Tea Set"},{"floor":10,"key":"Paper Frog"},{"floor":14,"key":"CeramicFish"},{"floor":23,"key":"Bottled Lightning"},{"floor":25,"key":"Strawberry"},{"floor":26,"key":"Red Skull"},{"floor":29,"key":"Pantograph"},{"floor":31,"key":"Letter Opener"},{"floor":41,"key":"Gremlin Horn"},{"floor":44,"key":"Art of War"},{"floor":46,"key":"Lizard Tail"},{"floor":47,"key":"Toxic Egg 2"},{"floor":55,"key":"Sundial"}],"event_choices":[{"damage_healed":0,"gold_gain":0,"player_choice":"Success","damage_taken":18,"relics_obtained":["White Beast Statue"],"max_hp_gain":0,"max_hp_loss":0,"event_name":"Scrap Ooze","floor":4,"gold_loss":0},{"cards_removed":["Strike_R"],"damage_healed":0,"gold_gain":0,"player_choice":"Card Removal","damage_taken":7,"max_hp_gain":0,"max_hp_loss":0,"event_name":"Golden Wing","floor":8,"gold_loss":0},{"damage_healed":0,"gold_gain":0,"player_choice":"Ignored","damage_taken":0,"max_hp_gain":0,"max_hp_loss":0,"event_name":"Liars Game","floor":13,"gold_loss":0},{"damage_healed":0,"gold_gain":0,"player_choice":"Ignored","damage_taken":0,"max_hp_gain":0,"max_hp_loss":0,"event_name":"Vampires","floor":19,"gold_loss":0},{"damage_healed":0,"gold_gain":0,"player_choice":"Shed Blood","damage_taken":26,"max_hp_gain":5,"max_hp_loss":0,"event_name":"Forgotten Altar","floor":20,"gold_loss":0},{"damage_healed":0,"gold_gain":0,"player_choice":"Ignored","damage_taken":0,"max_hp_gain":0,"max_hp_loss":0,"event_name":"The Mausoleum","floor":22,"gold_loss":0},{"damage_healed":0,"gold_gain":0,"player_choice":"Memory 3","damage_taken":10,"max_hp_gain":0,"max_hp_loss":0,"event_name":"SensoryStone","floor":36,"gold_loss":0},{"damage_healed":0,"gold_gain":0,"player_choice":"Got Potions","damage_taken":0,"max_hp_gain":0,"max_hp_loss":0,"event_name":"Lab","floor":37,"gold_loss":0},{"damage_healed":0,"gold_gain":0,"player_choice":"Fight","damage_taken":0,"max_hp_gain":0,"max_hp_loss":0,"event_name":"MindBloom","floor":46,"gold_loss":0}],"is_beta":false,"boss_relics":[{"not_picked":["Black Blood","Black Star"],"picked":"Astrolabe"},{"not_picked":["Busted Crown","SlaversCollar"],"picked":"Coffee Dripper"}],"items_purged_floors":[27,42],"is_endless":false,"potions_floor_spawned":[2,7,10,11,14,16,18,21,23,25,28,29,31,33,35,39,41,44,46,47,48,55],"ascension_level":20,"potion_discard_per_floor":[[],[],[],[],[],[],[],[],[],[],[],[],[],[],[],["SpeedPotion"],[],[],[],[],[],[],["Block Potion"],[],[],[],[],["Block Potion"],[],[],[],[],[],[],["Explosive Potion"],[],["BlessingOfTheForge","FearPotion"],[],["FearPotion"],[],[],[],[],[],[],[],[],[],[],[],[],[],[],[],[],[],[]]}