{"neow_bonuses_skipped_log":["TRANSFORM_CARD","THREE_RARE_CARDS","BOSS_RELIC"],"neow_costs_skipped_log":["NONE","TEN_PERCENT_HP_LOSS","NONE"],"potions_obtained_entropic_brew":[[],[],[],[],[],[],[],[],[],[],[],[],[],[],[],[],[],[],[],[],[],[],[],[],[],[],[],[],[],[],[],[],[],[],[],[],[],[],[],[],[],[],[],[],[],[],[],[],[],[],[],[],[],[],[],[],[]],"gold_per_floor":[211,230,14,34,52,52,79,79,103,103,121,149,149,161,161,233,233,244,262,16,32,42,68,68,79,79,110,110,141,157,185,185,260,260,274,274,274,325,325,360,360,390,417,157,174,199,199,474,474,474,474,474,474,81,116,116],"floor_reached":57,"playtime":4306,"items_purged":["Strike_R","Strike_R","Regret"],"score":2981,"play_id":"82f201b7-42b9-4ef6-a6af-955bb9a5cb93","local_time":"20221114140742","falling_options_log":["Shockwave","Feel No Pain"],"score_breakdown":["Floors Climbed (57): 285","Enemies Slain (14): 28","Exordium Elites Killed (2): 20","City Elites Killed (4): 80","Beyond Elites Killed (3): 90","Bosses Slain (5): 750","Money Money (1152): 25","Champion (4): 100","Ascension (20): 1353","Heartbreaker: 250"],"is_ascension_mode":true,"potions_obtained_alchemize":[[],[],[],[],[],[],[],[],[],[],[],[],[],[],[],[],[],[],[],[],[],[],[],[],[],[],[],[],[],[],[],[],[],[],[],[],[],[],[],[],[],[],[],[],[],[],[],[],[],[],[],[],[],[],[],[],[]],"campfire_choices":[{"data":"Blood for Blood","floor":6,"key":"SMITH"},{"data":"Pommel Strike","floor":8,"key":"SMITH"},{"data":"Spot Weakness","floor":10,"key":"SMITH"},{"data":"Pommel Strike","floor":15,"key":"SMITH"},{"data":"True Grit","floor":24,"key":"SMITH"},{"data":"Burning Pact","floor":32,"key":"SMITH"},{"data":"Feel No Pain","floor":41,"key":"SMITH"},{"floor":47,"key":"RECALL"},{"data":"Offering","floor":49,"key":"SMITH"},{"data":"Shockwave","floor":53,"key":"SMITH"}],"lesson_learned_per_floor":[[],[],[],[],[],[],[],[],[],[],[],[],[],[],[],[],[],[],[],[],[],[],[],[],[],[],[],[],[],[],[],[],[],[],[],[],[],[],[],[],[],[],[],[],[],[],[],[],[],[],[],[],[],[],[],[],[]],"neow_cost":"NONE","improvable_cards":{},"seed_source_timestamp":4199751618292,"shop_contents":[{"floor":3,"relics":["Letter Opener","Chemical X"],"cards":["Wild Strike","Warcry","Battle Trance","Fire Breathing","Panacea","Violence"],"potions":["Strength Potion","SpeedPotion","Fruit Juice"]},{"floor":20,"relics":["Question Card","Strange Spoon"],"cards":["Perfected Strike","Sword Boomerang","Flex","True Grit","Fire Breathing","Panacea","Mayhem"],"potions":["SpeedPotion","Fire Potion","DistilledChaos"]},{"floor":44,"relics":["Bottled Lightning","Lee\u0027s Waffle"],"cards":["Clash","Body Slam","Warcry","Ghostly Armor","Rupture","Swift Strike","Chrysalis"],"potions":["Energy Potion","SteroidPotion","ColorlessPotion"]},{"floor":54,"relics":["Art of War","Charon\u0027s Ashes"],"cards":["Cleave","Whirlwind","Shrug It Off","Armaments","Feel No Pain","Mind Blast","The Bomb"],"potions":["SneckoOil"]}],"circlet_count":0,"master_deck":["AscendersBane","Defend_R","Defend_R","Defend_R","Defend_R+1","Bash","Shockwave+1","Spot Weakness+1","Pommel Strike+1","Blood for Blood+1","Anger+1","Shockwave","Burning Pact+1","Pommel Strike+1","Corruption","Reaper","Pummel+1","True Grit+1","Feel No Pain+1","Power Through","Exhume","Offering+1","Bloodletting","True Grit+1","Second Wind+1","Barricade"],"potion_use_per_floor":[[],[],[],[],[],[],[],[],[],[],[],[],[],[],[],[],[],[],[],[],[],[],[],[],[],[],[],[],[],[],[],[],[],[],[],[],[],[],[],[],[],[],[],[],[],[],[],[],[],[],[],[],[],[],["ColorlessPotion"],["DuplicationPotion","Explosive Potion","Strength Potion"],[]],"relics":["Burning Blood","Bag of Marbles","Lantern","Akabeko","Juzu Bracelet","Coffee Dripper","Anchor","Pantograph","Gremlin Horn","Sundial","Centennial Puzzle","Oddly Smooth Stone","Empty Cage","Turnip","Potion Belt","Unceasing Top","Happy Flower","Ornamental Fan","TheAbacus","TungstenRod"],"potions_floor_usage":[55,56,56,56],"damage_taken":[{"damage":13,"enemies":"Small Slimes","floor":1,"turns":5},{"damage":3,"enemies":"2 Louse","floor":2,"turns":4},{"damage":6,"enemies":"Cultist","floor":4,"turns":3},{"damage":8,"enemies":"Large Slime","floor":5,"turns":5},{"damage":11,"enemies":"Gremlin Nob","floor":7,"turns":3},{"damage":5,"enemies":"Gremlin Gang","floor":11,"turns":3},{"damage":14,"enemies":"3 Sentries","floor":12,"turns":6},{"damage":6,"enemies":"Exordium Thugs","floor":14,"turns":2},{"damage":8,"enemies":"Hexaghost","floor":16,"turns":6},{"damage":18,"enemies":"Shell Parasite","floor":18,"turns":4},{"damage":11,"enemies":"3 Byrds","floor":19,"turns":4},{"damage":13,"enemies":"Cultist and Chosen","floor":21,"turns":4},{"damage":8,"enemies":"Snake Plant","floor":22,"turns":2},{"damage":46,"enemies":"Gremlin Leader","floor":23,"turns":6},{"damage":1,"enemies":"Snecko","floor":25,"turns":5},{"damage":6,"enemies":"Book of Stabbing","floor":27,"turns":3},{"damage":0,"enemies":"Gremlin Leader","floor":29,"turns":5},{"damage":12,"enemies":"Cultist and Chosen","floor":30,"turns":6},{"damage":5,"enemies":"Slavers","floor":31,"turns":4},{"damage":55,"enemies":"Collector","floor":33,"turns":9},{"damage":6,"enemies":"3 Shapes","floor":35,"turns":2},{"damage":22,"enemies":"2 Orb Walkers","floor":38,"turns":3},{"damage":9,"enemies":"Giant Head","floor":40,"turns":5},{"damage":12,"enemies":"Nemesis","floor":42,"turns":5},{"damage":6,"enemies":"3 Darklings","floor":45,"turns":4},{"damage":15,"enemies":"Giant Head","floor":46,"turns":5},{"damage":26,"enemies":"Donu and Deca","floor":50,"turns":7},{"damage":21,"enemies":"Awakened One","floor":51,"turns":7},{"damage":18,"enemies":"Shield and Spear","floor":55,"turns":6},{"damage":8,"enemies":"The Heart","floor":56,"turns":7}],"green_key_taken_log":12,"seed_played":"-3655004361446352998","neow_bonus_log":{"cardsObtained":[],"cardsUpgraded":[],"cardsRemoved":[],"cardsTransformed":[],"relicsObtained":[],"maxHpGained":0,"goldGained":100,"damageTaken":0,"goldLost":0,"maxHpLost":0},"potions_obtained":[{"floor":1,"key":"DuplicationPotion"},{"floor":7,"key":"Weak Potion"},{"floor":11,"key":"AttackPotion"},{"floor":37,"key":"Strength Potion"}],"is_trial":false,"path_per_floor":["M","M","$","M","M","R","E","R","T","R","M","E","?","M","R","B",null,"M","M","$","M","M","E","R","M","T","E","?","E","M","E","R","B",null,"M","?","?","?","?","E","R","E","T","$","M","E","R","?","R","B","B",null,"R","$","E","B",null],"character_chosen":"IRONCLAD","items_purchased":["Bag of Marbles","Pommel Strike","Anchor","Happy Flower","TheAbacus","ColorlessPotion","Explosive Potion"],"campfire_rested":0,"item_purchase_floors":[3,3,20,44,54,54,54],"current_hp_per_floor":[61,64,64,64,62,62,57,57,57,57,58,50,27,27,27,25,63,55,70,70,68,75,35,35,58,58,58,37,61,63,80,80,50,73,80,80,80,76,76,80,80,80,80,80,80,80,80,80,80,80,80,80,80,80,80,80],"gold":116,"neow_bonus":"HUNDRED_GOLD","is_prod":false,"is_daily":false,"rewards_skipped":[{"floor":14,"relics":[],"potions":["SpeedPotion"]},{"floor":18,"relics":[],"potions":["GamblersBrew"]},{"floor":21,"relics":[],"potions":["Fire Potion"]},{"floor":22,"relics":[],"potions":["Explosive Potion"]},{"floor":25,"relics":[],"potions":["SmokeBomb"]},{"floor":29,"relics":[],"potions":["FearPotion"]},{"floor":35,"relics":[],"potions":["FearPotion"]},{"floor":37,"relics":[],"potions":["EssenceOfSteel"]},{"floor":38,"relics":[],"potions":["SkillPotion"]}],"chose_seed":false,"campfire_upgraded":9,"win_rate":0,"floor_exit_playtime":[124,189,243,318,357,365,410,417,420,434,533,612,616,644,652,772,814,884,955,987,1074,1132,1223,1230,1295,1298,1425,1429,1509,1612,1765,1783,1936,2088,2161,2165,2171,2299,2306,2414,2438,2518,2524,2686,2824,2966,2970,2993,3034,3164,3565,3577,3594,3664,4126,4306],"timestamp":1668452862,"blue_key_relic_skipped_log":{"floor":43,"relicID":"Toy Ornithopter"},"path_taken":["M","M","$","M","M","R","E","R","T","R","M","E","?","M","R","BOSS","M","M","$","M","M","E","R","M","T","E","?","E","M","E","R","BOSS","M","?","?","?","?","E","R","E","T","$","M","E","R","?","R","BOSS","BOSS","R","$","E","BOSS"],"build_version":"2022-10-04","purchased_purges":3,"victory":true,"max_hp_per_floor":[75,75,75,75,75,75,75,75,75,75,75,75,75,75,75,75,75,75,75,75,75,75,75,75,75,75,75,80,80,80,80,80,80,80,80,80,80,80,80,80,80,80,80,80,80,80,80,80,80,80,80,80,80,80,80,80],"relic_stats":{"Gremlin Horn":[23,23],"Happy Flower":[12],"counters":[30,140],"Juzu Bracelet":2,"Burning Blood":129,"Centennial Puzzle":[39],"TheAbacus":[210],"Sundial":[76],"Ornamental Fan":[116],"Pantograph":0,"Turnip":[2],"obtain_stats":[{"Potion Belt":40,"Lantern":7,"Gremlin Horn":26,"Happy Flower":44,"Oddly Smooth Stone":31,"Juzu Bracelet":12,"Empty Cage":34,"Burning Blood":0,"Akabeko":9,"Anchor":20,"Centennial Puzzle":29,"TheAbacus":54,"Sundial":27,"Ornamental Fan":46,"Pantograph":23,"Turnip":38,"Bag of Marbles":3,"Coffee Dripper":17,"Unceasing Top":42,"TungstenRod":55},{"Potion Belt":23,"Lantern":5,"Gremlin Horn":15,"Happy Flower":24,"Oddly Smooth Stone":19,"Juzu Bracelet":7,"Empty Cage":20,"Burning Blood":0,"Akabeko":5,"Anchor":11,"Centennial Puzzle":17,"TheAbacus":28,"Sundial":16,"Ornamental Fan":26,"Pantograph":14,"Turnip":22,"Bag of Marbles":2,"Coffee Dripper":9,"Unceasing Top":24,"TungstenRod":29},{"Potion Belt":99,"Lantern":20,"Gremlin Horn":62,"Happy Flower":104,"Oddly Smooth Stone":80,"Juzu Bracelet":29,"Empty Cage":89,"Burning Blood":0,"Akabeko":20,"Anchor":45,"Centennial Puzzle":70,"TheAbacus":127,"Sundial":65,"Ornamental Fan":113,"Pantograph":57,"Turnip":94,"Bag of Marbles":9,"Coffee Dripper":37,"Unceasing Top":104,"TungstenRod":133}],"Unceasing Top":[9],"TungstenRod":3},"card_choices":[{"not_picked":["Second Wind","Pummel"],"picked":"Shockwave","floor":1},{"not_picked":["Power Through","Havoc"],"picked":"Spot Weakness","floor":2},{"not_picked":["Feel No Pain","True Grit"],"picked":"Blood for Blood","floor":4},{"not_picked":["Havoc","Heavy Blade"],"picked":"Anger","floor":5},{"not_picked":["Spot Weakness","Seeing Red"],"picked":"Shockwave","floor":7},{"not_picked":["Ghostly Armor","Cleave"],"picked":"Burning Pact","floor":11},{"not_picked":["Clash","Sword Boomerang"],"picked":"Pommel Strike","floor":12},{"not_picked":["Anger","Warcry"],"picked":"Corruption","floor":14},{"not_picked":["Brutality","Immolate"],"picked":"Reaper","floor":16},{"not_picked":["Clash","Iron Wave","Anger"],"picked":"SKIP","floor":18},{"not_picked":["Headbutt","Sword Boomerang"],"picked":"Pummel+1","floor":19},{"not_picked":["Iron Wave","Warcry","Perfected Strike"],"picked":"SKIP","floor":21},{"not_picked":["Fire Breathing","Limit Break"],"picked":"True Grit","floor":22},{"not_picked":["Clash","Bloodletting"],"picked":"Feel No Pain","floor":23},{"not_picked":["Flame Barrier","Inflame"],"picked":"Power Through","floor":25},{"not_picked":["Power Through","Pommel Strike","Clash"],"picked":"SKIP","floor":27},{"not_picked":["Entrench","Power Through"],"picked":"Exhume","floor":29},{"not_picked":["Cleave","Iron Wave","Heavy Blade+1"],"picked":"SKIP","floor":30},{"not_picked":["Wild Strike","Warcry","Reckless Charge"],"picked":"SKIP","floor":31},{"not_picked":["Demon Form","Double Tap"],"picked":"Offering","floor":33},{"not_picked":["Twin Strike","Havoc","Fire Breathing"],"picked":"SKIP","floor":35},{"not_picked":["Hemokinesis","True Grit"],"picked":"Bloodletting","floor":38},{"not_picked":["Whirlwind","Dropkick"],"picked":"True Grit+1","floor":40},{"not_picked":["Twin Strike","Cleave+1"],"picked":"Second Wind+1","floor":42},{"not_picked":["Clash","Sever Soul","Pommel Strike"],"picked":"SKIP","floor":45},{"not_picked":["Armaments","Immolate"],"picked":"Barricade","floor":46},{"not_picked":["Juggernaut","Anger","Reckless Charge"],"picked":"SKIP","floor":55}],"player_experience":4441148,"relics_obtained":[{"floor":7,"key":"Lantern"},{"floor":9,"key":"Akabeko"},{"floor":12,"key":"Juzu Bracelet"},{"floor":23,"key":"Pantograph"},{"floor":26,"key":"Gremlin Horn"},{"floor":27,"key":"Sundial"},{"floor":29,"key":"Centennial Puzzle"},{"floor":31,"key":"Oddly Smooth Stone"},{"floor":38,"key":"Turnip"},{"floor":40,"key":"Potion Belt"},{"floor":42,"key":"Unceasing Top"},{"floor":46,"key":"Ornamental Fan"},{"floor":55,"key":"TungstenRod"}],"event_choices":[{"damage_healed":0,"gold_gain":0,"player_choice":"Entered Light","damage_taken":23,"max_hp_gain":0,"max_hp_loss":0,"event_name":"Shining Light","floor":13,"gold_loss":0,"cards_upgraded":["Anger","Defend_R"]},{"damage_healed":0,"gold_gain":0,"player_choice":"Shed Blood","damage_taken":26,"max_hp_gain":5,"max_hp_loss":0,"event_name":"Forgotten Altar","floor":28,"gold_loss":0},{"cards_removed":["Strike_R"],"damage_healed":0,"gold_gain":0,"player_choice":"Removed Attack","damage_taken":0,"max_hp_gain":0,"max_hp_loss":0,"event_name":"Falling","floor":36,"gold_loss":0},{"damage_healed":0,"gold_gain":0,"player_choice":"Got Potions","damage_taken":0,"max_hp_gain":0,"max_hp_loss":0,"event_name":"Lab","floor":37,"gold_loss":0},{"damage_healed":0,"gold_gain":0,"player_choice":"Fight","damage_taken":0,"max_hp_gain":0,"max_hp_loss":0,"event_name":"Mysterious Sphere","floor":38,"gold_loss":0},{"damage_healed":0,"gold_gain":0,"player_choice":"Ignored","damage_taken":0,"max_hp_gain":0,"max_hp_loss":0,"event_name":"SecretPortal","floor":39,"gold_loss":0},{"damage_healed":0,"gold_gain":275,"player_choice":"Desecrate","damage_taken":0,"max_hp_gain":0,"max_hp_loss":0,"event_name":"Golden Shrine","floor":48,"gold_loss":0,"cards_obtained":["Regret"]}],"is_beta":false,"boss_relics":[{"not_picked":["SacredBark","Black Star"],"picked":"Coffee Dripper"},{"not_picked":["Cursed Key","Fusion Hammer"],"picked":"Empty Cage"}],"items_purged_floors":[20,44,54],"is_endless":false,"potions_floor_spawned":[1,7,11,14,18,21,22,25,29,35,38],"ascension_level":20,"potion_discard_per_floor":[[],[],[],[],[],[],[],[],[],[],["Weak Potion"],[],[],[],[],[],[],[],[],[],[],[],[],[],[],[],[],[],[],[],[],[],[],[],[],[],["AttackPotion"],[],[],[],[],[],[],[],[],[],[],[],[],[],[],[],[],[],[],[],[]]}