{"neow_bonuses_skipped_log":["UPGRADE_CARD","RANDOM_COMMON_RELIC","BOSS_RELIC"],"potions_obtained_entropic_brew":[[],[],[],[],[],[],[],[],[],[],[],[],[],[],[],[],[],[],[],[],[],[],[],[],[],[],[],[],[],[],[],[],[],[],[],[],[],[],[],[],[],[],[],[],[],[],[],[],[],[],[],[],[],[],[],[]],"neow_costs_skipped_log":["NONE","NONE","NONE"],"gold_per_floor":[366,377,390,401,420,420,38,38,38,72,90,115,15,43,43,116,116,134,161,86,86,30,30,30,30,30,56,56,73,90,5,5,82,82,99,321,321,58,71,97,116,116,140,167,167,182,182,213,213,213,213,213,213,6,35,35],"floor_reached":56,"playtime":5722,"items_purged":["Strike_R","Strike_R"],"score":2067,"play_id":"37ad6772-08ee-4f7a-9ea1-9355ada64dff","local_time":"20221110211845","score_breakdown":["Floors Climbed (56): 280","Enemies Slain (13): 26","Exordium Elites Killed (3): 30","City Elites Killed (1): 20","Beyond Elites Killed (3): 90","Bosses Slain (4): 500","Money Money (1200): 25","Stuffed: 50","Champion (2): 50","Ascension (20): 996"],"is_ascension_mode":true,"potions_obtained_alchemize":[[],[],[],[],[],[],[],[],[],[],[],[],[],[],[],[],[],[],[],[],[],[],[],[],[],[],[],[],[],[],[],[],[],[],[],[],[],[],[],[],[],[],[],[],[],[],[],[],[],[],[],[],[],[],[],[]],"campfire_choices":[{"data":"Cleave","floor":6,"key":"SMITH"},{"data":"Bash","floor":15,"key":"SMITH"},{"floor":23,"key":"REST"},{"data":"Corruption","floor":25,"key":"SMITH"},{"floor":28,"key":"REST"},{"floor":32,"key":"REST"},{"data":"Sword Boomerang","floor":42,"key":"SMITH"},{"floor":49,"key":"RECALL"},{"data":"Feel No Pain","floor":53,"key":"SMITH"}],"lesson_learned_per_floor":[[],[],[],[],[],[],[],[],[],[],[],[],[],[],[],[],[],[],[],[],[],[],[],[],[],[],[],[],[],[],[],[],[],[],[],[],[],[],[],[],[],[],[],[],[],[],[],[],[],[],[],[],[],[],[],[]],"neow_cost":"TEN_PERCENT_HP_LOSS","improvable_cards":{},"seed_source_timestamp":25898584880486,"shop_contents":[{"floor":7,"relics":["Self Forming Clay","Frozen Egg 2"],"cards":["Bludgeon","Perfected Strike","Havoc","Armaments","Good Instincts","The Bomb"],"potions":["PowerPotion","HeartOfIron"]},{"floor":13,"relics":["Mummified Hand","Eternal Feather","Membership Card"],"cards":["Pommel Strike","Dropkick","Warcry","Flex","Fire Breathing","Jack Of All Trades","Mayhem"],"potions":["SteroidPotion","Energy Potion","AttackPotion"]},{"floor":22,"relics":["Ancient Tea Set","Regal Pillow","Chemical X"],"cards":["Sever Soul","Havoc","Flex","Inflame","Bandage Up","Violence"],"potions":["SpeedPotion","LiquidBronze","ElixirPotion"]},{"floor":31,"relics":["Happy Flower","Mercury Hourglass","Strange Spoon"],"cards":["Anger","Bludgeon","Infernal Blade","Havoc","Feel No Pain","Mind Blast","Mayhem"],"potions":["DuplicationPotion","Swift Potion","Dexterity Potion"]},{"floor":38,"relics":["Kunai","Meat on the Bone","Molten Egg 2"],"cards":["Perfected Strike","Dropkick","Armaments","Warcry","Evolve","Trip","Violence"],"potions":["BloodPotion","Weak Potion","Swift Potion"]},{"floor":54,"relics":["InkBottle","Centennial Puzzle","Akabeko"],"cards":["Dropkick","Feed","Ghostly Armor","Burning Pact","Fire Breathing","Enlightenment","Sadistic Nature"],"potions":["SneckoOil","Block Potion","Strength Potion"]}],"circlet_count":0,"master_deck":["AscendersBane","Defend_R","Defend_R","Defend_R","Defend_R","Bash+1","Cleave+1","Shrug It Off","Clothesline","Feel No Pain+1","Corruption+1","Twin Strike","Exhume","Feed","Battle Trance","Whirlwind","Anger","Power Through","Sword Boomerang+1","Brutality","CurseOfTheBell","Armaments+1","Evolve","Power Through","Bloodletting+1","Sever Soul","Sword Boomerang+1","Doubt","Flame Barrier","Discovery","Fiend Fire"],"potion_use_per_floor":[[],[],[],[],[],[],[],[],[],[],["SteroidPotion"],["Swift Potion"],[],[],[],[],[],["EssenceOfSteel"],["HeartOfIron"],[],[],[],[],[],[],[],["LiquidMemories"],[],[],["SpeedPotion"],[],[],["Swift Potion"],[],[],[],[],[],[],[],[],[],[],[],[],["SteroidPotion"],[],[],[],[],[],[],[],[],["LiquidMemories"],["BloodPotion"]],"relics":["Burning Blood","Brimstone","Strawberry","Omamori","Question Card","Nunchaku","Runic Cube","Red Mask","The Courier","Sundial","Bag of Marbles","Calling Bell","HornCleat","Boot","Champion Belt","Bag of Preparation","Toolbox","Blue Candle","Bottled Lightning","Vajra","OrangePellets","Torii"],"potions_floor_usage":[11,12,18,19,27,30,33,46,55,56],"damage_taken":[{"damage":7,"enemies":"2 Louse","floor":1,"turns":4},{"damage":2,"enemies":"Cultist","floor":2,"turns":4},{"damage":19,"enemies":"Small Slimes","floor":3,"turns":5},{"damage":12,"enemies":"2 Fungi Beasts","floor":4,"turns":4},{"damage":3,"enemies":"Looter","floor":5,"turns":4},{"damage":22,"enemies":"Lagavulin","floor":10,"turns":5},{"damage":3,"enemies":"Exordium Wildlife","floor":11,"turns":3},{"damage":7,"enemies":"Gremlin Nob","floor":12,"turns":3},{"damage":18,"enemies":"Lagavulin","floor":14,"turns":6},{"damage":27,"enemies":"Slime Boss","floor":16,"turns":6},{"damage":9,"enemies":"Spheric Guardian","floor":18,"turns":5},{"damage":61,"enemies":"Masked Bandits","floor":19,"turns":5},{"damage":25,"enemies":"Slavers","floor":27,"turns":3},{"damage":14,"enemies":"2 Thieves","floor":29,"turns":5},{"damage":13,"enemies":"Cultist and Chosen","floor":30,"turns":5},{"damage":24,"enemies":"Collector","floor":33,"turns":7},{"damage":18,"enemies":"3 Shapes","floor":35,"turns":5},{"damage":27,"enemies":"3 Darklings","floor":39,"turns":8},{"damage":5,"enemies":"Giant Head","floor":40,"turns":6},{"damage":9,"enemies":"Transient","floor":41,"turns":6},{"damage":49,"enemies":"Nemesis","floor":44,"turns":7},{"damage":12,"enemies":"Writhing Mass","floor":46,"turns":5},{"damage":11,"enemies":"Giant Head","floor":48,"turns":7},{"damage":47,"enemies":"Time Eater","floor":50,"turns":8},{"damage":42,"enemies":"Donu and Deca","floor":51,"turns":9},{"damage":60,"enemies":"Shield and Spear","floor":55,"turns":6},{"damage":114,"enemies":"The Heart","floor":56,"turns":6}],"green_key_taken_log":14,"seed_played":"5018605757365253133","neow_bonus_log":{"cardsObtained":[],"cardsUpgraded":[],"cardsRemoved":[],"cardsTransformed":[],"relicsObtained":[],"maxHpGained":0,"goldGained":250,"damageTaken":0,"goldLost":0,"maxHpLost":7},"potions_obtained":[{"floor":4,"key":"Swift Potion"},{"floor":12,"key":"HeartOfIron"},{"floor":16,"key":"EssenceOfSteel"},{"floor":19,"key":"LiquidMemories"},{"floor":27,"key":"SpeedPotion"},{"floor":35,"key":"LiquidBronze"},{"floor":41,"key":"LiquidMemories"},{"floor":55,"key":"BloodPotion"}],"is_trial":false,"path_per_floor":["M","M","M","M","M","R","$","?","T","E","M","E","$","E","R","B",null,"M","?","?","?","$","R","?","R","T","E","R","M","M","$","R","B",null,"M","?","?","$","M","E","M","R","T","E","?","M","?","E","R","B","B",null,"R","$","E","B"],"character_chosen":"IRONCLAD","items_purchased":["Brimstone","Feel No Pain","SteroidPotion","Anger","Swift Potion","SteroidPotion","Bag of Preparation","Toolbox","OrangePellets","Discovery"],"campfire_rested":3,"item_purchase_floors":[7,7,7,22,31,31,38,38,54,54],"current_hp_per_floor":[67,68,55,49,52,52,52,52,59,43,46,45,45,33,33,12,59,59,7,7,7,7,31,31,31,31,15,40,32,28,28,54,39,77,68,68,68,68,51,56,53,53,53,14,14,12,104,103,103,65,29,91,91,91,41,0],"gold":35,"neow_bonus":"TWO_FIFTY_GOLD","is_prod":false,"is_daily":false,"rewards_skipped":[{"floor":10,"relics":[],"potions":["LiquidBronze"]}],"chose_seed":false,"campfire_upgraded":5,"win_rate":0,"floor_exit_playtime":[167,211,273,367,407,413,574,579,587,653,784,848,885,950,979,1124,1191,1286,1638,1643,1661,1709,1715,1735,1753,1764,1877,1881,2042,2145,2165,2169,2413,2540,2680,2690,2706,2758,3051,3171,3325,3357,3363,3588,3618,3854,3882,4020,4024,4270,4491,4503,4526,4589,4867],"timestamp":1668133125,"blue_key_relic_skipped_log":{"floor":43,"relicID":"Lantern"},"path_taken":["M","M","M","M","M","R","$","?","T","E","M","E","?","E","R","BOSS","M","?","?","?","$","R","?","R","T","E","R","M","M","$","R","BOSS","M","?","?","?","M","E","M","R","T","E","?","?","?","E","R","BOSS","BOSS","R","$","E","BOSS"],"build_version":"2022-10-04","purchased_purges":2,"victory":false,"max_hp_per_floor":[68,68,68,68,68,68,68,68,75,75,75,75,75,75,75,75,75,78,81,81,81,81,81,81,81,81,84,84,84,87,87,87,90,90,93,93,88,88,92,96,96,96,96,100,100,104,104,108,108,111,111,111,111,111,115,115],"relic_stats":{"Torii":31,"counters":[27,147],"Blue Candle":[12],"The Courier":140,"Omamori":2,"Bag of Preparation":[20],"Question Card":17,"Boot":[65],"Burning Blood":153,"OrangePellets":[4],"Nunchaku":[22],"Sundial":[20],"Champion Belt":[29],"Bottled Lightning":"Battle Trance","obtain_stats":[{"Torii":55,"Blue Candle":40,"Vajra":48,"The Courier":24,"Omamori":10,"Bag of Preparation":38,"Question Card":12,"Boot":34,"Burning Blood":0,"Calling Bell":34,"OrangePellets":54,"Nunchaku":14,"HornCleat":34,"Brimstone":7,"Sundial":26,"Strawberry":9,"Toolbox":38,"Red Mask":19,"Bag of Marbles":27,"Champion Belt":34,"Bottled Lightning":44,"Runic Cube":17},{"Torii":26,"Blue Candle":19,"Vajra":23,"The Courier":12,"Omamori":6,"Bag of Preparation":17,"Question Card":8,"Boot":16,"Burning Blood":0,"Calling Bell":16,"OrangePellets":25,"Nunchaku":9,"HornCleat":16,"Brimstone":5,"Sundial":12,"Strawberry":5,"Toolbox":17,"Red Mask":12,"Bag of Marbles":13,"Champion Belt":16,"Bottled Lightning":21,"Runic Cube":10},{"Torii":141,"Blue Candle":93,"Vajra":118,"The Courier":54,"Omamori":26,"Bag of Preparation":79,"Question Card":32,"Boot":74,"Burning Blood":0,"Calling Bell":74,"OrangePellets":135,"Nunchaku":38,"HornCleat":74,"Brimstone":21,"Sundial":54,"Strawberry":21,"Toolbox":79,"Red Mask":54,"Bag of Marbles":57,"Champion Belt":74,"Bottled Lightning":106,"Runic Cube":44}],"Runic Cube":[126]},"card_choices":[{"not_picked":["Warcry","Body Slam"],"picked":"Cleave","floor":1},{"not_picked":["Disarm","True Grit","Clash"],"picked":"SKIP","floor":2},{"not_picked":["Thunderclap","Body Slam"],"picked":"Shrug It Off","floor":3},{"not_picked":["Body Slam","Thunderclap"],"picked":"Clothesline","floor":4},{"not_picked":["Searing Blow","Heavy Blade","Entrench"],"picked":"SKIP","floor":5},{"not_picked":["Shrug It Off","Thunderclap"],"picked":"Corruption","floor":10},{"not_picked":["Perfected Strike","Body Slam","Clothesline"],"picked":"SKIP","floor":11},{"not_picked":["Warcry","Ghostly Armor"],"picked":"Twin Strike","floor":12},{"not_picked":["Wild Strike","Metallicize","Rupture"],"picked":"Exhume","floor":14},{"not_picked":["Juggernaut","Barricade","Immolate"],"picked":"Feed","floor":16},{"not_picked":["Heavy Blade","Warcry","Feel No Pain"],"picked":"Battle Trance","floor":18},{"not_picked":["Spot Weakness","Havoc","Thunderclap+1"],"picked":"Whirlwind","floor":19},{"not_picked":["Clash","Armaments","Warcry"],"picked":"Power Through","floor":27},{"not_picked":["Twin Strike","Thunderclap","Perfected Strike"],"picked":"Sword Boomerang","floor":29},{"not_picked":["Heavy Blade","Cleave","Metallicize","Iron Wave"],"picked":"SKIP","floor":30},{"not_picked":["Heavy Blade","Cleave","Metallicize","Iron Wave"],"picked":"SKIP","floor":30},{"not_picked":["Berserk","Exhume","Juggernaut"],"picked":"Brutality","floor":33},{"not_picked":["Clothesline","Body Slam","Metallicize"],"picked":"Armaments+1","floor":35},{"not_picked":["Rupture","Blood for Blood","Shrug It Off"],"picked":"Evolve","floor":39},{"not_picked":["Flex","Anger","Perfected Strike","Warcry"],"picked":"SKIP","floor":40},{"not_picked":["Bludgeon","Warcry","Shrug It Off"],"picked":"Power Through","floor":41},{"not_picked":["Thunderclap","Shrug It Off+1","Cleave+1"],"picked":"Bloodletting+1","floor":44},{"not_picked":["Cleave","Hemokinesis","Clothesline+1"],"picked":"Sword Boomerang+1","floor":46},{"not_picked":["Heavy Blade","Perfected Strike","Anger+1"],"picked":"Flame Barrier","floor":48},{"not_picked":["Sword Boomerang","Pommel Strike","True Grit"],"picked":"Fiend Fire","floor":55}],"player_experience":4408688,"relics_obtained":[{"floor":9,"key":"Strawberry"},{"floor":10,"key":"Omamori"},{"floor":12,"key":"Question Card"},{"floor":14,"key":"Nunchaku"},{"floor":19,"key":"Red Mask"},{"floor":26,"key":"Sundial"},{"floor":27,"key":"Bag of Marbles"},{"floor":34,"key":"HornCleat"},{"floor":34,"key":"Boot"},{"floor":34,"key":"Champion Belt"},{"floor":40,"key":"Blue Candle"},{"floor":44,"key":"Bottled Lightning"},{"floor":48,"key":"Vajra"},{"floor":55,"key":"Torii"}],"event_choices":[{"cards_removed":["Strike_R"],"damage_healed":0,"gold_gain":0,"player_choice":"Purged","damage_taken":0,"max_hp_gain":0,"max_hp_loss":0,"event_name":"Purifier","floor":8,"gold_loss":0},{"damage_healed":0,"gold_gain":0,"player_choice":"Fought Bandits","damage_taken":0,"max_hp_gain":0,"max_hp_loss":0,"event_name":"Masked Bandits","floor":19,"gold_loss":0},{"cards_removed":["Strike_R"],"damage_healed":0,"gold_gain":0,"player_choice":"Gave Gold","damage_taken":0,"max_hp_gain":0,"max_hp_loss":0,"event_name":"Beggar","floor":20,"gold_loss":75},{"damage_healed":0,"gold_gain":0,"player_choice":"Smashed Altar","damage_taken":0,"max_hp_gain":0,"max_hp_loss":0,"event_name":"Forgotten Altar","floor":21,"gold_loss":0,"cards_obtained":["Decay"]},{"damage_healed":0,"gold_gain":0,"player_choice":"Stole Relic","damage_taken":0,"relics_obtained":["The Courier"],"max_hp_gain":0,"max_hp_loss":0,"event_name":"Addict","floor":24,"gold_loss":0,"cards_obtained":["Shame"]},{"damage_healed":0,"gold_gain":222,"player_choice":"Wore Mask","damage_taken":0,"max_hp_gain":0,"max_hp_loss":0,"event_name":"Tomb of Lord Red Mask","floor":36,"gold_loss":0},{"damage_healed":0,"gold_gain":0,"player_choice":"Max HP","damage_taken":0,"max_hp_gain":0,"max_hp_loss":5,"event_name":"Winding Halls","floor":37,"gold_loss":0},{"damage_healed":0,"gold_gain":0,"cards_transformed":["Strike_R"],"player_choice":"Transformed","damage_taken":0,"max_hp_gain":0,"max_hp_loss":0,"event_name":"Transmorgrifier","floor":45,"gold_loss":0,"cards_obtained":["Sever Soul"]},{"damage_healed":92,"gold_gain":0,"player_choice":"Heal","damage_taken":0,"max_hp_gain":0,"max_hp_loss":0,"event_name":"MindBloom","floor":47,"gold_loss":0,"cards_obtained":["Doubt"]}],"is_beta":false,"boss_relics":[{"not_picked":["SacredBark","Busted Crown"],"picked":"Runic Cube"},{"not_picked":["Black Star","Coffee Dripper"],"picked":"Calling Bell"}],"items_purged_floors":[7,13],"is_endless":false,"potions_floor_spawned":[4,10,12,16,19,27,35,41,55],"killed_by":"The Heart","ascension_level":20,"potion_discard_per_floor":[[],[],[],[],[],[],[],[],[],[],[],[],[],[],[],[],[],[],[],[],[],[],[],[],[],[],[],[],[],[],[],[],[],[],[],[],[],[],[],[],["LiquidBronze"],[],[],[],[],[],[],[],[],[],[],[],[],[],[],[]]}