{"neow_bonuses_skipped_log":["UPGRADE_CARD","ONE_RARE_RELIC","BOSS_RELIC"],"neow_costs_skipped_log":["NONE","NO_GOLD","NONE"],"potions_obtained_entropic_brew":[[],[],[],[],[],[],[],[],[],[],[],[],[],[],[],[],[],[],[],[],[],[],[],[],[],[],[],[],[],[],[],[],[],[],["ElixirPotion"],[],[],[],[],[],[],[],[],[],[],[],[],[],[],[],[],[],[],[],[],[],[]],"gold_per_floor":[114,129,129,179,199,229,247,4,4,4,35,45,78,95,95,171,171,190,207,122,22,22,47,59,59,59,78,78,113,36,65,65,139,139,153,153,165,165,8,8,19,48,48,65,65,81,112,124,124,144,144,144,144,19,49,49],"floor_reached":57,"playtime":3404,"items_purged":["Strike_R","Strike_R","Strike_R+1"],"score":2809,"play_id":"d47d20c4-dd47-4471-964f-8fffec0051f3","local_time":"20221112165327","score_breakdown":["Floors Climbed (57): 285","Enemies Slain (16): 32","Exordium Elites Killed (3): 30","City Elites Killed (3): 60","Beyond Elites Killed (2): 60","Bosses Slain (5): 750","Speedster: 25","Champion (2): 50","Ascension (20): 1267","Heartbreaker: 250"],"is_ascension_mode":true,"potions_obtained_alchemize":[[],[],[],[],[],[],[],[],[],[],[],[],[],[],[],[],[],[],[],[],[],[],[],[],[],[],[],[],[],[],[],[],[],[],[],[],[],[],[],[],[],[],[],[],[],[],[],[],[],[],[],[],[],[],[],[],[]],"campfire_choices":[{"data":"Inflame","floor":10,"key":"SMITH"},{"data":"Immolate","floor":15,"key":"SMITH"},{"data":"Shockwave","floor":28,"key":"SMITH"},{"data":"Demon Form","floor":32,"key":"SMITH"},{"data":"Dark Embrace","floor":40,"key":"SMITH"},{"data":"True Grit","floor":45,"key":"SMITH"},{"floor":49,"key":"RECALL"},{"data":"Feel No Pain","floor":53,"key":"SMITH"}],"lesson_learned_per_floor":[[],[],[],[],[],[],[],[],[],[],[],[],[],[],[],[],[],[],[],[],[],[],[],[],[],[],[],[],[],[],[],[],[],[],[],[],[],[],[],[],[],[],[],[],[],[],[],[],[],[],[],[],[],[],[],[],[]],"neow_cost":"NONE","improvable_cards":{},"seed_source_timestamp":4112399140963,"shop_contents":[{"floor":8,"relics":["Vajra","Strange Spoon"],"cards":["Sword Boomerang","Uppercut","Armaments","Sentinel","Fire Breathing","PanicButton","The Bomb"],"potions":["Explosive Potion","Explosive Potion","FearPotion"]},{"floor":21,"relics":["Pocketwatch","Tiny Chest","ClockworkSouvenir"],"cards":["Dropkick","Pommel Strike","True Grit","Shrug It Off","Rupture","Forethought","Panache"],"potions":["FairyPotion","Strength Potion","Energy Potion"]},{"floor":30,"relics":["Gremlin Horn","MealTicket","Orrery"],"cards":["Body Slam","Thunderclap","Flex","True Grit","Purity","HandOfGreed"],"potions":["BloodPotion","Regen Potion","SpeedPotion"]},{"floor":39,"relics":["Anchor","Gambling Chip"],"cards":["Pummel","Thunderclap","Bloodletting","Power Through","Evolve","Panacea","Magnetism"],"potions":["GamblersBrew","Weak Potion","DistilledChaos"]},{"floor":54,"relics":["War Paint","Akabeko","HandDrill"],"cards":["Thunderclap","Anger","Battle Trance","Warcry","Feel No Pain","Forethought","Transmutation"],"potions":["Fire Potion","FearPotion","Fire Potion"]}],"circlet_count":0,"master_deck":["AscendersBane","Strike_R+1","Strike_R+1","Defend_R+1","Defend_R+1","Defend_R+1","Defend_R+1","Bash","Anger","Inflame+1","Shockwave+1","Pummel","Pommel Strike","Demon Form+1","Immolate+1","Disarm","Shrug It Off+1","Battle Trance","Feel No Pain+1","Dark Embrace+1","Reaper","Reaper","Havoc","Madness","Madness","Warcry","Ghostly Armor+1","True Grit+1","Sever Soul+1","Shrug It Off","Seeing Red","Shrug It Off+1"],"potion_use_per_floor":[[],[],[],[],[],[],[],[],[],[],["Dexterity Potion"],[],[],[],[],[],[],[],[],[],[],[],[],["LiquidMemories"],[],[],[],[],[],[],[],[],[],[],["EntropicBrew"],[],[],[],[],[],[],[],[],[],[],[],[],[],[],[],[],[],[],[],[],["DuplicationPotion"],[]],"relics":["Burning Blood","Blood Vial","Kunai","Red Skull","HornCleat","Art of War","StoneCalendar","Coffee Dripper","Oddly Smooth Stone","Nunchaku","Orichalcum","Lantern","Dream Catcher","Runic Pyramid","Toolbox","Ice Cream","FossilizedHelix","Bag of Preparation"],"potions_floor_usage":[11,24,35,56],"damage_taken":[{"damage":3,"enemies":"2 Louse","floor":1,"turns":3},{"damage":6,"enemies":"Cultist","floor":2,"turns":3},{"damage":10,"enemies":"Small Slimes","floor":5,"turns":4},{"damage":27,"enemies":"Gremlin Nob","floor":6,"turns":4},{"damage":7,"enemies":"2 Fungi Beasts","floor":7,"turns":4},{"damage":22,"enemies":"3 Sentries","floor":11,"turns":6},{"damage":1,"enemies":"Blue Slaver","floor":12,"turns":3},{"damage":22,"enemies":"Lagavulin","floor":13,"turns":6},{"damage":0,"enemies":"Looter","floor":14,"turns":1},{"damage":21,"enemies":"The Guardian","floor":16,"turns":7},{"damage":0,"enemies":"Spheric Guardian","floor":18,"turns":3},{"damage":22,"enemies":"2 Thieves","floor":19,"turns":4},{"damage":25,"enemies":"Slavers","floor":23,"turns":3},{"damage":0,"enemies":"Cultist and Chosen","floor":24,"turns":3},{"damage":0,"enemies":"Centurion and Healer","floor":27,"turns":4},{"damage":8,"enemies":"Book of Stabbing","floor":29,"turns":4},{"damage":0,"enemies":"Gremlin Leader","floor":31,"turns":6},{"damage":35,"enemies":"Collector","floor":33,"turns":7},{"damage":10,"enemies":"Orb Walker","floor":35,"turns":4},{"damage":8,"enemies":"3 Darklings","floor":37,"turns":4},{"damage":2,"enemies":"Sphere and 2 Shapes","floor":41,"turns":7},{"damage":0,"enemies":"Nemesis","floor":42,"turns":7},{"damage":2,"enemies":"Jaw Worm Horde","floor":44,"turns":4},{"damage":0,"enemies":"Spire Growth","floor":46,"turns":5},{"damage":1,"enemies":"Giant Head","floor":47,"turns":7},{"damage":0,"enemies":"Transient","floor":48,"turns":6},{"damage":41,"enemies":"Donu and Deca","floor":50,"turns":11},{"damage":23,"enemies":"Awakened One","floor":51,"turns":8},{"damage":17,"enemies":"Shield and Spear","floor":55,"turns":6},{"damage":57,"enemies":"The Heart","floor":56,"turns":9}],"green_key_taken_log":6,"seed_played":"1353399236428414715","neow_bonus_log":{"cardsObtained":[],"cardsUpgraded":[],"cardsRemoved":[],"cardsTransformed":[],"relicsObtained":["Blood Vial"],"maxHpGained":0,"goldGained":0,"damageTaken":0,"goldLost":0,"maxHpLost":0},"potions_obtained":[{"floor":2,"key":"ElixirPotion"},{"floor":6,"key":"Dexterity Potion"},{"floor":7,"key":"EntropicBrew"},{"floor":12,"key":"LiquidMemories"},{"floor":27,"key":"ColorlessPotion"},{"floor":29,"key":"DuplicationPotion"},{"floor":35,"key":"LiquidMemories"}],"is_trial":false,"path_per_floor":["M","M","?","?","M","E","M","$","T","R","E","M","E","M","R","B",null,"M","M","?","$","?","E","M","?","T","M","R","E","$","E","R","B",null,"M","?","M","?","$","R","M","E","T","M","R","M","E","M","R","B","B",null,"R","$","E","B",null],"character_chosen":"IRONCLAD","items_purchased":["Red Skull","Dark Embrace","Toolbox"],"campfire_rested":0,"item_purchase_floors":[8,30,39],"current_hp_per_floor":[73,75,80,72,70,51,52,52,52,52,38,45,31,39,39,26,67,75,61,61,61,61,44,52,52,52,60,60,60,60,68,68,62,76,80,66,80,80,80,80,80,80,80,80,80,80,80,80,80,80,80,80,80,80,80,65],"gold":49,"neow_bonus":"RANDOM_COMMON_RELIC","is_prod":false,"is_daily":false,"rewards_skipped":[{"floor":14,"relics":[],"potions":["Dexterity Potion"]},{"floor":18,"relics":[],"potions":["AttackPotion"]},{"floor":19,"relics":[],"potions":["Strength Potion"]},{"floor":37,"relics":[],"potions":["Regen Potion"]},{"floor":41,"relics":[],"potions":["Strength Potion"]},{"floor":48,"relics":[],"potions":["SkillPotion"]}],"chose_seed":false,"campfire_upgraded":7,"win_rate":0,"floor_exit_playtime":[141,165,173,180,212,264,316,343,348,355,450,505,565,594,610,726,796,843,919,977,1013,1021,1095,1143,1164,1176,1231,1257,1346,1356,1446,1456,1539,1633,1726,1750,1819,1822,1903,1909,2060,2169,2177,2291,2297,2393,2529,2620,2624,2847,3001,3012,3034,3057,3226,3404],"timestamp":1668290007,"blue_key_relic_skipped_log":{"floor":43,"relicID":"Turnip"},"path_taken":["M","M","?","?","?","E","M","$","T","R","E","M","E","M","R","BOSS","M","M","?","$","?","E","M","?","T","M","R","E","?","E","R","BOSS","M","?","M","?","?","R","M","E","T","M","R","?","E","M","R","BOSS","BOSS","R","$","E","BOSS"],"build_version":"2022-10-04","purchased_purges":3,"victory":true,"max_hp_per_floor":[75,75,80,80,80,80,80,80,80,80,80,80,80,80,80,80,80,80,80,80,80,80,80,80,80,80,80,80,80,80,80,80,80,80,80,80,80,80,80,80,80,80,80,80,80,80,80,80,80,80,80,80,80,80,80,80],"relic_stats":{"Ice Cream":[61],"counters":[30,153],"StoneCalendar":[197],"Bag of Preparation":[2],"Orichalcum":[108],"Burning Blood":115,"Blood Vial":40,"Nunchaku":[19],"Dream Catcher":0,"Art of War":[40],"Kunai":[48],"obtain_stats":[{"Ice Cream":42,"Lantern":29,"Oddly Smooth Stone":20,"StoneCalendar":13,"Bag of Preparation":55,"Orichalcum":26,"Burning Blood":0,"Blood Vial":0,"Nunchaku":23,"Dream Catcher":31,"HornCleat":9,"Toolbox":39,"Art of War":11,"Coffee Dripper":17,"Kunai":6,"Red Skull":8,"FossilizedHelix":47,"Runic Pyramid":34},{"Ice Cream":22,"Lantern":16,"Oddly Smooth Stone":12,"StoneCalendar":8,"Bag of Preparation":29,"Orichalcum":14,"Burning Blood":0,"Blood Vial":0,"Nunchaku":13,"Dream Catcher":17,"HornCleat":5,"Toolbox":20,"Art of War":6,"Coffee Dripper":10,"Kunai":4,"Red Skull":5,"FossilizedHelix":25,"Runic Pyramid":18},{"Ice Cream":97,"Lantern":62,"Oddly Smooth Stone":48,"StoneCalendar":33,"Bag of Preparation":144,"Orichalcum":54,"Burning Blood":0,"Blood Vial":0,"Nunchaku":51,"Dream Catcher":68,"HornCleat":18,"Toolbox":83,"Art of War":24,"Coffee Dripper":41,"Kunai":14,"Red Skull":18,"FossilizedHelix":113,"Runic Pyramid":75}],"FossilizedHelix":[109]},"card_choices":[{"not_picked":["Cleave","Clash"],"picked":"Anger","floor":1},{"not_picked":["Iron Wave","Body Slam"],"picked":"Inflame","floor":2},{"not_picked":["Metallicize","Rupture"],"picked":"Shockwave","floor":5},{"not_picked":["Dual Wield","Entrench"],"picked":"Pummel","floor":6},{"not_picked":["Headbutt","Combust"],"picked":"Pommel Strike","floor":7},{"not_picked":["Thunderclap","Havoc"],"picked":"Demon Form","floor":11},{"not_picked":["Pommel Strike","Clothesline","Flex"],"picked":"SKIP","floor":12},{"not_picked":["Dual Wield","Anger"],"picked":"Immolate","floor":13},{"not_picked":["Reckless Charge","Flex","Sword Boomerang"],"picked":"SKIP","floor":14},{"not_picked":["Wild Strike","Flex","Spot Weakness"],"picked":"SKIP","floor":18},{"not_picked":["Wild Strike","Flex"],"picked":"Disarm","floor":19},{"not_picked":["True Grit","Barricade","Heavy Blade"],"picked":"SKIP","floor":23},{"not_picked":["Dropkick","Clothesline+1"],"picked":"Shrug It Off+1","floor":24},{"not_picked":["Anger","Feel No Pain","Pommel Strike","Combust","Wild Strike","Searing Blow","Thunderclap","Cleave","Dropkick","Sword Boomerang","Dual Wield","Shrug It Off","Fire Breathing","Flex","Heavy Blade","Clash","Havoc","Second Wind","Rupture"],"picked":"Battle Trance","floor":25},{"not_picked":["Sword Boomerang","Headbutt"],"picked":"Feel No Pain","floor":27},{"not_picked":["Combust","Twin Strike","Carnage"],"picked":"SKIP","floor":29},{"not_picked":["Twin Strike+1","Flame Barrier+1"],"picked":"Reaper","floor":31},{"not_picked":["Bludgeon","Juggernaut"],"picked":"Reaper","floor":33},{"not_picked":["Anger","Perfected Strike"],"picked":"Havoc","floor":35},{"not_picked":["Headbutt+1","Twin Strike+1"],"picked":"Warcry","floor":37},{"not_picked":["Cleave","Clash"],"picked":"Ghostly Armor+1","floor":41},{"not_picked":["Fire Breathing","Demon Form"],"picked":"True Grit","floor":42},{"not_picked":["Twin Strike","Metallicize"],"picked":"Sever Soul+1","floor":44},{"not_picked":["Spot Weakness","Whirlwind"],"picked":"Shrug It Off","floor":46},{"not_picked":["True Grit","Shrug It Off+1"],"picked":"Seeing Red","floor":47},{"not_picked":["Havoc","Headbutt","Warcry"],"picked":"SKIP","floor":48},{"not_picked":["Barricade","Feel No Pain"],"picked":"Shrug It Off+1","floor":55}],"player_experience":4423211,"relics_obtained":[{"floor":6,"key":"Kunai"},{"floor":9,"key":"HornCleat"},{"floor":11,"key":"Art of War"},{"floor":13,"key":"StoneCalendar"},{"floor":23,"key":"Nunchaku"},{"floor":26,"key":"Orichalcum"},{"floor":29,"key":"Lantern"},{"floor":31,"key":"Dream Catcher"},{"floor":42,"key":"Ice Cream"},{"floor":47,"key":"FossilizedHelix"},{"floor":55,"key":"Bag of Preparation"}],"event_choices":[{"damage_healed":0,"gold_gain":0,"player_choice":"Donut","damage_taken":0,"max_hp_gain":5,"max_hp_loss":0,"event_name":"Big Fish","floor":3,"gold_loss":0},{"damage_healed":0,"gold_gain":50,"player_choice":"Touch","damage_taken":8,"max_hp_gain":0,"max_hp_loss":0,"event_name":"FaceTrader","floor":4,"gold_loss":0},{"damage_healed":0,"gold_gain":0,"player_choice":"Obtained Relic","damage_taken":0,"relics_obtained":["Oddly Smooth Stone"],"max_hp_gain":0,"max_hp_loss":0,"event_name":"Addict","floor":20,"gold_loss":85},{"damage_healed":0,"gold_gain":0,"player_choice":"Simplicity","damage_taken":0,"max_hp_gain":0,"max_hp_loss":0,"event_name":"Back to Basics","floor":22,"gold_loss":0,"cards_upgraded":["Strike_R","Strike_R","Strike_R","Defend_R","Defend_R","Defend_R","Defend_R"]},{"damage_healed":0,"gold_gain":0,"player_choice":"Read","damage_taken":0,"max_hp_gain":0,"max_hp_loss":0,"event_name":"The Library","floor":25,"gold_loss":0,"cards_obtained":["Battle Trance"]},{"damage_healed":0,"gold_gain":0,"player_choice":"Embrace Madness","damage_taken":14,"max_hp_gain":0,"max_hp_loss":0,"event_name":"Winding Halls","floor":36,"gold_loss":0,"cards_obtained":["Madness","Madness"]},{"damage_healed":0,"gold_gain":0,"player_choice":"Ignored","damage_taken":0,"max_hp_gain":0,"max_hp_loss":0,"event_name":"Tomb of Lord Red Mask","floor":38,"gold_loss":0}],"is_beta":false,"boss_relics":[{"not_picked":["Sozu","Black Star"],"picked":"Coffee Dripper"},{"not_picked":["Busted Crown","Mark of Pain"],"picked":"Runic Pyramid"}],"items_purged_floors":[8,21,54],"is_endless":false,"potions_floor_spawned":[2,6,7,12,14,18,19,27,29,35,37,41,48],"ascension_level":20,"potion_discard_per_floor":[[],[],[],[],[],[],["ElixirPotion"],[],[],[],[],[],[],[],[],[],[],[],[],[],[],[],[],[],[],[],[],[],["ColorlessPotion"],[],[],[],[],[],["ElixirPotion"],[],[],[],[],[],[],[],[],[],[],[],[],[],[],[],[],[],[],[],[],[],[]]}