{"neow_bonuses_skipped_log":["THREE_SMALL_POTIONS","REMOVE_TWO","BOSS_RELIC"],"potions_obtained_entropic_brew":[[],[],[],[],[],[],[],[],[],[],[],[],[],[],[],["BloodPotion","DistilledChaos"],[],[],[],[],[],[],[],[],[],[],[],[],[],[],[],[],[],[],[],["DuplicationPotion"],[],[],[],[],[],[],[],[],[],[],[],[],[],[],[],[],[],[],[],[],[]],"neow_costs_skipped_log":["NONE","PERCENT_DAMAGE","NONE"],"gold_per_floor":[116,134,134,147,170,208,226,261,339,339,358,358,401,417,417,512,512,527,545,545,27,27,27,58,58,82,82,27,61,74,103,103,176,176,196,521,537,537,557,582,612,637,637,665,665,678,710,729,729,729,749,749,749,202,237,237],"floor_reached":57,"playtime":4660,"items_purged":["Bash","Cleave"],"score":3393,"play_id":"0ef9c4ec-12c6-4bc4-befd-b9d1d99746e0","local_time":"20221118200232","score_breakdown":["Floors Climbed (57): 285","Enemies Slain (17): 34","Exordium Elites Killed (3): 30","City Elites Killed (2): 40","Beyond Elites Killed (4): 120","Bosses Slain (5): 750","Money Money (1298): 25","Collector (1): 25","Librarian: 25","Champion (5): 125","Perfect (2): 100","Overkill: 25","C-c-c-combo: 25","Ascension (20): 1534","Heartbreaker: 250"],"is_ascension_mode":true,"potions_obtained_alchemize":[[],[],[],[],[],[],[],[],[],[],[],[],[],[],[],[],[],[],[],[],[],[],[],[],[],[],[],[],[],[],[],[],[],[],[],[],[],[],[],[],[],[],[],[],[],[],[],[],[],[],[],[],[],[],[],[],[]],"campfire_choices":[{"floor":12,"key":"REST"},{"floor":15,"key":"REST"},{"data":"RitualDagger","floor":23,"key":"SMITH"},{"data":"Offering","floor":25,"key":"SMITH"},{"data":"Corruption","floor":32,"key":"SMITH"},{"floor":45,"key":"RECALL"},{"data":"Barricade","floor":49,"key":"SMITH"},{"data":"Pommel Strike","floor":53,"key":"SMITH"}],"lesson_learned_per_floor":[[],[],[],[],[],[],[],[],[],[],[],[],[],[],[],[],[],[],[],[],[],[],[],[],[],[],[],[],[],[],[],[],[],[],[],[],[],[],[],[],[],[],[],[],[],[],[],[],[],[],[],[],[],[],[],[],[]],"neow_cost":"NONE","improvable_cards":{"RitualDagger+1":[125]},"seed_source_timestamp":15179010896797,"shop_contents":[{"floor":21,"relics":["Letter Opener","Lee\u0027s Waffle"],"cards":["Blood for Blood","Body Slam","True Grit","Dark Embrace","Discovery"],"potions":["Explosive Potion","Weak Potion","Dexterity Potion"]},{"floor":28,"relics":["Singing Bowl","Girya","Chemical X"],"cards":["Clothesline","Wild Strike","Double Tap","Flex","Metallicize","Jack Of All Trades","Transmutation"],"potions":["Dexterity Potion","LiquidBronze"]},{"floor":54,"relics":["Pantograph","Bottled Flame","Frozen Eye"],"cards":["Anger","Sever Soul","Warcry","Seeing Red","Rupture","Forethought","Violence"],"potions":["LiquidBronze","BlessingOfTheForge","Swift Potion"]}],"circlet_count":0,"master_deck":["AscendersBane","Trip","Pommel Strike+1","Flame Barrier","Combust","Iron Wave","Spot Weakness","Headbutt","Shrug It Off","Offering+1","Corruption+1","Exhume","Second Wind","Brutality","Thunderclap","Impervious","Double Tap","Shrug It Off","Hemokinesis","Uppercut","Flame Barrier+1","Second Wind","Seeing Red","HandOfGreed","RitualDagger+1","Shrug It Off","Necronomicurse","Warcry+1","Barricade+1","Bloodletting+1","Shrug It Off","Shrug It Off+1","Feed","Feel No Pain+1","Pommel Strike+1"],"potion_use_per_floor":[[],[],[],[],[],[],[],[],[],[],[],[],[],[],[],["Strength Potion","EntropicBrew"],[],["BloodPotion"],[],[],[],[],[],["DistilledChaos"],[],[],[],[],[],[],[],[],[],[],[],["EntropicBrew"],[],[],[],[],[],[],[],[],[],[],[],[],[],[],[],[],[],[],[],["Swift Potion"],[]],"relics":["Burning Blood","Bloody Idol","Dead Branch","Sundial","Ornamental Fan","Torii","Pandora\u0027s Box","Bag of Marbles","Oddly Smooth Stone","Art of War","Necronomicon","Akabeko","Philosopher\u0027s Stone","Old Coin","The Courier","Bird Faced Urn","StoneCalendar","Anchor","Pocketwatch","White Beast Statue","Unceasing Top"],"potions_floor_usage":[16,16,18,24,36,56],"damage_taken":[{"damage":2,"enemies":"2 Louse","floor":1,"turns":4},{"damage":2,"enemies":"Cultist","floor":2,"turns":4},{"damage":10,"enemies":"Small Slimes","floor":4,"turns":3},{"damage":12,"enemies":"2 Fungi Beasts","floor":5,"turns":4},{"damage":31,"enemies":"Lagavulin","floor":6,"turns":8},{"damage":11,"enemies":"Looter","floor":7,"turns":3},{"damage":8,"enemies":"3 Sentries","floor":8,"turns":6},{"damage":10,"enemies":"Large Slime","floor":11,"turns":5},{"damage":23,"enemies":"Lagavulin","floor":13,"turns":6},{"damage":3,"enemies":"3 Louse","floor":14,"turns":5},{"damage":25,"enemies":"Hexaghost","floor":16,"turns":8},{"damage":13,"enemies":"Shell Parasite","floor":18,"turns":4},{"damage":6,"enemies":"Spheric Guardian","floor":19,"turns":5},{"damage":6,"enemies":"Book of Stabbing","floor":24,"turns":5},{"damage":6,"enemies":"Shelled Parasite and Fungi","floor":29,"turns":3},{"damage":0,"enemies":"Snecko","floor":30,"turns":5},{"damage":6,"enemies":"Gremlin Leader","floor":31,"turns":4},{"damage":15,"enemies":"Collector","floor":33,"turns":8},{"damage":7,"enemies":"Orb Walker","floor":35,"turns":2},{"damage":9,"enemies":"Mind Bloom Boss Battle","floor":36,"turns":3},{"damage":10,"enemies":"3 Darklings","floor":37,"turns":7},{"damage":6,"enemies":"Spire Growth","floor":39,"turns":2},{"damage":26,"enemies":"Giant Head","floor":40,"turns":7},{"damage":0,"enemies":"Sphere and 2 Shapes","floor":41,"turns":3},{"damage":6,"enemies":"Nemesis","floor":42,"turns":5},{"damage":24,"enemies":"Reptomancer","floor":44,"turns":9},{"damage":6,"enemies":"Transient","floor":46,"turns":5},{"damage":10,"enemies":"Nemesis","floor":47,"turns":5},{"damage":10,"enemies":"3 Darklings","floor":48,"turns":4},{"damage":12,"enemies":"Donu and Deca","floor":50,"turns":6},{"damage":12,"enemies":"Awakened One","floor":51,"turns":9},{"damage":3,"enemies":"Shield and Spear","floor":55,"turns":3},{"damage":82,"enemies":"The Heart","floor":56,"turns":11}],"green_key_taken_log":40,"seed_played":"2899236917154525376","neow_bonus_log":{"cardsObtained":[],"cardsUpgraded":[],"cardsRemoved":[],"cardsTransformed":[],"relicsObtained":[],"maxHpGained":0,"goldGained":0,"damageTaken":0,"goldLost":0,"maxHpLost":0},"potions_obtained":[{"floor":2,"key":"Strength Potion"},{"floor":8,"key":"SteroidPotion"},{"floor":14,"key":"EntropicBrew"},{"floor":18,"key":"EntropicBrew"},{"floor":48,"key":"Swift Potion"}],"is_trial":false,"path_per_floor":["M","M","?","M","M","E","M","E","T","?","M","R","E","M","R","B",null,"M","M","?","$","?","R","E","R","T","?","$","M","M","E","R","B",null,"M","?","M","?","M","E","M","E","T","E","R","M","E","M","R","B","B",null,"R","$","E","B",null],"character_chosen":"IRONCLAD","items_purchased":["Bag of Marbles","Seeing Red","HandOfGreed","PowerPotion","Pocketwatch","White Beast Statue"],"campfire_rested":2,"item_purchase_floors":[21,21,21,28,54,54],"current_hp_per_floor":[72,75,68,64,58,33,28,26,26,16,12,32,15,18,38,19,56,62,62,62,62,56,56,61,61,66,45,45,55,66,68,68,64,67,68,68,68,68,68,53,68,68,68,67,67,68,68,68,68,71,71,71,71,71,71,13],"gold":237,"neow_bonus":"RANDOM_COLORLESS","is_prod":false,"is_daily":false,"rewards_skipped":[{"floor":31,"relics":[],"potions":["Fire Potion"]},{"floor":33,"relics":[],"potions":["Block Potion"]},{"floor":36,"relics":[],"potions":["PowerPotion"]},{"floor":42,"relics":[],"potions":["Regen Potion"]},{"floor":46,"relics":[],"potions":["SkillPotion"]},{"floor":55,"relics":[],"potions":["ElixirPotion"]}],"chose_seed":false,"campfire_upgraded":5,"win_rate":0,"floor_exit_playtime":[134,174,182,262,325,556,595,704,707,755,837,841,924,1008,1026,1140,1189,1288,1390,1394,1497,1504,1515,1639,1654,1664,1675,1686,1766,1853,1968,1979,2125,2175,2216,2372,2568,2571,2611,2802,2893,2989,2993,3302,3310,3534,3616,3721,3728,3910,4112,4123,4139,4160,4243,4660],"timestamp":1668819752,"blue_key_relic_skipped_log":{"floor":43,"relicID":"FossilizedHelix"},"path_taken":["M","M","?","M","M","E","M","E","T","?","?","R","E","M","R","BOSS","M","?","?","$","?","R","E","R","T","?","?","M","M","E","R","BOSS","M","?","M","?","M","E","M","E","T","E","R","M","E","M","R","BOSS","BOSS","R","$","E","BOSS"],"build_version":"2022-10-04","purchased_purges":2,"victory":true,"max_hp_per_floor":[75,75,68,68,68,68,68,68,68,68,68,68,68,68,68,68,68,68,68,68,68,68,68,68,68,68,68,68,68,68,68,68,68,68,68,68,68,68,68,68,68,68,68,68,68,68,68,68,68,71,71,71,71,71,71,71],"relic_stats":{"Torii":54,"counters":[33,171],"Dead Branch":[501],"StoneCalendar":[47],"The Courier":137,"Burning Blood":179,"White Beast Statue":[0.0,0.0,0.0,0.4,0.0,0.6000000000000001,0.0,0.0,0.0,0.0,0.0,0.4],"Sundial":[14],"Ornamental Fan":[204],"Bloody Idol":67,"Bird Faced Urn":[59],"Pandora\u0027s Box":["Exhume","Second Wind","Brutality","Thunderclap","Impervious","Double Tap","Shrug It Off","Hemokinesis","Uppercut"],"Art of War":[21],"Necronomicon":[42],"obtain_stats":[{"Torii":13,"Golden Idol":3,"Dead Branch":6,"Oddly Smooth Stone":24,"StoneCalendar":44,"The Courier":40,"Burning Blood":0,"Akabeko":31,"White Beast Statue":54,"Old Coin":36,"Anchor":47,"Sundial":8,"Ornamental Fan":9,"Bloody Idol":20,"Bird Faced Urn":42,"Pandora\u0027s Box":17,"Philosopher\u0027s Stone":34,"Bag of Marbles":21,"Art of War":26,"Necronomicon":27,"Unceasing Top":55,"Pocketwatch":54},{"Torii":9,"Golden Idol":2,"Dead Branch":5,"Oddly Smooth Stone":14,"StoneCalendar":26,"The Courier":23,"Burning Blood":0,"Akabeko":17,"White Beast Statue":31,"Old Coin":20,"Anchor":28,"Sundial":7,"Ornamental Fan":7,"Bloody Idol":13,"Bird Faced Urn":25,"Pandora\u0027s Box":11,"Philosopher\u0027s Stone":18,"Bag of Marbles":13,"Art of War":14,"Necronomicon":14,"Unceasing Top":32,"Pocketwatch":31},{"Torii":43,"Golden Idol":8,"Dead Branch":23,"Oddly Smooth Stone":70,"StoneCalendar":128,"The Courier":111,"Burning Blood":0,"Akabeko":82,"White Beast Statue":157,"Old Coin":95,"Anchor":138,"Sundial":32,"Ornamental Fan":32,"Bloody Idol":65,"Bird Faced Urn":119,"Pandora\u0027s Box":56,"Philosopher\u0027s Stone":90,"Bag of Marbles":65,"Art of War":70,"Necronomicon":70,"Unceasing Top":160,"Pocketwatch":157}],"Unceasing Top":[0],"Pocketwatch":[10]},"card_choices":[{"not_picked":["Bandage Up","Impatience"],"picked":"Trip","floor":0},{"not_picked":["Reckless Charge","Body Slam","True Grit"],"picked":"SKIP","floor":1},{"not_picked":["Heavy Blade","Seeing Red"],"picked":"Pommel Strike","floor":2},{"not_picked":["True Grit","Thunderclap"],"picked":"Flame Barrier","floor":4},{"not_picked":["Havoc","Double Tap"],"picked":"Combust","floor":5},{"not_picked":["Cleave","Clash","Flex"],"picked":"SKIP","floor":6},{"not_picked":["Clash","Flex"],"picked":"Cleave","floor":6},{"not_picked":["Flex","True Grit"],"picked":"Iron Wave","floor":7},{"not_picked":["Flex","Hemokinesis"],"picked":"Spot Weakness","floor":8},{"not_picked":["True Grit","Spot Weakness"],"picked":"Headbutt","floor":11},{"not_picked":["Bloodletting","Ghostly Armor"],"picked":"Shrug It Off","floor":13},{"not_picked":["Pommel Strike","Clothesline"],"picked":"Offering","floor":14},{"not_picked":["Double Tap","Reaper"],"picked":"Corruption","floor":16},{"not_picked":["True Grit","Clothesline"],"picked":"Flame Barrier+1","floor":18},{"not_picked":["Intimidate+1","Body Slam"],"picked":"Second Wind","floor":19},{"not_picked":["Twin Strike+1","Rampage"],"picked":"Shrug It Off","floor":24},{"not_picked":["Clash","Heavy Blade","Warcry"],"picked":"SKIP","floor":29},{"not_picked":["Spot Weakness","True Grit"],"picked":"Warcry+1","floor":30},{"not_picked":["Armaments","Thunderclap"],"picked":"Barricade","floor":31},{"not_picked":["Wild Strike","Perfected Strike+1","Infernal Blade"],"picked":"SKIP","floor":35},{"not_picked":["Body Slam","Cleave"],"picked":"Bloodletting+1","floor":36},{"not_picked":["Anger","Dual Wield","Heavy Blade+1"],"picked":"SKIP","floor":37},{"not_picked":["Wild Strike","Sword Boomerang"],"picked":"Shrug It Off","floor":39},{"not_picked":["Evolve","Rupture","Sentinel+1"],"picked":"SKIP","floor":40},{"not_picked":["Fire Breathing","Flame Barrier"],"picked":"Shrug It Off+1","floor":41},{"not_picked":["Clash","Spot Weakness"],"picked":"Feed","floor":42},{"not_picked":["Power Through+1","Body Slam"],"picked":"Feel No Pain+1","floor":44},{"not_picked":["Evolve+1","Spot Weakness","Flex+1"],"picked":"SKIP","floor":46},{"not_picked":["Inflame+1","Rampage","Armaments"],"picked":"SKIP","floor":47},{"not_picked":["Power Through","Headbutt+1"],"picked":"Pommel Strike+1","floor":48},{"not_picked":["Twin Strike","Brutality","Combust"],"picked":"SKIP","floor":55}],"player_experience":4480915,"relics_obtained":[{"floor":6,"key":"Dead Branch"},{"floor":8,"key":"Sundial"},{"floor":9,"key":"Ornamental Fan"},{"floor":13,"key":"Torii"},{"floor":24,"key":"Oddly Smooth Stone"},{"floor":26,"key":"Art of War"},{"floor":27,"key":"Necronomicon"},{"floor":31,"key":"Akabeko"},{"floor":36,"key":"Old Coin"},{"floor":40,"key":"The Courier"},{"floor":42,"key":"Bird Faced Urn"},{"floor":44,"key":"StoneCalendar"},{"floor":47,"key":"Anchor"},{"floor":55,"key":"Unceasing Top"}],"event_choices":[{"damage_healed":0,"gold_gain":0,"player_choice":"Lose Max HP","damage_taken":0,"relics_obtained":["Golden Idol"],"max_hp_gain":0,"max_hp_loss":7,"event_name":"Golden Idol","floor":3,"gold_loss":0},{"damage_healed":0,"gold_gain":0,"player_choice":"Damaged","damage_taken":10,"max_hp_gain":0,"max_hp_loss":0,"event_name":"Wheel of Change","floor":10,"gold_loss":0},{"damage_healed":0,"gold_gain":0,"player_choice":"Gave Idol","damage_taken":0,"relics_obtained":["Bloody Idol"],"max_hp_gain":0,"max_hp_loss":0,"event_name":"Forgotten Altar","floor":20,"relics_lost":["Golden Idol"],"gold_loss":0},{"damage_healed":0,"gold_gain":0,"player_choice":"Joined the Cult","damage_taken":6,"max_hp_gain":0,"max_hp_loss":0,"event_name":"Nest","floor":22,"gold_loss":0,"cards_obtained":["RitualDagger"]},{"damage_healed":0,"gold_gain":0,"player_choice":"Obtained Book","damage_taken":21,"max_hp_gain":0,"max_hp_loss":0,"event_name":"Cursed Tome","floor":27,"gold_loss":0},{"damage_healed":0,"gold_gain":0,"player_choice":"Fight","damage_taken":0,"max_hp_gain":0,"max_hp_loss":0,"event_name":"MindBloom","floor":36,"gold_loss":0},{"damage_healed":0,"gold_gain":0,"player_choice":"Ignored","damage_taken":0,"max_hp_gain":0,"max_hp_loss":0,"event_name":"Tomb of Lord Red Mask","floor":38,"gold_loss":0}],"is_beta":false,"boss_relics":[{"not_picked":["Black Blood","Calling Bell"],"picked":"Pandora\u0027s Box"},{"not_picked":["Tiny House","Black Star"],"picked":"Philosopher\u0027s Stone"}],"items_purged_floors":[21,54],"is_endless":false,"potions_floor_spawned":[2,8,14,18,31,33,36,42,46,48,55],"ascension_level":20,"potion_discard_per_floor":[[],[],[],[],[],[],[],[],[],[],[],[],[],["SteroidPotion"],[],[],[],[],[],[],[],[],[],[],[],[],[],[],[],[],[],[],[],[],[],[],[],[],[],[],[],[],[],[],[],[],[],["PowerPotion"],[],[],[],[],[],[],[],[],[]]}