{"neow_bonuses_skipped_log":["UPGRADE_CARD","TEN_PERCENT_HP_BONUS","BOSS_RELIC"],"neow_costs_skipped_log":["NONE","NONE","NONE"],"potions_obtained_entropic_brew":[[],[],[],[],[],[],[],[],[],[],[],[],[],[],[],[],[],[],[],[],[],[],[],[],[],[],[],[],[],[],[],[],[],[],[],[],[],[],[],[],[],[]],"gold_per_floor":[366,516,516,533,86,86,113,113,113,139,149,162,162,190,190,262,262,281,281,298,21,21,56,56,86,86,112,147,164,164,214,214,288,288,299,317,147,147,29,29,61,61],"floor_reached":42,"playtime":6882,"items_purged":["Doubt","Writhe","Strike_R+1"],"score":1086,"play_id":"36ea5b15-b1c9-40d0-9ad1-486cc607c170","local_time":"20221126183508","score_breakdown":["Floors Climbed (42): 210","Enemies Slain (9): 18","Exordium Elites Killed (3): 30","City Elites Killed (4): 80","Beyond Elites Killed (1): 30","Bosses Slain (2): 150","Overkill: 25","Ascension (20): 543"],"is_ascension_mode":true,"potions_obtained_alchemize":[[],[],[],[],[],[],[],[],[],[],[],[],[],[],[],[],[],[],[],[],[],[],[],[],[],[],[],[],[],[],[],[],[],[],[],[],[],[],[],[],[],[]],"campfire_choices":[{"data":"Perfected Strike","floor":6,"key":"SMITH"},{"data":"Hemokinesis","floor":8,"key":"SMITH"},{"data":"Disarm","floor":15,"key":"SMITH"},{"data":"Fiend Fire","floor":24,"key":"SMITH"},{"data":"Shockwave","floor":30,"key":"SMITH"},{"data":"Pommel Strike","floor":32,"key":"SMITH"},{"data":"Dark Embrace","floor":40,"key":"SMITH"}],"lesson_learned_per_floor":[[],[],[],[],[],[],[],[],[],[],[],[],[],[],[],[],[],[],[],[],[],[],[],[],[],[],[],[],[],[],[],[],[],[],[],[],[],[],[],[],[],[]],"neow_cost":"TEN_PERCENT_HP_LOSS","improvable_cards":{},"seed_source_timestamp":15181008326805,"shop_contents":[{"floor":5,"relics":["Ornamental Fan","Medical Kit"],"cards":["Headbutt","Pummel","Burning Pact","True Grit","Barricade","Purity","Secret Technique"],"potions":["SneckoOil","Strength Potion"]},{"floor":21,"relics":["Gremlin Horn","CeramicFish","Cauldron"],"cards":["Sword Boomerang","Anger","Disarm","Seeing Red","Combust","Purity","Transmutation"],"potions":["Swift Potion","Weak Potion","PowerPotion"]},{"floor":37,"relics":["Mercury Hourglass","Bronze Scales","Strange Spoon"],"cards":["Cleave","Uppercut","Armaments","True Grit","Dark Embrace","Blind","Secret Technique"],"potions":["FearPotion","LiquidBronze","ColorlessPotion"]},{"floor":39,"relics":["Strawberry","Ancient Tea Set","Brimstone"],"cards":["Headbutt","Heavy Blade","Dual Wield","Havoc","Dark Embrace","Good Instincts","Secret Technique"],"potions":["Fire Potion","Swift Potion","Dexterity Potion"]}],"circlet_count":0,"master_deck":["AscendersBane","Strike_R+1","Strike_R+1","Strike_R+1","Defend_R+1","Defend_R+1","Defend_R+1","Defend_R+1","Perfected Strike+1","Hemokinesis+1","Disarm+1","Battle Trance","Pommel Strike+1","Fiend Fire+1","Seeing Red","Seeing Red","Uppercut","Pommel Strike","Shockwave+1","Second Wind+1","Reaper","Warcry+1","Demon Form+1","Limit Break+1","Evolve","Shrug It Off","Dark Embrace+1","Feel No Pain","Power Through","Battle Trance+1"],"potion_use_per_floor":[[],[],[],[],[],[],["ElixirPotion","Explosive Potion"],[],[],["ColorlessPotion"],[],[],[],[],[],[],[],[],[],[],[],[],["Weak Potion"],[],["Block Potion"],[],[],[],[],[],[],[],["Strength Potion","Energy Potion"],[],[],[],[],[],[],[],["SpeedPotion","SteroidPotion"],[]],"relics":["Burning Blood","Smiling Mask","Lizard Tail","Calipers","Unceasing Top","Orichalcum","The Courier","Coffee Dripper","Red Skull","Nunchaku","Regal Pillow","WingedGreaves","Pen Nib","StrikeDummy","Potion Belt","Matryoshka","Astrolabe","Toxic Egg 2"],"potions_floor_usage":[7,7,10,23,25,33,33,41,41],"damage_taken":[{"damage":2,"enemies":"2 Louse","floor":1,"turns":4},{"damage":22,"enemies":"Small Slimes","floor":4,"turns":6},{"damage":10,"enemies":"Gremlin Nob","floor":7,"turns":3},{"damage":17,"enemies":"Lagavulin","floor":10,"turns":5},{"damage":4,"enemies":"Jaw Worm","floor":11,"turns":3},{"damage":9,"enemies":"Blue Slaver","floor":12,"turns":3},{"damage":7,"enemies":"Gremlin Nob","floor":14,"turns":3},{"damage":18,"enemies":"The Guardian","floor":16,"turns":11},{"damage":8,"enemies":"Chosen","floor":18,"turns":3},{"damage":13,"enemies":"Shell Parasite","floor":20,"turns":3},{"damage":23,"enemies":"Book of Stabbing","floor":23,"turns":4},{"damage":7,"enemies":"Slavers","floor":25,"turns":4},{"damage":23,"enemies":"Book of Stabbing","floor":27,"turns":3},{"damage":17,"enemies":"Slavers","floor":28,"turns":5},{"damage":2,"enemies":"3 Cultists","floor":29,"turns":4},{"damage":22,"enemies":"Collector","floor":33,"turns":5},{"damage":12,"enemies":"3 Shapes","floor":35,"turns":6},{"damage":14,"enemies":"Orb Walker","floor":36,"turns":4},{"damage":86,"enemies":"Giant Head","floor":41,"turns":13},{"damage":83,"enemies":"Reptomancer","floor":42,"turns":3}],"green_key_taken_log":27,"seed_played":"-1542521837137147259","neow_bonus_log":{"cardsObtained":[],"cardsUpgraded":[],"cardsRemoved":[],"cardsTransformed":[],"relicsObtained":[],"maxHpGained":0,"goldGained":250,"damageTaken":0,"goldLost":0,"maxHpLost":7},"potions_obtained":[{"floor":4,"key":"ElixirPotion"},{"floor":7,"key":"ColorlessPotion"},{"floor":10,"key":"Weak Potion"},{"floor":14,"key":"SpeedPotion"},{"floor":20,"key":"SpeedPotion"},{"floor":23,"key":"Block Potion"},{"floor":25,"key":"Strength Potion"},{"floor":28,"key":"Energy Potion"},{"floor":36,"key":"SteroidPotion"}],"is_trial":false,"path_per_floor":["M","?","?","M","$","R","E","R","T","E","M","M","?","E","R","B",null,"M","?","M","$","?","E","R","E","T","E","E","M","R","?","R","B",null,"M","M","$","?","$","R","E","E"],"character_chosen":"IRONCLAD","items_purchased":["Lizard Tail","Explosive Potion","Red Skull","Nunchaku","Seeing Red","Dark Embrace","Feel No Pain","Power Through"],"campfire_rested":0,"item_purchase_floors":[5,5,21,21,21,37,37,39],"current_hp_per_floor":[68,68,63,47,47,47,43,43,43,32,34,31,31,30,30,18,56,54,54,47,47,47,30,30,29,29,12,37,41,41,35,35,19,56,62,60,60,60,60,60,16,0],"gold":61,"neow_bonus":"TWO_FIFTY_GOLD","is_prod":false,"is_daily":false,"rewards_skipped":[],"chose_seed":false,"campfire_upgraded":7,"win_rate":0,"floor_exit_playtime":[416,428,444,523,711,726,884,889,964,1434,1543,1619,1637,1759,1765,2139,2242,2331,2344,2447,2657,2677,2793,2801,3000,3013,3099,3340,3454,3468,3524,3533,3900,4181,4334,4431,4490,4685,4804,4810,6329],"timestamp":1669505708,"path_taken":["M","?","?","M","$","R","E","R","T","E","M","M","?","E","R","BOSS","M","?","M","$","?","E","R","E","T","E","E","M","R","?","R","BOSS","M","?","$","?","$","R","E","E"],"build_version":"2022-10-04","purchased_purges":3,"victory":false,"max_hp_per_floor":[68,68,68,68,68,68,68,68,68,68,68,68,68,68,68,68,68,68,68,68,68,68,68,68,68,68,68,68,68,68,68,68,68,68,68,68,68,68,68,68,68,68],"relic_stats":{"Regal Pillow":0,"Calipers":[28],"counters":[20,95],"Astrolabe":["Warcry","Demon Form","Limit Break"],"The Courier":160,"Pen Nib":[7],"Orichalcum":[168],"Smiling Mask":105,"Burning Blood":110,"Lizard Tail":34,"Nunchaku":[9],"Matryoshka":0,"WingedGreaves":2,"obtain_stats":[{"Potion Belt":27,"Regal Pillow":22,"Calipers":7,"Astrolabe":34,"The Courier":14,"Pen Nib":25,"Orichalcum":10,"Smiling Mask":3,"Burning Blood":0,"Lizard Tail":5,"Nunchaku":21,"Matryoshka":28,"WingedGreaves":23,"Coffee Dripper":17,"Toxic Egg 2":41,"StrikeDummy":26,"Unceasing Top":9,"Red Skull":21},{"Potion Belt":13,"Regal Pillow":10,"Calipers":3,"Astrolabe":16,"The Courier":7,"Pen Nib":12,"Orichalcum":4,"Smiling Mask":1,"Burning Blood":0,"Lizard Tail":2,"Nunchaku":10,"Matryoshka":14,"WingedGreaves":11,"Coffee Dripper":8,"Toxic Egg 2":19,"StrikeDummy":12,"Unceasing Top":3,"Red Skull":10},{"Potion Belt":55,"Regal Pillow":44,"Calipers":13,"Astrolabe":69,"The Courier":27,"Pen Nib":52,"Orichalcum":18,"Smiling Mask":4,"Burning Blood":0,"Lizard Tail":10,"Nunchaku":44,"Matryoshka":60,"WingedGreaves":48,"Coffee Dripper":38,"Toxic Egg 2":92,"StrikeDummy":52,"Unceasing Top":13,"Red Skull":44}],"Unceasing Top":[14]},"card_choices":[{"not_picked":["Warcry","Armaments"],"picked":"Perfected Strike","floor":1},{"not_picked":["Iron Wave","Heavy Blade"],"picked":"Hemokinesis","floor":4},{"not_picked":["Limit Break","Cleave"],"picked":"Anger","floor":7},{"not_picked":["Bloodletting","Twin Strike"],"picked":"Disarm","floor":10},{"not_picked":["Cleave","Dark Embrace","Entrench"],"picked":"SKIP","floor":11},{"not_picked":["Thunderclap","Shrug It Off"],"picked":"Battle Trance","floor":12},{"not_picked":["Flex","Bludgeon"],"picked":"Pommel Strike","floor":14},{"not_picked":["Demon Form","Bludgeon"],"picked":"Fiend Fire","floor":16},{"not_picked":["Thunderclap","Flex","Anger"],"picked":"SKIP","floor":18},{"not_picked":["Juggernaut","Heavy Blade"],"picked":"Seeing Red","floor":20},{"not_picked":["Carnage","Clothesline"],"picked":"Uppercut","floor":23},{"not_picked":["Heavy Blade","Dual Wield","True Grit"],"picked":"SKIP","floor":25},{"not_picked":["Reckless Charge","Battle Trance"],"picked":"Pommel Strike","floor":27},{"not_picked":["Flex+1","Searing Blow"],"picked":"Shockwave","floor":28},{"not_picked":["Pommel Strike","Hemokinesis"],"picked":"Second Wind+1","floor":29},{"not_picked":["Brutality","Demon Form"],"picked":"Reaper","floor":33},{"not_picked":["Infernal Blade","Rupture"],"picked":"Evolve","floor":35},{"not_picked":["Uppercut","Clash+1"],"picked":"Shrug It Off","floor":36},{"not_picked":["Pommel Strike","True Grit+1"],"picked":"Battle Trance+1","floor":41}],"player_experience":4543467,"relics_obtained":[{"floor":7,"key":"Calipers"},{"floor":9,"key":"Unceasing Top"},{"floor":10,"key":"Orichalcum"},{"floor":14,"key":"The Courier"},{"floor":23,"key":"WingedGreaves"},{"floor":25,"key":"Pen Nib"},{"floor":26,"key":"StrikeDummy"},{"floor":27,"key":"Potion Belt"},{"floor":28,"key":"Matryoshka"},{"floor":41,"key":"Toxic Egg 2"}],"event_choices":[{"damage_healed":0,"gold_gain":150,"player_choice":"AGREE","damage_taken":0,"max_hp_gain":0,"max_hp_loss":0,"event_name":"Liars Game","floor":2,"gold_loss":0,"cards_obtained":["Doubt"]},{"damage_healed":0,"gold_gain":0,"player_choice":"Success","damage_taken":5,"relics_obtained":["Smiling Mask"],"max_hp_gain":0,"max_hp_loss":0,"event_name":"Scrap Ooze","floor":3,"gold_loss":0},{"damage_healed":0,"gold_gain":0,"player_choice":"Searched \u00270\u0027 times","damage_taken":0,"max_hp_gain":0,"max_hp_loss":0,"event_name":"Dead Adventurer","floor":13,"gold_loss":0},{"damage_healed":0,"gold_gain":0,"player_choice":"Simplicity","damage_taken":0,"max_hp_gain":0,"max_hp_loss":0,"event_name":"Back to Basics","floor":19,"gold_loss":0,"cards_upgraded":["Strike_R","Strike_R","Strike_R","Strike_R","Strike_R","Defend_R","Defend_R","Defend_R","Defend_R"]},{"damage_healed":0,"gold_gain":0,"player_choice":"Opened","damage_taken":0,"relics_obtained":["Regal Pillow"],"max_hp_gain":0,"max_hp_loss":0,"event_name":"The Mausoleum","floor":22,"gold_loss":0,"cards_obtained":["Writhe"]},{"damage_healed":0,"gold_gain":50,"player_choice":"Touch","damage_taken":6,"max_hp_gain":0,"max_hp_loss":0,"event_name":"FaceTrader","floor":31,"gold_loss":0},{"damage_healed":0,"gold_gain":0,"player_choice":"Ignored","damage_taken":0,"max_hp_gain":0,"max_hp_loss":0,"event_name":"SecretPortal","floor":38,"gold_loss":0}],"is_beta":false,"boss_relics":[{"not_picked":["Velvet Choker","Empty Cage"],"picked":"Coffee Dripper"},{"not_picked":["Pandora\u0027s Box","Busted Crown"],"picked":"Astrolabe"}],"items_purged_floors":[5,37,39],"is_endless":false,"potions_floor_spawned":[4,7,10,14,20,23,25,28,36],"killed_by":"Reptomancer","ascension_level":20,"potion_discard_per_floor":[[],[],[],[],[],[],[],[],[],[],[],[],[],[],[],[],[],[],[],["SpeedPotion"],[],[],[],[],[],[],[],[],[],[],[],[],[],[],[],[],[],[],[],[],[],[]]}