{"neow_bonuses_skipped_log":["TEN_PERCENT_HP_BONUS","REMOVE_TWO","BOSS_RELIC"],"potions_obtained_entropic_brew":[[],[],[],[],[],[],[],[],[],[],[],[],[],[],[],[],[],[],[],[],[],[],[],[],[],[],[],[],[],[],[],[],[],[],[],[],[],[],[],[],[],[],[],[],[],[],[],[],[],[],[],[],[],[],[],[],[]],"neow_costs_skipped_log":["NONE","NO_GOLD","NONE"],"gold_per_floor":[113,129,140,153,78,103,103,28,28,60,18,49,49,59,59,135,135,146,26,26,40,58,58,87,87,87,113,123,155,155,55,55,129,129,143,143,163,163,163,189,112,145,145,163,183,194,209,244,244,244,244,244,244,71,98,98],"floor_reached":57,"playtime":5910,"items_purged":["Strike_R","Anger"],"score":2965,"play_id":"00945f55-a264-41ed-a04a-d959635b1229","local_time":"20221201222929","score_breakdown":["Floors Climbed (57): 285","Enemies Slain (15): 30","Exordium Elites Killed (3): 30","City Elites Killed (3): 60","Beyond Elites Killed (3): 90","Bosses Slain (5): 750","Well Fed: 25","Champion (2): 50","Overkill: 25","C-c-c-combo: 25","Ascension (20): 1345","Heartbreaker: 250"],"is_ascension_mode":true,"potions_obtained_alchemize":[[],[],[],[],[],[],[],[],[],[],[],[],[],[],[],[],[],[],[],[],[],[],[],[],[],[],[],[],[],[],[],[],[],[],[],[],[],[],[],[],[],[],[],[],[],[],[],[],[],[],[],[],[],[],[],[],[]],"campfire_choices":[{"data":"Immolate","floor":7,"key":"SMITH"},{"data":"Armaments","floor":15,"key":"SMITH"},{"data":"Fiend Fire","floor":23,"key":"SMITH"},{"data":"Burning Pact","floor":25,"key":"SMITH"},{"data":"Dual Wield","floor":30,"key":"SMITH"},{"data":"Impervious","floor":32,"key":"SMITH"},{"floor":49,"key":"RECALL"},{"floor":53,"key":"REST"}],"lesson_learned_per_floor":[[],[],[],[],[],[],[],[],[],[],[],[],[],[],[],[],[],[],[],[],[],[],[],[],[],[],[],[],[],[],[],[],[],[],[],[],[],[],[],[],[],[],[],[],[],[],[],[],[],[],[],[],[],[],[],[],[]],"neow_cost":"NONE","improvable_cards":{},"seed_source_timestamp":24434859198816,"shop_contents":[{"floor":5,"relics":["Meat on the Bone","Regal Pillow","Medical Kit"],"cards":["Cleave","Perfected Strike","Shrug It Off","Ghostly Armor","Fire Breathing","Panacea","Panache"],"potions":["DistilledChaos","BloodPotion","SteroidPotion"]},{"floor":11,"relics":["FossilizedHelix","Blue Candle","Brimstone"],"cards":["Fiend Fire","Headbutt","Warcry","Dark Embrace+1","Trip","Sadistic Nature+1"],"potions":["SkillPotion","Dexterity Potion","SkillPotion"]},{"floor":19,"relics":["Boot","StrikeDummy","Orrery"],"cards":["Perfected Strike","Searing Blow","True Grit","Shrug It Off","Trip","Apotheosis"],"potions":["ElixirPotion","DistilledChaos"]},{"floor":31,"relics":["Magic Flower","CeramicFish","Frozen Eye"],"cards":["Pummel","Dropkick","Warcry","Rage","Berserk+1","Swift Strike","Metamorphosis"],"potions":["Weak Potion","PowerPotion","SneckoOil"]},{"floor":41,"relics":["Ice Cream","Bottled Lightning","PrismaticShard"],"cards":["Searing Blow","Reckless Charge","Spot Weakness","True Grit","Purity","Master of Strategy"],"potions":["Block Potion","GamblersBrew","ElixirPotion"]},{"floor":54,"relics":["Ginger","Shuriken"],"cards":["Sever Soul","Dropkick","Rage","Flex","Evolve+1","Forethought","Magnetism+1"],"potions":["Dexterity Potion","AttackPotion","EntropicBrew"]}],"circlet_count":0,"master_deck":["AscendersBane","Strike_R","Strike_R","Defend_R","Defend_R","Defend_R","Defend_R","Bash+1","Headbutt","Cleave","Armaments+1","Immolate+1","Impervious+1","Bloodletting","Burning Pact+1","Fiend Fire+1","Inflame+1","Dual Wield+1","Sentinel","Corruption+1","Metallicize+1","Battle Trance","Demon Form+1","Shrug It Off+1","Evolve+1","Sword Boomerang+1","Dark Embrace+1","Clothesline","Feed","Heavy Blade","Sentinel+1","Battle Trance+1"],"potion_use_per_floor":[[],[],[],[],[],["ColorlessPotion"],[],[],[],[],[],[],[],[],[],["FearPotion","Explosive Potion"],[],[],[],[],["DistilledChaos"],[],[],[],[],[],["SneckoOil","Fire Potion"],[],[],[],[],[],["HeartOfIron"],[],[],[],[],[],[],[],[],["Weak Potion"],[],[],[],[],[],["Swift Potion"],[],[],[],[],[],[],["BloodPotion"],["ElixirPotion","ElixirPotion"],[]],"relics":["Burning Blood","Frozen Egg 2","Sundial","Matryoshka","Blood Vial","Snecko Eye","White Beast Statue","Anchor","Lantern","Bag of Preparation","Self Forming Clay","Fusion Hammer","Red Skull","Gambling Chip","MealTicket","Orichalcum","Bottled Tornado","Toolbox","Pen Nib"],"potions_floor_usage":[6,16,16,21,27,27,33,42,48,55,56,56],"damage_taken":[{"damage":9,"enemies":"2 Louse","floor":1,"turns":3},{"damage":9,"enemies":"Jaw Worm","floor":2,"turns":3},{"damage":0,"enemies":"Cultist","floor":3,"turns":3},{"damage":1,"enemies":"2 Fungi Beasts","floor":4,"turns":3},{"damage":25,"enemies":"Lagavulin","floor":6,"turns":6},{"damage":6,"enemies":"Gremlin Nob","floor":10,"turns":3},{"damage":18,"enemies":"Lagavulin","floor":12,"turns":4},{"damage":6,"enemies":"Exordium Thugs","floor":14,"turns":3},{"damage":42,"enemies":"Hexaghost","floor":16,"turns":7},{"damage":23,"enemies":"Shell Parasite","floor":18,"turns":5},{"damage":5,"enemies":"3 Byrds","floor":21,"turns":6},{"damage":0,"enemies":"Centurion and Healer","floor":22,"turns":2},{"damage":8,"enemies":"Gremlin Leader","floor":24,"turns":5},{"damage":0,"enemies":"Book of Stabbing","floor":27,"turns":2},{"damage":3,"enemies":"Cultist and Chosen","floor":28,"turns":3},{"damage":0,"enemies":"Slavers","floor":29,"turns":2},{"damage":33,"enemies":"Collector","floor":33,"turns":8},{"damage":4,"enemies":"3 Darklings","floor":35,"turns":4},{"damage":0,"enemies":"Orb Walker","floor":37,"turns":2},{"damage":7,"enemies":"Reptomancer","floor":40,"turns":5},{"damage":13,"enemies":"Nemesis","floor":42,"turns":5},{"damage":2,"enemies":"Writhing Mass","floor":44,"turns":5},{"damage":3,"enemies":"4 Shapes","floor":45,"turns":2},{"damage":2,"enemies":"Transient","floor":46,"turns":6},{"damage":15,"enemies":"Spire Growth","floor":47,"turns":3},{"damage":30,"enemies":"Reptomancer","floor":48,"turns":5},{"damage":7,"enemies":"Awakened One","floor":50,"turns":4},{"damage":26,"enemies":"Donu and Deca","floor":51,"turns":5},{"damage":27,"enemies":"Shield and Spear","floor":55,"turns":5},{"damage":91,"enemies":"The Heart","floor":56,"turns":6}],"green_key_taken_log":48,"seed_played":"-6820920073791326394","neow_bonus_log":{"cardsObtained":[],"cardsUpgraded":["Bash"],"cardsRemoved":[],"cardsTransformed":[],"relicsObtained":[],"maxHpGained":0,"goldGained":0,"damageTaken":0,"goldLost":0,"maxHpLost":0},"potions_obtained":[{"floor":1,"key":"FearPotion"},{"floor":4,"key":"ColorlessPotion"},{"floor":6,"key":"Energy Potion"},{"floor":12,"key":"Explosive Potion"},{"floor":21,"key":"Fire Potion"},{"floor":27,"key":"Ancient Potion"},{"floor":28,"key":"Swift Potion"},{"floor":29,"key":"HeartOfIron"},{"floor":33,"key":"Weak Potion"},{"floor":37,"key":"BloodPotion"},{"floor":42,"key":"Dexterity Potion"},{"floor":44,"key":"Swift Potion"},{"floor":48,"key":"ElixirPotion"},{"floor":55,"key":"ElixirPotion"}],"is_trial":false,"path_per_floor":["M","M","M","M","$","E","R","?","T","E","$","E","?","M","R","B",null,"M","$","?","M","M","R","E","R","T","E","M","E","R","$","R","B",null,"M","?","M","?","T","E","$","E","T","M","M","M","M","E","R","B","B",null,"R","$","E","B",null],"character_chosen":"IRONCLAD","items_purchased":["Bloodletting","Inflame+1","DistilledChaos","Dark Embrace+1","Toolbox"],"campfire_rested":1,"item_purchase_floors":[11,19,19,41,54],"current_hp_per_floor":[65,62,68,73,73,54,54,54,54,54,54,42,42,44,44,10,59,44,44,32,35,43,43,43,43,43,51,56,64,64,64,64,39,66,70,70,75,75,75,74,75,68,68,74,75,75,69,50,50,51,41,77,89,89,93,10],"gold":98,"neow_bonus":"UPGRADE_CARD","is_prod":false,"is_daily":false,"rewards_skipped":[{"floor":22,"relics":[],"potions":["ElixirPotion"]},{"floor":35,"relics":[],"potions":["SpeedPotion"]},{"floor":40,"relics":[],"potions":["Dexterity Potion"]},{"floor":45,"relics":[],"potions":["EssenceOfSteel"]},{"floor":46,"relics":[],"potions":["Ancient Potion"]},{"floor":47,"relics":[],"potions":["LiquidBronze"]}],"chose_seed":false,"campfire_upgraded":6,"win_rate":0,"floor_exit_playtime":[145,184,244,357,436,574,581,662,665,705,767,883,895,982,1005,1417,1527,1702,1759,1786,2023,2113,2124,2376,2384,2391,2795,2881,3030,3045,3087,3096,3330,3381,3514,3517,3594,3600,3622,3784,3811,3961,3974,4094,4165,4319,4419,4620,4624,4857,5068,5079,5083,5123,5364,5910],"timestamp":1669951769,"blue_key_relic_skipped_log":{"floor":43,"relicID":"Whetstone"},"path_taken":["M","M","M","M","$","E","R","?","T","E","$","E","?","M","R","BOSS","M","?","?","M","?","R","E","R","T","E","M","E","R","?","R","BOSS","M","?","?","?","?","E","$","E","T","M","?","M","M","E","R","BOSS","BOSS","R","$","E","BOSS"],"build_version":"2022-12-01","purchased_purges":2,"victory":true,"max_hp_per_floor":[75,75,75,75,75,75,75,75,75,75,75,75,75,75,75,75,75,75,75,75,75,75,75,75,75,75,75,75,75,75,75,75,75,75,75,75,75,75,75,75,75,75,75,75,75,75,78,81,81,81,89,89,89,89,95,95],"relic_stats":{"counters":[30,125],"Self Forming Clay":[177],"Pen Nib":[1],"Bag of Preparation":[32],"Orichalcum":[24],"Bottled Tornado":"Dark Embrace","Burning Blood":170,"White Beast Statue":[0.0,0.0,0.0,0.4,0.0,0.6000000000000001,0.0,0.0,0.0,0.0,0.0,6.171908864000002],"Blood Vial":35,"Matryoshka":2,"Sundial":[32],"Gambling Chip":[68],"Snecko Eye":[198,173,186,182,-136],"MealTicket":1,"obtain_stats":[{"Lantern":26,"Self Forming Clay":29,"Pen Nib":55,"Bag of Preparation":27,"Frozen Egg 2":6,"Orichalcum":42,"Bottled Tornado":48,"Burning Blood":0,"White Beast Statue":24,"Blood Vial":12,"Anchor":26,"Matryoshka":10,"Sundial":9,"Gambling Chip":39,"Snecko Eye":17,"Toolbox":54,"MealTicket":40,"Fusion Hammer":34,"Red Skull":39},{"Lantern":13,"Self Forming Clay":16,"Pen Nib":29,"Bag of Preparation":14,"Frozen Egg 2":5,"Orichalcum":21,"Bottled Tornado":26,"Burning Blood":0,"White Beast Statue":13,"Blood Vial":7,"Anchor":13,"Matryoshka":6,"Sundial":5,"Gambling Chip":19,"Snecko Eye":9,"Toolbox":28,"MealTicket":20,"Fusion Hammer":17,"Red Skull":19},{"Lantern":53,"Self Forming Clay":60,"Pen Nib":119,"Bag of Preparation":55,"Frozen Egg 2":18,"Orichalcum":84,"Bottled Tornado":105,"Burning Blood":0,"White Beast Statue":53,"Blood Vial":25,"Anchor":53,"Matryoshka":21,"Sundial":18,"Gambling Chip":74,"Snecko Eye":35,"Toolbox":114,"MealTicket":79,"Fusion Hammer":68,"Red Skull":74}]},"card_choices":[{"not_picked":["Burning Pact","Wild Strike"],"picked":"Headbutt","floor":1},{"not_picked":["Havoc","Body Slam"],"picked":"Cleave","floor":2},{"not_picked":["Warcry","Flex"],"picked":"Armaments","floor":3},{"not_picked":["Clash","Body Slam"],"picked":"Immolate","floor":4},{"not_picked":["Armaments","Heavy Blade"],"picked":"Anger","floor":6},{"not_picked":["Havoc","Perfected Strike"],"picked":"Impervious","floor":10},{"not_picked":["Twin Strike","Pommel Strike"],"picked":"Burning Pact","floor":12},{"not_picked":["Perfected Strike","Armaments","Anger"],"picked":"SKIP","floor":14},{"not_picked":["Reaper","Exhume"],"picked":"Fiend Fire","floor":16},{"not_picked":["Infernal Blade","Seeing Red+1","Iron Wave"],"picked":"SKIP","floor":18},{"not_picked":["Heavy Blade","Body Slam"],"picked":"Dual Wield","floor":21},{"not_picked":["Hemokinesis","Anger","Pommel Strike"],"picked":"SKIP","floor":22},{"not_picked":["Pommel Strike","Rupture+1"],"picked":"Sentinel","floor":24},{"not_picked":["Hemokinesis+1","Seeing Red"],"picked":"Corruption+1","floor":27},{"not_picked":["Metallicize+1","Heavy Blade","Warcry"],"picked":"SKIP","floor":28},{"not_picked":["Heavy Blade","Warcry"],"picked":"Metallicize+1","floor":28},{"not_picked":["Flex","Perfected Strike"],"picked":"Battle Trance","floor":29},{"not_picked":["Impervious","Offering"],"picked":"Demon Form+1","floor":33},{"not_picked":["Sword Boomerang","Ghostly Armor"],"picked":"Shrug It Off+1","floor":35},{"not_picked":["Heavy Blade","True Grit"],"picked":"Evolve+1","floor":37},{"not_picked":["Cleave","Inflame+1"],"picked":"Sword Boomerang+1","floor":40},{"not_picked":["Fire Breathing+1","Clash"],"picked":"Clothesline","floor":42},{"not_picked":["Thunderclap","Sword Boomerang","Headbutt"],"picked":"SKIP","floor":44},{"not_picked":["Iron Wave+1","Clash","Flex"],"picked":"SKIP","floor":45},{"not_picked":["Dropkick","Pommel Strike"],"picked":"Feed","floor":46},{"not_picked":["Thunderclap","Iron Wave+1"],"picked":"Heavy Blade","floor":47},{"not_picked":["Inflame+1","Warcry"],"picked":"Sentinel+1","floor":48},{"not_picked":["Havoc","Rampage"],"picked":"Battle Trance+1","floor":55}],"player_experience":4597696,"relics_obtained":[{"floor":6,"key":"Frozen Egg 2"},{"floor":9,"key":"Sundial"},{"floor":10,"key":"Matryoshka"},{"floor":12,"key":"Blood Vial"},{"floor":24,"key":"White Beast Statue"},{"floor":26,"key":"Anchor"},{"floor":26,"key":"Lantern"},{"floor":27,"key":"Bag of Preparation"},{"floor":29,"key":"Self Forming Clay"},{"floor":39,"key":"Red Skull"},{"floor":39,"key":"Gambling Chip"},{"floor":40,"key":"MealTicket"},{"floor":42,"key":"Orichalcum"},{"floor":48,"key":"Bottled Tornado"},{"floor":55,"key":"Pen Nib"}],"event_choices":[{"cards_removed":["Strike_R"],"damage_healed":0,"gold_gain":0,"player_choice":"Card Removal","damage_taken":0,"max_hp_gain":0,"max_hp_loss":0,"event_name":"The Cleric","floor":8,"gold_loss":75},{"cards_removed":["Strike_R"],"damage_healed":0,"gold_gain":0,"player_choice":"Purged","damage_taken":0,"max_hp_gain":0,"max_hp_loss":0,"event_name":"Purifier","floor":13,"gold_loss":0},{"damage_healed":0,"gold_gain":0,"player_choice":"POTION ","damage_taken":12,"max_hp_gain":0,"max_hp_loss":0,"event_name":"Knowing Skull","floor":20,"potions_obtained":["SneckoOil"],"gold_loss":0,"cards_obtained":[]},{"damage_healed":0,"gold_gain":0,"player_choice":"Ignored","damage_taken":0,"max_hp_gain":0,"max_hp_loss":0,"event_name":"SecretPortal","floor":36,"gold_loss":0},{"damage_healed":0,"gold_gain":0,"player_choice":"Ignored","damage_taken":0,"max_hp_gain":0,"max_hp_loss":0,"event_name":"Tomb of Lord Red Mask","floor":38,"gold_loss":0}],"is_beta":false,"boss_relics":[{"not_picked":["Tiny House","Astrolabe"],"picked":"Snecko Eye"},{"not_picked":["SacredBark","Black Star"],"picked":"Fusion Hammer"}],"items_purged_floors":[5,31],"is_endless":false,"potions_floor_spawned":[1,4,6,12,21,22,27,28,29,33,35,37,40,42,44,45,46,47,48,55],"ascension_level":20,"potion_discard_per_floor":[[],[],[],[],[],[],[],[],[],[],[],["Energy Potion"],[],[],[],[],[],[],[],[],[],[],[],[],[],[],[],[],["Swift Potion"],[],[],[],[],[],[],[],["Ancient Potion"],[],[],[],[],[],[],["Dexterity Potion"],[],[],[],[],[],[],[],[],[],[],[],[],[]]}