{"neow_bonuses_skipped_log":["ONE_RANDOM_RARE_CARD","THREE_RARE_CARDS","BOSS_RELIC"],"potions_obtained_entropic_brew":[[],[],[],[],[],[],[],[],[],[],[],[],[],[],[],[],[],[],[],[],[],[],[],[],[],[],[],[],[],[],[],[],[],[],[],[],[],[],[],[],[],[],[],[],[],[],[],[],[],[],[],[],[],[],[],[],[]],"neow_costs_skipped_log":["NONE","TEN_PERCENT_HP_LOSS","NONE"],"gold_per_floor":[217,231,231,246,11,44,44,69,92,92,150,50,50,50,50,121,121,133,313,326,44,55,82,82,116,141,169,2,2,16,27,27,100,100,116,116,133,152,2,31,44,44,44,72,91,123,133,152,152,152,152,152,152,13,46,46],"floor_reached":57,"playtime":8874,"items_purged":["Regret","Strike_R","Strike_R","Bash"],"score":2920,"play_id":"338f6b6d-95cb-4bfe-a49a-18b6e6ffd9c1","local_time":"20221123194830","score_breakdown":["Floors Climbed (57): 285","Enemies Slain (15): 30","Exordium Elites Killed (2): 20","City Elites Killed (3): 60","Beyond Elites Killed (3): 90","Bosses Slain (5): 750","Money Money (1060): 25","Librarian: 25","Stuffed: 50","Champion (1): 25","Overkill: 25","Ascension (20): 1285","Heartbreaker: 250"],"is_ascension_mode":true,"potions_obtained_alchemize":[[],[],[],[],[],[],[],[],[],[],[],[],[],[],[],[],[],[],[],[],[],[],[],[],[],[],[],[],[],[],[],[],[],[],[],[],[],[],[],[],[],[],[],[],[],[],[],[],[],[],[],[],[],[],[],[],[]],"campfire_choices":[{"data":"Fiend Fire","floor":7,"key":"SMITH"},{"data":"Whirlwind","floor":10,"key":"SMITH"},{"data":"Carnage","floor":13,"key":"SMITH"},{"floor":15,"key":"REST"},{"data":"Body Slam","floor":32,"key":"SMITH"},{"floor":42,"key":"REST"},{"floor":49,"key":"RECALL"},{"floor":53,"key":"REST"}],"lesson_learned_per_floor":[[],[],[],[],[],[],[],[],[],[],[],[],[],[],[],[],[],[],[],[],[],[],[],[],[],[],[],[],[],[],[],[],[],[],[],[],[],[],[],[],[],[],[],[],[],[],[],[],[],[],[],[],[],[],[],[],[]],"neow_cost":"NONE","improvable_cards":{},"seed_source_timestamp":6872302205600,"shop_contents":[{"floor":5,"relics":["Incense Burner","Lantern","Lee\u0027s Waffle"],"cards":["Bludgeon","Shrug It Off","Exhume","Rupture","Impatience","Sadistic Nature"],"potions":["FearPotion","AttackPotion","Block Potion"]},{"floor":12,"relics":["Toxic Egg 2","Mummified Hand","Toolbox"],"cards":["Body Slam","Thunderclap","Flame Barrier","Armaments","Rupture","Mind Blast","Thinking Ahead"],"potions":["Ancient Potion","Ancient Potion","BloodPotion"]},{"floor":21,"relics":["Magic Flower","Sundial"],"cards":["Reaper","Searing Blow","Double Tap","Armaments","Combust","Forethought","Mayhem"],"potions":["BlessingOfTheForge","EssenceOfSteel","Ancient Potion"]},{"floor":28,"relics":["CaptainsWheel","Matryoshka","Cauldron"],"cards":["Clothesline","Sword Boomerang","True Grit","Mind Blast","Violence"],"potions":["LiquidBronze","Fruit Juice","Ancient Potion"]},{"floor":39,"relics":["Charon\u0027s Ashes","Letter Opener","HandDrill"],"cards":["Pummel","Pommel Strike","Dual Wield","Armaments","Fire Breathing","Discovery","Apotheosis"],"potions":["Explosive Potion","BlessingOfTheForge","Fire Potion"]},{"floor":54,"relics":["Turnip","Champion Belt","OrangePellets"],"cards":["Dropkick","Anger","Shrug It Off","Warcry","Combust","Purity","Mayhem"],"potions":["DuplicationPotion"]}],"circlet_count":0,"master_deck":["AscendersBane","Carnage+1","Shockwave+1","Fiend Fire+1","Whirlwind+1","Flame Barrier","Offering","Power Through","Evolve","Feed","Dropkick","Immolate","Feel No Pain","Battle Trance","Power Through","Seeing Red","Metallicize","Decay","Disarm","Body Slam+1","Exhume","Rupture","Intimidate","Anger","Iron Wave","Second Wind","Feed","Flex","Dropkick+1","Shockwave+1","Disarm+1","Second Wind","Armaments+1","Burning Pact","Barricade","Seeing Red+1","Shrug It Off"],"potion_use_per_floor":[[],[],[],[],[],[],[],[],[],[],["Swift Potion"],[],[],[],[],["ElixirPotion"],[],["EssenceOfSteel"],[],["SneckoOil"],[],[],["AttackPotion"],[],["Explosive Potion"],[],[],[],[],[],[],[],["Strength Potion","Strength Potion","Weak Potion"],[],[],[],[],["BloodPotion"],[],[],["Strength Potion"],[],[],[],["FairyPotion"],[],[],[],[],[],[],[],[],[],["LiquidMemories"],["Energy Potion","BlessingOfTheForge","Ancient Potion","BloodPotion"],[]],"relics":["Burning Blood","MealTicket","Pen Nib","Bag of Marbles","Art of War","Bird Faced Urn","Runic Cube","Orrery","Whetstone","MutagenicStrength","Nunchaku","Potion Belt","Ancient Tea Set","Pandora\u0027s Box","Prayer Wheel","Dream Catcher","Bag of Preparation","Gremlin Horn"],"potions_floor_usage":[11,16,18,20,23,25,33,33,33,38,41,55,56,56,56,56],"damage_taken":[{"damage":12,"enemies":"2 Louse","floor":1,"turns":3},{"damage":14,"enemies":"Jaw Worm","floor":2,"turns":4},{"damage":5,"enemies":"Small Slimes","floor":4,"turns":5},{"damage":37,"enemies":"Gremlin Nob","floor":6,"turns":4},{"damage":30,"enemies":"Lagavulin","floor":8,"turns":6},{"damage":6,"enemies":"Gremlin Nob","floor":11,"turns":3},{"damage":6,"enemies":"The Guardian","floor":16,"turns":7},{"damage":7,"enemies":"2 Thieves","floor":18,"turns":3},{"damage":0,"enemies":"3 Byrds","floor":20,"turns":3},{"damage":0,"enemies":"Cultist and Chosen","floor":22,"turns":4},{"damage":34,"enemies":"Book of Stabbing","floor":23,"turns":4},{"damage":6,"enemies":"Gremlin Leader","floor":25,"turns":3},{"damage":27,"enemies":"Book of Stabbing","floor":27,"turns":4},{"damage":0,"enemies":"Centurion and Healer","floor":30,"turns":3},{"damage":17,"enemies":"Chosen and Byrds","floor":31,"turns":6},{"damage":37,"enemies":"Automaton","floor":33,"turns":9},{"damage":18,"enemies":"Orb Walker","floor":35,"turns":3},{"damage":48,"enemies":"3 Darklings","floor":37,"turns":15},{"damage":42,"enemies":"Transient","floor":38,"turns":6},{"damage":36,"enemies":"Giant Head","floor":40,"turns":7},{"damage":19,"enemies":"Sphere and 2 Shapes","floor":41,"turns":5},{"damage":37,"enemies":"Reptomancer","floor":44,"turns":8},{"damage":47,"enemies":"Maw","floor":45,"turns":11},{"damage":15,"enemies":"Giant Head","floor":46,"turns":7},{"damage":14,"enemies":"4 Shapes","floor":47,"turns":27},{"damage":18,"enemies":"Sphere and 2 Shapes","floor":48,"turns":17},{"damage":61,"enemies":"Donu and Deca","floor":50,"turns":38},{"damage":9,"enemies":"Time Eater","floor":51,"turns":20},{"damage":71,"enemies":"Shield and Spear","floor":55,"turns":20},{"damage":53,"enemies":"The Heart","floor":56,"turns":13}],"green_key_taken_log":6,"seed_played":"1016225181501744420","neow_bonus_log":{"cardsObtained":[],"cardsUpgraded":[],"cardsRemoved":[],"cardsTransformed":[],"relicsObtained":[],"maxHpGained":0,"goldGained":100,"damageTaken":0,"goldLost":0,"maxHpLost":0},"potions_obtained":[{"floor":6,"key":"ElixirPotion"},{"floor":8,"key":"Swift Potion"},{"floor":16,"key":"EssenceOfSteel"},{"floor":22,"key":"AttackPotion"},{"floor":23,"key":"Weak Potion"},{"floor":27,"key":"Strength Potion"},{"floor":30,"key":"Strength Potion"},{"floor":35,"key":"FairyPotion"},{"floor":37,"key":"BloodPotion"},{"floor":40,"key":"Strength Potion"},{"floor":45,"key":"Ancient Potion"},{"floor":48,"key":"BlessingOfTheForge"},{"floor":55,"key":"BloodPotion"}],"is_trial":false,"path_per_floor":["M","M","?","M","$","E","R","E","T","R","?","$","R","?","R","B",null,"M","?","M","$","M","E","?","E","T","E","$","?","M","M","R","B",null,"M","?","M","M","$","E","M","R","T","E","M","E","M","M","R","B","B",null,"R","$","E","B",null],"character_chosen":"IRONCLAD","items_purchased":["Fiend Fire","Orrery","Seeing Red","Metallicize","LiquidMemories","Energy Potion"],"campfire_rested":3,"item_purchase_floors":[5,21,28,28,54,54],"current_hp_per_floor":[62,54,54,55,70,39,39,15,15,15,15,30,30,7,29,29,64,63,31,37,52,61,38,38,40,40,23,38,38,49,47,47,22,71,64,64,33,23,38,16,15,44,44,22,35,38,49,59,59,22,33,116,144,144,93,86],"gold":46,"neow_bonus":"HUNDRED_GOLD","is_prod":false,"is_daily":false,"rewards_skipped":[],"chose_seed":false,"campfire_upgraded":4,"win_rate":0,"floor_exit_playtime":[156,182,243,387,443,538,544,616,734,742,846,942,952,966,969,1115,1351,1430,1472,1564,1823,1903,2056,2090,2208,2241,2394,2438,2452,2488,2763,2768,2948,3101,3221,3282,3913,4160,4338,4604,4848,4855,4860,5172,5445,5676,6210,6701,6705,7444,7889,7901,7941,7980,8418,8874],"timestamp":1669250910,"blue_key_relic_skipped_log":{"floor":43,"relicID":"InkBottle"},"path_taken":["M","M","?","M","$","E","R","E","T","R","?","$","R","?","R","BOSS","M","?","?","$","M","E","?","E","T","E","$","?","M","?","R","BOSS","M","?","M","M","$","E","M","R","T","E","M","E","M","M","R","BOSS","BOSS","R","$","E","BOSS"],"build_version":"2022-10-04","purchased_purges":4,"victory":true,"max_hp_per_floor":[75,75,75,75,75,75,75,75,75,75,75,75,75,75,75,75,75,75,75,75,75,78,81,81,81,81,81,81,81,84,87,87,87,87,90,90,93,93,93,93,99,99,99,102,105,109,120,132,132,140,144,144,144,144,150,150],"relic_stats":{"Gremlin Horn":[0,0],"counters":[30,268],"Pen Nib":[33],"Bag of Preparation":[12],"Whetstone":["Strike_R","Strike_R"],"Ancient Tea Set":[8],"Burning Blood":180,"Nunchaku":[28],"Dream Catcher":1,"Bird Faced Urn":[132],"MealTicket":75,"Pandora\u0027s Box":["Rupture","Thunderclap","Intimidate","Anger","Iron Wave","Second Wind","Feed"],"Prayer Wheel":4,"Art of War":[77],"obtain_stats":[{"Potion Belt":26,"Gremlin Horn":55,"Pen Nib":6,"Bag of Preparation":46,"Whetstone":23,"Ancient Tea Set":27,"Burning Blood":0,"Nunchaku":25,"Dream Catcher":44,"Bird Faced Urn":11,"MutagenicStrength":24,"Orrery":21,"MealTicket":3,"Pandora\u0027s Box":34,"Prayer Wheel":40,"Bag of Marbles":8,"Art of War":9,"Runic Cube":17},{"Potion Belt":12,"Gremlin Horn":29,"Pen Nib":4,"Bag of Preparation":24,"Whetstone":11,"Ancient Tea Set":13,"Burning Blood":0,"Nunchaku":12,"Dream Catcher":22,"Bird Faced Urn":6,"MutagenicStrength":11,"Orrery":9,"MealTicket":2,"Pandora\u0027s Box":16,"Prayer Wheel":20,"Bag of Marbles":5,"Art of War":5,"Runic Cube":7},{"Potion Belt":49,"Gremlin Horn":255,"Pen Nib":16,"Bag of Preparation":133,"Whetstone":46,"Ancient Tea Set":53,"Burning Blood":0,"Nunchaku":49,"Dream Catcher":115,"Bird Faced Urn":25,"MutagenicStrength":46,"Orrery":38,"MealTicket":7,"Pandora\u0027s Box":71,"Prayer Wheel":102,"Bag of Marbles":22,"Art of War":22,"Runic Cube":32}],"Runic Cube":[81]},"card_choices":[{"not_picked":["Iron Wave","Twin Strike"],"picked":"Carnage","floor":1},{"not_picked":["Hemokinesis","Pommel Strike"],"picked":"Shockwave","floor":2},{"not_picked":["True Grit","Second Wind","Heavy Blade"],"picked":"SKIP","floor":4},{"not_picked":["Perfected Strike","Flex","Pummel"],"picked":"SKIP","floor":6},{"not_picked":["Pommel Strike","Reckless Charge"],"picked":"Whirlwind","floor":8},{"not_picked":["Warcry","Seeing Red"],"picked":"Flame Barrier","floor":11},{"not_picked":["Juggernaut","Brutality"],"picked":"Offering","floor":16},{"not_picked":["Armaments","Flex"],"picked":"Power Through","floor":18},{"not_picked":["Flex","Carnage","Twin Strike"],"picked":"SKIP","floor":20},{"not_picked":["Headbutt+1","Body Slam"],"picked":"Evolve","floor":21},{"not_picked":["Cleave","Dropkick"],"picked":"Feed","floor":21},{"not_picked":["Anger","Combust"],"picked":"Dropkick","floor":21},{"not_picked":["Flex","Body Slam"],"picked":"Immolate","floor":21},{"not_picked":["True Grit","Infernal Blade","Intimidate"],"picked":"SKIP","floor":21},{"not_picked":["True Grit","Anger","Havoc"],"picked":"SKIP","floor":22},{"not_picked":["Ghostly Armor","Uppercut"],"picked":"Feel No Pain","floor":23},{"not_picked":["Fiend Fire","Shrug It Off"],"picked":"Battle Trance","floor":25},{"not_picked":["Demon Form","Feel No Pain"],"picked":"Power Through","floor":27},{"not_picked":["Thunderclap","Iron Wave"],"picked":"Disarm","floor":30},{"not_picked":["Clash","Clothesline"],"picked":"Body Slam","floor":31},{"not_picked":["Juggernaut","Fiend Fire"],"picked":"Exhume","floor":33},{"not_picked":["Armaments","Evolve","Wild Strike+1"],"picked":"SKIP","floor":35},{"not_picked":["Flame Barrier","Cleave+1","Flex"],"picked":"SKIP","floor":37},{"not_picked":["Clash","Cleave+1","Flex"],"picked":"SKIP","floor":38},{"not_picked":["Clash","Cleave+1","Flex"],"picked":"SKIP","floor":38},{"not_picked":["Juggernaut","Twin Strike+1"],"picked":"Dropkick+1","floor":40},{"not_picked":["True Grit","Twin Strike+1"],"picked":"Shockwave+1","floor":41},{"not_picked":["Sword Boomerang","Clash"],"picked":"Disarm+1","floor":41},{"not_picked":["Feel No Pain","Bludgeon"],"picked":"Second Wind","floor":44},{"not_picked":["Headbutt+1","Twin Strike"],"picked":"Armaments+1","floor":45},{"not_picked":["Thunderclap","Body Slam","Warcry"],"picked":"SKIP","floor":45},{"not_picked":["Cleave","True Grit"],"picked":"Burning Pact","floor":46},{"not_picked":["Clash+1","Infernal Blade+1"],"picked":"Barricade","floor":47},{"not_picked":["Wild Strike","Cleave+1"],"picked":"Seeing Red+1","floor":47},{"not_picked":["Pommel Strike","Clothesline+1"],"picked":"Shrug It Off","floor":48},{"not_picked":["Dual Wield","Clash","Rupture"],"picked":"SKIP","floor":48},{"not_picked":["Havoc","True Grit","Dropkick"],"picked":"SKIP","floor":55}],"player_experience":4517379,"relics_obtained":[{"floor":6,"key":"Pen Nib"},{"floor":8,"key":"Bag of Marbles"},{"floor":9,"key":"Art of War"},{"floor":11,"key":"Bird Faced Urn"},{"floor":23,"key":"Whetstone"},{"floor":25,"key":"Nunchaku"},{"floor":26,"key":"Potion Belt"},{"floor":27,"key":"Ancient Tea Set"},{"floor":40,"key":"Prayer Wheel"},{"floor":44,"key":"Dream Catcher"},{"floor":46,"key":"Bag of Preparation"},{"floor":55,"key":"Gremlin Horn"}],"event_choices":[{"damage_healed":0,"gold_gain":0,"player_choice":"Box","damage_taken":0,"relics_obtained":["MealTicket"],"max_hp_gain":0,"max_hp_loss":0,"event_name":"Big Fish","floor":3,"gold_loss":0,"cards_obtained":["Regret"]},{"damage_healed":0,"gold_gain":0,"player_choice":"Searched \u00272\u0027 times","damage_taken":0,"max_hp_gain":0,"max_hp_loss":0,"event_name":"Dead Adventurer","floor":11,"gold_loss":0},{"damage_healed":0,"gold_gain":0,"player_choice":"Entered Light","damage_taken":23,"max_hp_gain":0,"max_hp_loss":0,"event_name":"Shining Light","floor":14,"gold_loss":0,"cards_upgraded":["Shockwave","Defend_R"]},{"damage_healed":0,"gold_gain":180,"player_choice":"POTION POTION GOLD GOLD ","damage_taken":32,"max_hp_gain":0,"max_hp_loss":0,"event_name":"Knowing Skull","floor":19,"potions_obtained":["SneckoOil","Explosive Potion"],"gold_loss":0,"cards_obtained":[]},{"damage_healed":0,"gold_gain":0,"player_choice":"Inject Mutagens","damage_taken":0,"relics_obtained":["MutagenicStrength"],"max_hp_gain":0,"max_hp_loss":0,"event_name":"Drug Dealer","floor":24,"gold_loss":0},{"damage_healed":0,"gold_gain":0,"player_choice":"Cursed","damage_taken":0,"max_hp_gain":0,"max_hp_loss":0,"event_name":"Wheel of Change","floor":29,"gold_loss":0,"cards_obtained":["Decay"]},{"damage_healed":0,"gold_gain":0,"cards_transformed":["Thunderclap"],"player_choice":"Transformed","damage_taken":0,"max_hp_gain":0,"max_hp_loss":0,"event_name":"Transmorgrifier","floor":36,"gold_loss":0,"cards_obtained":["Flex"]}],"is_beta":false,"boss_relics":[{"not_picked":["Mark of Pain","Ectoplasm"],"picked":"Runic Cube"},{"not_picked":["Snecko Eye","Black Blood"],"picked":"Pandora\u0027s Box"}],"items_purged_floors":[5,12,21,39],"is_endless":false,"potions_floor_spawned":[6,8,16,22,23,27,30,35,37,40,45,48,55],"ascension_level":20,"potion_discard_per_floor":[[],[],[],[],[],[],[],[],[],[],[],[],[],[],[],[],[],[],[],[],[],[],[],[],[],[],[],[],[],[],[],[],[],[],[],[],[],[],[],[],[],[],[],[],[],[],[],[],[],[],[],[],[],[],[],[],[]]}