{"neow_bonuses_skipped_log":["THREE_ENEMY_KILL","RANDOM_COLORLESS_2","BOSS_RELIC"],"neow_costs_skipped_log":["NONE","PERCENT_DAMAGE","NONE"],"potions_obtained_entropic_brew":[[],[],[],[],[],[],[],[],[],[],[],[],[],[],[],[],[],[],[],[],[],[],[],[]],"gold_per_floor":[113,128,128,128,145,145,161,196,221,221,249,262,262,292,292,364,364,380,390,239,24,24,24,24],"floor_reached":24,"playtime":1627,"items_purged":["Strike_R","Strike_R"],"score":428,"play_id":"7e2ac5eb-5030-4c9d-b896-7bba13930912","local_time":"20221204182607","score_breakdown":["Floors Climbed (24): 120","Enemies Slain (7): 14","Exordium Elites Killed (3): 30","City Elites Killed (0): 0","Bosses Slain (1): 50","Ascension (20): 214"],"is_ascension_mode":true,"potions_obtained_alchemize":[[],[],[],[],[],[],[],[],[],[],[],[],[],[],[],[],[],[],[],[],[],[],[],[]],"campfire_choices":[{"data":"Hemokinesis","floor":6,"key":"SMITH"},{"data":"Whirlwind","floor":10,"key":"SMITH"},{"data":"Blood for Blood","floor":13,"key":"SMITH"},{"floor":15,"key":"REST"},{"data":"Immolate","floor":23,"key":"SMITH"}],"lesson_learned_per_floor":[[],[],[],[],[],[],[],[],[],[],[],[],[],[],[],[],[],[],[],[],[],[],[],[]],"neow_cost":"NONE","improvable_cards":{},"seed_source_timestamp":591119537287,"shop_contents":[{"floor":20,"relics":["War Paint","Juzu Bracelet","Cauldron"],"cards":["Pommel Strike","Iron Wave","Bloodletting","Combust","Madness","Mayhem"],"potions":["SkillPotion","Block Potion","PowerPotion"]},{"floor":21,"relics":["Gambling Chip","Charon\u0027s Ashes"],"cards":["Clothesline","Heavy Blade","Shrug It Off","Intimidate","Brutality","Mind Blast","Mayhem"],"potions":["SkillPotion","Block Potion","LiquidBronze"]}],"circlet_count":0,"master_deck":["AscendersBane","Strike_R","Strike_R","Defend_R","Defend_R","Defend_R","Defend_R","Bash","Wild Strike","Anger","Shrug It Off","Hemokinesis+1","Blood for Blood+1","Whirlwind+1","Disarm","Exhume","Immolate+1","Dual Wield+1","Burning Pact"],"potion_use_per_floor":[[],[],[],[],[],[],[],["FearPotion"],[],[],[],[],[],["AttackPotion"],[],["Energy Potion"],[],[],[],[],[],[],[],[]],"relics":["Burning Blood","Tiny Chest","Oddly Smooth Stone","MealTicket","Anchor","Cursed Key","Membership Card"],"potions_floor_usage":[8,14,16],"damage_taken":[{"damage":6,"enemies":"Jaw Worm","floor":1,"turns":4},{"damage":1,"enemies":"2 Louse","floor":2,"turns":3},{"damage":0,"enemies":"Cultist","floor":5,"turns":2},{"damage":8,"enemies":"3 Louse","floor":7,"turns":5},{"damage":5,"enemies":"Gremlin Nob","floor":8,"turns":3},{"damage":35,"enemies":"3 Sentries","floor":11,"turns":8},{"damage":2,"enemies":"Exordium Wildlife","floor":12,"turns":2},{"damage":28,"enemies":"Lagavulin","floor":14,"turns":5},{"damage":48,"enemies":"Slime Boss","floor":16,"turns":8},{"damage":17,"enemies":"2 Thieves","floor":18,"turns":3},{"damage":21,"enemies":"Shell Parasite","floor":19,"turns":5},{"damage":46,"enemies":"Gremlin Leader","floor":24,"turns":4}],"green_key_taken_log":14,"seed_played":"7522689016754886404","neow_bonus_log":{"cardsObtained":["Wild Strike"],"cardsUpgraded":[],"cardsRemoved":[],"cardsTransformed":["Strike_R"],"relicsObtained":[],"maxHpGained":0,"goldGained":0,"damageTaken":0,"goldLost":0,"maxHpLost":0},"potions_obtained":[{"floor":2,"key":"SpeedPotion"},{"floor":7,"key":"FearPotion"},{"floor":8,"key":"Energy Potion"},{"floor":12,"key":"AttackPotion"},{"floor":14,"key":"ElixirPotion"}],"is_trial":false,"path_per_floor":["M","M","?","?","M","R","M","E","T","R","E","M","R","E","R","B",null,"M","M","$","$","?","R","E"],"character_chosen":"IRONCLAD","items_purchased":["Burning Pact","Membership Card"],"campfire_rested":1,"item_purchase_floors":[20,21],"current_hp_per_floor":[68,73,78,80,80,80,78,79,79,79,50,54,54,32,56,14,64,53,38,53,68,45,45,0],"gold":24,"neow_bonus":"TRANSFORM_CARD","is_prod":false,"is_daily":false,"rewards_skipped":[],"chose_seed":false,"campfire_upgraded":4,"win_rate":0,"floor_exit_playtime":[159,197,212,224,266,273,367,415,419,425,582,623,631,759,763,948,1052,1139,1222,1311,1330,1350,1356],"timestamp":1670196367,"path_taken":["M","M","?","?","M","R","M","E","T","R","E","M","R","E","R","BOSS","M","M","?","$","?","R","E"],"build_version":"2022-12-01","purchased_purges":2,"victory":false,"max_hp_per_floor":[75,75,80,80,80,80,80,80,80,80,80,80,80,80,80,80,80,80,80,80,80,85,85,85],"relic_stats":{"counters":[12,52],"Tiny Chest":0,"MealTicket":30,"Membership Card":50,"Cursed Key":0,"obtain_stats":[{"Anchor":14,"Oddly Smooth Stone":9,"Tiny Chest":8,"MealTicket":11,"Membership Card":21,"Cursed Key":17,"Burning Blood":0},{"Anchor":8,"Oddly Smooth Stone":5,"Tiny Chest":5,"MealTicket":6,"Membership Card":11,"Cursed Key":9,"Burning Blood":0},{"Anchor":32,"Oddly Smooth Stone":17,"Tiny Chest":17,"MealTicket":25,"Membership Card":48,"Cursed Key":40,"Burning Blood":0}],"Burning Blood":60},"card_choices":[{"not_picked":["Perfected Strike","Reckless Charge"],"picked":"Anger","floor":1},{"not_picked":["Warcry","Heavy Blade"],"picked":"Shrug It Off","floor":2},{"not_picked":["Body Slam","Clothesline"],"picked":"Hemokinesis","floor":5},{"not_picked":["Sever Soul","Reckless Charge"],"picked":"Blood for Blood","floor":7},{"not_picked":["Heavy Blade","Feel No Pain"],"picked":"Whirlwind","floor":8},{"not_picked":["Iron Wave","Carnage"],"picked":"Disarm","floor":11},{"not_picked":["Clash","Twin Strike"],"picked":"Exhume","floor":12},{"not_picked":["Seeing Red","Reckless Charge","Wild Strike"],"picked":"SKIP","floor":14},{"not_picked":["Exhume","Berserk"],"picked":"Immolate","floor":16},{"not_picked":["Twin Strike","Feel No Pain"],"picked":"Dual Wield+1","floor":18},{"not_picked":["Combust","Havoc","Body Slam"],"picked":"SKIP","floor":19}],"player_experience":4619990,"relics_obtained":[{"floor":8,"key":"Tiny Chest"},{"floor":9,"key":"Oddly Smooth Stone"},{"floor":11,"key":"MealTicket"},{"floor":14,"key":"Anchor"}],"event_choices":[{"damage_healed":0,"gold_gain":0,"player_choice":"Donut","damage_taken":0,"max_hp_gain":5,"max_hp_loss":0,"event_name":"Big Fish","floor":3,"gold_loss":0},{"damage_healed":2,"gold_gain":0,"player_choice":"Full Heal","damage_taken":0,"max_hp_gain":0,"max_hp_loss":0,"event_name":"Wheel of Change","floor":4,"gold_loss":0},{"damage_healed":0,"gold_gain":0,"player_choice":"Shed Blood","damage_taken":28,"max_hp_gain":5,"max_hp_loss":0,"event_name":"Forgotten Altar","floor":22,"gold_loss":0}],"is_beta":false,"boss_relics":[{"not_picked":["Empty Cage","Runic Cube"],"picked":"Cursed Key"}],"items_purged_floors":[20,21],"is_endless":false,"potions_floor_spawned":[2,7,8,12,14],"killed_by":"Gremlin Leader","ascension_level":20,"potion_discard_per_floor":[[],[],[],[],[],[],[],[],[],[],[],["SpeedPotion"],[],[],[],[],[],[],[],[],[],[],[],[]]}