{"neow_bonuses_skipped_log":["THREE_CARDS","TWO_FIFTY_GOLD","BOSS_RELIC"],"potions_obtained_entropic_brew":[[],[],[],[],[],["CultistPotion","FearPotion"],[],[],[],[],[],[],[],[],[],[],[],[],[],[],[],[],[],[],[],[],[],[],[],[],[],[],[],[],[],[],[],[],[],[],[],[],[],[],[],[],[],[],[],[],[],[],[],[],[],[],[]],"neow_costs_skipped_log":["NONE","CURSE","NONE"],"gold_per_floor":[115,190,200,216,216,248,268,268,291,12,22,22,22,35,35,108,108,124,138,150,150,166,166,176,204,278,311,311,311,326,337,337,408,408,418,418,442,206,224,255,255,269,269,294,294,294,306,306,306,306,306,306,306,41,72,72],"floor_reached":57,"playtime":3926,"items_purged":["Decay","Bash"],"score":2758,"play_id":"46ea20f3-1352-4810-a88e-5295accdf3fa","local_time":"20221209181118","falling_options_log":["Blood for Blood","Warcry+1"],"score_breakdown":["Floors Climbed (57): 285","Enemies Slain (17): 34","Exordium Elites Killed (1): 10","City Elites Killed (2): 40","Beyond Elites Killed (2): 60","Bosses Slain (5): 750","Champion (2): 50","Overkill: 25","Ascension (20): 1254","Heartbreaker: 250"],"is_ascension_mode":true,"potions_obtained_alchemize":[[],[],[],[],[],[],[],[],[],[],[],[],[],[],[],[],[],[],[],[],[],[],[],[],[],[],[],[],[],[],[],[],[],[],[],[],[],[],[],[],[],[],[],[],[],[],[],[],[],[],[],[],[],[],[],[],[]],"campfire_choices":[{"data":"Inflame","floor":12,"key":"SMITH"},{"data":"Pommel Strike","floor":15,"key":"SMITH"},{"data":"Fiend Fire","floor":23,"key":"SMITH"},{"data":"Pommel Strike","floor":29,"key":"SMITH"},{"data":"Whirlwind","floor":32,"key":"SMITH"},{"data":"Dark Embrace","floor":41,"key":"SMITH"},{"data":"Body Slam","floor":45,"key":"SMITH"},{"floor":49,"key":"RECALL"},{"data":"Feel No Pain","floor":53,"key":"SMITH"}],"lesson_learned_per_floor":[[],[],[],[],[],[],[],[],[],[],[],[],[],[],[],[],[],[],[],[],[],[],[],[],[],[],[],[],[],[],[],[],[],[],[],[],[],[],[],[],[],[],[],[],[],[],[],[],[],[],[],[],[],[],[],[],[]],"neow_cost":"NONE","improvable_cards":{},"seed_source_timestamp":21181771571752,"shop_contents":[{"floor":10,"relics":["Incense Burner","DollysMirror"],"cards":["Reaper","Heavy Blade","Armaments","Offering","Demon Form","Enlightenment","Transmutation"],"potions":["ColorlessPotion","DuplicationPotion","HeartOfIron"]},{"floor":38,"relics":["CeramicFish","Molten Egg 2","Sling"],"cards":["Carnage","Limit Break","Flex","Jack Of All Trades","The Bomb"],"potions":["SneckoOil","Regen Potion"]},{"floor":54,"relics":["Calipers","HandDrill"],"cards":["Feed","Sever Soul","Flame Barrier","Rage","Combust","Madness","Metamorphosis"],"potions":["Explosive Potion","BloodPotion","EssenceOfSteel"]}],"circlet_count":0,"master_deck":["AscendersBane","Defend_R","Defend_R","Defend_R","Defend_R","Pommel Strike+1","Second Wind","Headbutt","Pommel Strike+1","Flame Barrier","Inflame+1","Flex","Fiend Fire+1","Warcry+1","Offering+1","Power Through","Bloodletting","Shrug It Off","Dark Embrace+1","Blood for Blood","Whirlwind+1","Offering","Seeing Red","Feel No Pain","Body Slam+1","Feel No Pain+1","Disarm+1","Carnage"],"potion_use_per_floor":[[],[],[],[],[],["FearPotion","EntropicBrew"],[],[],[],[],["FearPotion"],[],[],[],[],["CultistPotion"],[],[],[],[],[],[],[],[],["Swift Potion"],[],[],[],[],[],[],[],[],[],[],[],[],[],[],[],[],["Fruit Juice"],[],[],[],[],[],[],[],[],[],[],[],[],[],["CultistPotion","PowerPotion"],[]],"relics":["Burning Blood","Dream Catcher","Lantern","Happy Flower","Meat on the Bone","Astrolabe","Toy Ornithopter","Mercury Hourglass","Potion Belt","Runic Pyramid","Red Skull","Ginger","Gambling Chip","Oddly Smooth Stone","Sundial"],"potions_floor_usage":[6,6,11,16,25,42,56,56],"damage_taken":[{"damage":7,"enemies":"Cultist","floor":1,"turns":4},{"damage":8,"enemies":"Jaw Worm","floor":3,"turns":7},{"damage":1,"enemies":"2 Louse","floor":4,"turns":3},{"damage":31,"enemies":"Gremlin Nob","floor":6,"turns":4},{"damage":1,"enemies":"2 Fungi Beasts","floor":7,"turns":3},{"damage":0,"enemies":"Gremlin Gang","floor":11,"turns":7},{"damage":3,"enemies":"Blue Slaver","floor":14,"turns":3},{"damage":2,"enemies":"Slime Boss","floor":16,"turns":6},{"damage":6,"enemies":"3 Byrds","floor":18,"turns":3},{"damage":20,"enemies":"Shell Parasite","floor":19,"turns":3},{"damage":0,"enemies":"Centurion and Healer","floor":20,"turns":6},{"damage":10,"enemies":"Snake Plant","floor":22,"turns":3},{"damage":19,"enemies":"Snecko","floor":24,"turns":5},{"damage":40,"enemies":"Gremlin Leader","floor":25,"turns":5},{"damage":12,"enemies":"Book of Stabbing","floor":27,"turns":2},{"damage":6,"enemies":"Centurion and Healer","floor":30,"turns":6},{"damage":6,"enemies":"Snake Plant","floor":31,"turns":2},{"damage":31,"enemies":"Champ","floor":33,"turns":9},{"damage":3,"enemies":"Orb Walker","floor":35,"turns":3},{"damage":9,"enemies":"3 Shapes","floor":39,"turns":7},{"damage":10,"enemies":"Nemesis","floor":40,"turns":3},{"damage":12,"enemies":"Spire Growth","floor":42,"turns":3},{"damage":6,"enemies":"Giant Head","floor":44,"turns":6},{"damage":16,"enemies":"3 Darklings","floor":47,"turns":6},{"damage":15,"enemies":"Awakened One","floor":50,"turns":12},{"damage":27,"enemies":"Time Eater","floor":51,"turns":9},{"damage":32,"enemies":"Shield and Spear","floor":55,"turns":3},{"damage":55,"enemies":"The Heart","floor":56,"turns":6}],"green_key_taken_log":25,"seed_played":"5122081530811094783","neow_bonus_log":{"cardsObtained":[],"cardsUpgraded":[],"cardsRemoved":[],"cardsTransformed":[],"relicsObtained":["Dream Catcher"],"maxHpGained":0,"goldGained":0,"damageTaken":0,"goldLost":0,"maxHpLost":0},"potions_obtained":[{"floor":3,"key":"EntropicBrew"},{"floor":4,"key":"FearPotion"},{"floor":18,"key":"Swift Potion"},{"floor":20,"key":"GamblersBrew"},{"floor":24,"key":"Fruit Juice"},{"floor":27,"key":"ElixirPotion"},{"floor":39,"key":"CultistPotion"},{"floor":42,"key":"CultistPotion"},{"floor":44,"key":"DistilledChaos"}],"is_trial":false,"path_per_floor":["M","?","M","M","?","E","M","?","T","$","M","R","?","M","R","B",null,"M","M","M","?","M","R","M","E","T","E","?","R","M","M","R","B",null,"M","?","T","$","M","E","R","M","T","E","R","?","M","?","R","B","B",null,"R","$","E","B",null],"character_chosen":"IRONCLAD","items_purchased":["Meat on the Bone","Feel No Pain","Body Slam","PowerPotion","Oddly Smooth Stone"],"campfire_rested":0,"item_purchase_floors":[10,38,38,38,54],"current_hp_per_floor":[67,56,54,59,36,11,16,11,11,11,29,29,29,44,44,48,68,68,54,60,60,56,56,55,33,33,39,39,39,51,51,51,38,66,69,69,69,69,66,62,62,66,66,66,66,66,56,56,56,47,38,67,67,67,53,26],"gold":72,"neow_bonus":"RANDOM_COMMON_RELIC","is_prod":false,"is_daily":false,"rewards_skipped":[{"floor":6,"relics":[],"potions":["Strength Potion"]},{"floor":22,"relics":[],"potions":["FearPotion"]}],"chose_seed":false,"campfire_upgraded":8,"win_rate":0,"floor_exit_playtime":[114,131,211,262,273,394,450,471,473,493,599,605,611,682,692,810,921,1028,1087,1188,1241,1324,1331,1462,1656,1660,1807,1821,1831,1933,1979,1985,2262,2299,2351,2365,2372,2426,2535,2639,2648,2743,2747,2906,2913,2920,3056,3081,3085,3326,3515,3529,3544,3585,3719,3926],"timestamp":1670627478,"blue_key_relic_skipped_log":{"floor":43,"relicID":"Bottled Lightning"},"path_taken":["M","?","M","M","?","E","M","?","T","$","M","R","?","M","R","BOSS","M","?","M","?","M","R","M","E","T","E","?","R","M","M","R","BOSS","M","?","?","$","?","E","R","M","T","E","R","?","M","?","R","BOSS","BOSS","R","$","E","BOSS"],"build_version":"2022-12-01","purchased_purges":2,"victory":true,"max_hp_per_floor":[75,75,75,75,75,75,75,75,75,75,75,75,75,75,75,75,75,75,75,75,75,75,75,75,75,75,75,75,75,75,75,75,75,75,75,75,75,75,75,75,75,80,80,80,80,76,76,76,76,76,76,76,76,76,76,76],"relic_stats":{"Dream Catcher":0,"Happy Flower":[39],"counters":[28,137],"Sundial":[8],"Astrolabe":["Reckless Charge","Warcry","Offering"],"Gambling Chip":[13],"Ginger":[4],"obtain_stats":[{"Potion Belt":27,"Lantern":6,"Happy Flower":9,"Astrolabe":17,"Oddly Smooth Stone":54,"Ginger":40,"Burning Blood":0,"Mercury Hourglass":26,"Dream Catcher":0,"Sundial":55,"Gambling Chip":44,"Toy Ornithopter":25,"Red Skull":37,"Meat on the Bone":10,"Runic Pyramid":34},{"Potion Belt":15,"Lantern":4,"Happy Flower":5,"Astrolabe":8,"Oddly Smooth Stone":26,"Ginger":21,"Burning Blood":0,"Mercury Hourglass":14,"Dream Catcher":0,"Sundial":27,"Gambling Chip":23,"Toy Ornithopter":14,"Red Skull":19,"Meat on the Bone":5,"Runic Pyramid":18},{"Potion Belt":64,"Lantern":18,"Happy Flower":21,"Astrolabe":37,"Oddly Smooth Stone":128,"Ginger":93,"Burning Blood":0,"Mercury Hourglass":62,"Dream Catcher":0,"Sundial":131,"Gambling Chip":102,"Toy Ornithopter":62,"Red Skull":84,"Meat on the Bone":21,"Runic Pyramid":81}],"Burning Blood":168,"Toy Ornithopter":15,"Meat on the Bone":120,"Mercury Hourglass":[254]},"card_choices":[{"not_picked":["True Grit","Sword Boomerang"],"picked":"Pommel Strike","floor":1},{"not_picked":["Wild Strike","Sword Boomerang"],"picked":"Second Wind","floor":3},{"not_picked":["Heavy Blade","Evolve"],"picked":"Headbutt","floor":4},{"not_picked":["Wild Strike","Armaments"],"picked":"Pommel Strike","floor":6},{"not_picked":["Searing Blow","Clothesline"],"picked":"Flame Barrier","floor":7},{"not_picked":["Thunderclap","Cleave"],"picked":"Inflame","floor":11},{"not_picked":["Inflame","Clothesline","Perfected Strike"],"picked":"SKIP","floor":14},{"not_picked":["Brutality","Berserk"],"picked":"Fiend Fire","floor":16},{"not_picked":["Flex","Twin Strike","Havoc"],"picked":"SKIP","floor":18},{"not_picked":["Reckless Charge","Pommel Strike"],"picked":"Power Through","floor":19},{"not_picked":["Sword Boomerang","Power Through"],"picked":"Bloodletting","floor":20},{"not_picked":["Perfected Strike","Whirlwind"],"picked":"Evolve+1","floor":22},{"not_picked":["Warcry+1","Perfected Strike"],"picked":"Shrug It Off","floor":24},{"not_picked":["Fiend Fire","Body Slam"],"picked":"Dark Embrace","floor":25},{"not_picked":["Sentinel","Shrug It Off+1"],"picked":"Blood for Blood","floor":27},{"not_picked":["Clothesline","Warcry"],"picked":"Whirlwind","floor":30},{"not_picked":["Body Slam","Anger","Sword Boomerang"],"picked":"SKIP","floor":31},{"not_picked":["Reaper","Double Tap"],"picked":"Offering","floor":33},{"not_picked":["Iron Wave","Twin Strike+1"],"picked":"Seeing Red","floor":35},{"not_picked":["Rupture+1","Body Slam","Pummel"],"picked":"SKIP","floor":39},{"not_picked":["Corruption","Shrug It Off"],"picked":"Feel No Pain","floor":40},{"not_picked":["Bloodletting+1","Flame Barrier"],"picked":"Disarm+1","floor":42},{"not_picked":["Shrug It Off","Rage","Carnage"],"picked":"SKIP","floor":44},{"not_picked":["Feel No Pain","Bloodletting","Headbutt"],"picked":"SKIP","floor":47},{"not_picked":["Flame Barrier+1","Warcry","Clash"],"picked":"SKIP","floor":55}],"player_experience":4671131,"relics_obtained":[{"floor":6,"key":"Lantern"},{"floor":9,"key":"Happy Flower"},{"floor":25,"key":"Toy Ornithopter"},{"floor":26,"key":"Mercury Hourglass"},{"floor":27,"key":"Potion Belt"},{"floor":37,"key":"Red Skull"},{"floor":40,"key":"Ginger"},{"floor":44,"key":"Gambling Chip"},{"floor":55,"key":"Sundial"}],"event_choices":[{"damage_healed":0,"gold_gain":75,"player_choice":"Gather Gold","damage_taken":11,"max_hp_gain":0,"max_hp_loss":0,"event_name":"World of Goop","floor":2,"gold_loss":0},{"damage_healed":0,"gold_gain":0,"player_choice":"Entered Light","damage_taken":23,"max_hp_gain":0,"max_hp_loss":0,"event_name":"Shining Light","floor":5,"gold_loss":0,"cards_upgraded":["Strike_R","Strike_R"]},{"damage_healed":0,"gold_gain":0,"player_choice":"Fled","damage_taken":5,"max_hp_gain":0,"max_hp_loss":0,"event_name":"Scrap Ooze","floor":8,"gold_loss":0},{"damage_healed":0,"gold_gain":0,"cards_transformed":["Strike_R"],"player_choice":"Transformed","damage_taken":0,"max_hp_gain":0,"max_hp_loss":0,"event_name":"Transmorgrifier","floor":13,"gold_loss":0,"cards_obtained":["Flex"]},{"cards_removed":["Strike_R"],"damage_healed":0,"gold_gain":0,"player_choice":"Elegance","damage_taken":0,"max_hp_gain":0,"max_hp_loss":0,"event_name":"Back to Basics","floor":21,"gold_loss":0},{"damage_healed":0,"gold_gain":0,"player_choice":"Cursed","damage_taken":0,"max_hp_gain":0,"max_hp_loss":0,"event_name":"Wheel of Change","floor":28,"gold_loss":0,"cards_obtained":["Decay"]},{"cards_removed":["Evolve"],"damage_healed":0,"gold_gain":0,"player_choice":"Removed Power","damage_taken":0,"max_hp_gain":0,"max_hp_loss":0,"event_name":"Falling","floor":36,"gold_loss":0},{"damage_healed":0,"gold_gain":0,"player_choice":"Max HP","damage_taken":0,"max_hp_gain":0,"max_hp_loss":4,"event_name":"Winding Halls","floor":46,"gold_loss":0},{"damage_healed":0,"gold_gain":0,"cards_transformed":["Reckless Charge"],"player_choice":"Transformed","damage_taken":0,"max_hp_gain":0,"max_hp_loss":0,"event_name":"Transmorgrifier","floor":48,"gold_loss":0,"cards_obtained":["Carnage"]}],"is_beta":false,"boss_relics":[{"not_picked":["Runic Dome","Ectoplasm"],"picked":"Astrolabe"},{"not_picked":["Empty Cage","Sozu"],"picked":"Runic Pyramid"}],"items_purged_floors":[38,54],"is_endless":false,"potions_floor_spawned":[3,4,6,18,20,22,24,27,39,42,44],"ascension_level":20,"potion_discard_per_floor":[[],[],[],[],[],[],[],[],[],[],[],[],[],[],[],[],[],[],[],[],[],[],[],["GamblersBrew"],[],[],[],[],[],[],[],[],[],[],[],[],[],[],[],[],[],[],[],["CultistPotion"],[],[],[],[],[],[],[],[],[],[],[],[],[]]}