{"neow_bonuses_skipped_log":["REMOVE_CARD","REMOVE_TWO","BOSS_RELIC"],"neow_costs_skipped_log":["NONE","PERCENT_DAMAGE","NONE"],"potions_obtained_entropic_brew":[[],[],[],[],[],[],[],[],[],[],[],[],[],[],[],[],[],[],[],[],[],[],[],[],[],[],[],[],[],[],[],[],["SpeedPotion","SteroidPotion","BloodPotion","Weak Potion"],[],[],[],[],[],[],[],[],[],[],[],[],[],[],[],[],[],[],[],[],[],[],[],[]],"gold_per_floor":[113,124,124,27,51,85,108,146,146,160,204,228,253,266,266,356,356,375,375,375,11,27,27,46,81,81,81,114,114,4,4,4,80,80,98,111,111,111,123,151,167,198,198,198,209,224,78,104,104,104,104,104,104,23,58,58],"floor_reached":57,"playtime":6085,"items_purged":["Strike_R+1"],"score":2933,"play_id":"7e8a0091-91f4-4da5-84fe-c0ee5283e26b","local_time":"20221211172829","score_breakdown":["Floors Climbed (57): 285","Enemies Slain (17): 34","Exordium Elites Killed (3): 30","City Elites Killed (2): 40","Beyond Elites Killed (3): 90","Bosses Slain (5): 750","Librarian: 25","Champion (1): 25","Perfect (1): 50","Overkill: 25","Ascension (20): 1329","Heartbreaker: 250"],"is_ascension_mode":true,"potions_obtained_alchemize":[[],[],[],[],[],[],[],[],[],[],[],[],[],[],[],[],[],[],[],[],[],[],[],[],[],[],[],[],[],[],[],[],[],[],[],[],[],[],[],[],[],[],[],[],[],[],[],[],[],[],[],[],[],[],[],[],[]],"campfire_choices":[{"data":"Dark Embrace","floor":15,"key":"SMITH"},{"data":"Apotheosis","floor":23,"key":"SMITH"},{"floor":32,"key":"REST"},{"floor":44,"key":"RECALL"},{"data":"Pommel Strike","floor":49,"key":"SMITH"},{"data":"Pommel Strike","floor":53,"key":"SMITH"}],"lesson_learned_per_floor":[[],[],[],[],[],[],[],[],[],[],[],[],[],[],[],[],[],[],[],[],[],[],[],[],[],[],[],[],[],[],[],[],[],[],[],[],[],[],[],[],[],[],[],[],[],[],[],[],[],[],[],[],[],[],[],[],[]],"neow_cost":"NONE","improvable_cards":{"RitualDagger":[116]},"seed_source_timestamp":7524260801684,"shop_contents":[{"floor":4,"relics":["Boot","Vajra","DollysMirror"],"cards":["Carnage","Dual Wield","Fire Breathing","Trip","Chrysalis"],"potions":["PowerPotion","Ancient Potion","GamblersBrew"]},{"floor":21,"relics":["Letter Opener","Cauldron"],"cards":["Body Slam","Sever Soul","True Grit","Armaments","Feel No Pain","Finesse"],"potions":["Explosive Potion","FearPotion","LiquidBronze"]},{"floor":30,"relics":["Pen Nib","Darkstone Periapt","Membership Card"],"cards":["Dropkick","Pummel","Shrug It Off","Seeing Red","Evolve","Forethought","Violence"],"potions":["Block Potion","Explosive Potion"]},{"floor":47,"relics":["Bronze Scales","Whetstone","Lee\u0027s Waffle"],"cards":["Fiend Fire","Thunderclap","Armaments","Flex","Combust","Panache"],"potions":["DuplicationPotion","Regen Potion","Dexterity Potion"]},{"floor":54,"relics":["Pear","Toy Ornithopter","Medical Kit"],"cards":["Body Slam","Pummel","Warcry","Intimidate","Deep Breath","Mayhem"],"potions":["Weak Potion","Explosive Potion","SpeedPotion"]}],"circlet_count":0,"master_deck":["AscendersBane","Strike_R+1","Defend_R+1","Defend_R+1","Defend_R+1","Defend_R+1","Bash","Twin Strike","Headbutt","Flame Barrier","Anger","Pommel Strike+1","Combust","Rupture","Seeing Red","Twin Strike","Disarm","Dark Embrace+1","Corruption","Blood for Blood","RitualDagger","Apotheosis+1","Rage","Disarm","Double Tap","Offering","Exhume","Pommel Strike+1","Shrug It Off+1","Purity","Finesse","Pommel Strike+1","Shrug It Off","Sentinel+1","Exhume","Clothesline","Dark Shackles","True Grit+1","Feel No Pain"],"potion_use_per_floor":[[],[],[],[],[],[],["Regen Potion"],["Regen Potion","EssenceOfSteel"],[],[],[],[],[],[],[],[],[],[],[],[],[],[],[],[],["DuplicationPotion","SpeedPotion"],[],[],["BloodPotion"],[],[],[],[],["PowerPotion","EntropicBrew"],[],[],[],[],[],["Weak Potion"],[],[],[],[],[],[],[],[],[],[],[],[],[],[],[],[],["PowerPotion","Swift Potion","BloodPotion","FearPotion"],[]],"relics":["Burning Blood","Art of War","Bloody Idol","Potion Belt","StrikeDummy","Question Card","Runic Pyramid","Red Skull","Bag of Marbles","Meat on the Bone","Cursed Key","Smiling Mask","Gremlin Horn","Shuriken","Charon\u0027s Ashes"],"potions_floor_usage":[7,8,8,25,25,28,33,33,39,56,56,56,56],"damage_taken":[{"damage":13,"enemies":"Small Slimes","floor":1,"turns":6},{"damage":0,"enemies":"2 Louse","floor":2,"turns":3},{"damage":1,"enemies":"Cultist","floor":5,"turns":3},{"damage":47,"enemies":"Lagavulin","floor":6,"turns":8},{"damage":4,"enemies":"Red Slaver","floor":7,"turns":4},{"damage":17,"enemies":"3 Sentries","floor":8,"turns":6},{"damage":8,"enemies":"Blue Slaver","floor":10,"turns":2},{"damage":23,"enemies":"Lagavulin","floor":11,"turns":6},{"damage":1,"enemies":"Large Slime","floor":12,"turns":3},{"damage":0,"enemies":"2 Fungi Beasts","floor":13,"turns":2},{"damage":9,"enemies":"Exordium Thugs","floor":14,"turns":4},{"damage":14,"enemies":"The Guardian","floor":16,"turns":12},{"damage":1,"enemies":"Spheric Guardian","floor":18,"turns":3},{"damage":21,"enemies":"Shell Parasite","floor":22,"turns":4},{"damage":16,"enemies":"Centurion and Healer","floor":24,"turns":6},{"damage":20,"enemies":"Slavers","floor":25,"turns":5},{"damage":25,"enemies":"Book of Stabbing","floor":28,"turns":5},{"damage":13,"enemies":"Champ","floor":33,"turns":8},{"damage":0,"enemies":"Orb Walker","floor":35,"turns":1},{"damage":6,"enemies":"3 Shapes","floor":36,"turns":4},{"damage":42,"enemies":"Writhing Mass","floor":39,"turns":4},{"damage":7,"enemies":"Nemesis","floor":40,"turns":3},{"damage":10,"enemies":"Maw","floor":41,"turns":7},{"damage":9,"enemies":"Reptomancer","floor":42,"turns":3},{"damage":32,"enemies":"3 Darklings","floor":45,"turns":3},{"damage":17,"enemies":"Writhing Mass","floor":46,"turns":5},{"damage":0,"enemies":"Nemesis","floor":48,"turns":3},{"damage":21,"enemies":"Awakened One","floor":50,"turns":7},{"damage":8,"enemies":"Time Eater","floor":51,"turns":4},{"damage":4,"enemies":"Shield and Spear","floor":55,"turns":5},{"damage":66,"enemies":"The Heart","floor":56,"turns":6}],"green_key_taken_log":48,"seed_played":"-8092171499642641875","neow_bonus_log":{"cardsObtained":[],"cardsUpgraded":[],"cardsRemoved":[],"cardsTransformed":[],"relicsObtained":["Art of War"],"maxHpGained":0,"goldGained":0,"damageTaken":0,"goldLost":0,"maxHpLost":0},"potions_obtained":[{"floor":2,"key":"Regen Potion"},{"floor":6,"key":"EssenceOfSteel"},{"floor":7,"key":"Regen Potion"},{"floor":8,"key":"PowerPotion"},{"floor":10,"key":"BloodPotion"},{"floor":18,"key":"SpeedPotion"},{"floor":22,"key":"DuplicationPotion"},{"floor":36,"key":"PowerPotion"},{"floor":40,"key":"FearPotion"},{"floor":48,"key":"Swift Potion"}],"is_trial":false,"path_per_floor":["M","M","?","$","M","E","M","E","T","M","E","M","M","M","R","B",null,"M","?","?","$","M","R","M","E","T","?","E","?","$","?","R","B",null,"M","M","?","?","M","E","M","E","T","R","M","M","$","E","R","B","B",null,"R","$","E","B",null],"character_chosen":"IRONCLAD","items_purchased":["Flame Barrier","Anger","Apotheosis","Red Skull","EntropicBrew","Dark Shackles","Feel No Pain"],"campfire_rested":1,"item_purchase_floors":[4,4,21,21,30,47,54],"current_hp_per_floor":[61,67,67,67,68,27,41,45,45,43,26,31,37,34,34,26,58,63,63,57,57,42,42,32,18,18,18,12,12,12,12,32,42,62,68,68,58,58,39,55,56,58,58,58,49,55,55,66,66,51,49,63,63,63,68,33],"gold":58,"neow_bonus":"RANDOM_COMMON_RELIC","is_prod":false,"is_daily":false,"rewards_skipped":[{"floor":8,"relics":["Bottled Lightning"],"potions":[]},{"floor":33,"relics":[],"potions":["EssenceOfSteel"]}],"chose_seed":false,"campfire_upgraded":4,"win_rate":0,"floor_exit_playtime":[328,439,487,552,610,1070,1161,1508,1520,1597,1693,1726,1809,2003,2026,2236,2278,2396,2530,2553,2592,2735,2742,2866,3123,3133,3153,3332,3370,3399,3406,3425,3693,3732,3784,3898,3984,3995,4183,4247,4412,4503,4510,4518,4650,4794,4849,4955,4994,5205,5343,5354,5371,5387,5519,6085],"timestamp":1670797709,"blue_key_relic_skipped_log":{"floor":26,"relicID":"Matryoshka"},"path_taken":["M","M","?","$","M","E","M","E","T","M","E","M","M","M","R","BOSS","M","?","?","$","M","R","M","E","T","?","E","?","$","?","R","BOSS","M","M","?","?","M","E","M","E","T","R","?","M","?","E","R","BOSS","BOSS","R","$","E","BOSS"],"build_version":"2022-12-01","purchased_purges":1,"victory":true,"max_hp_per_floor":[75,75,68,68,68,68,68,68,68,68,68,68,68,68,68,68,68,68,68,68,68,68,68,68,68,68,68,68,68,68,68,68,68,68,68,68,68,68,68,68,68,68,68,68,68,68,68,68,68,68,68,68,68,68,68,68],"relic_stats":{"Gremlin Horn":[5,6],"counters":[31,145],"Shuriken":[14],"Bloody Idol":43,"Charon\u0027s Ashes":[72],"Art of War":[31],"Question Card":23,"Cursed Key":0,"Smiling Mask":25,"obtain_stats":[{"Potion Belt":6,"Gremlin Horn":42,"Golden Idol":3,"Charon\u0027s Ashes":55,"Question Card":11,"Cursed Key":34,"Smiling Mask":40,"Burning Blood":0,"Shuriken":48,"Bloody Idol":29,"Art of War":0,"Bag of Marbles":25,"StrikeDummy":9,"Red Skull":21,"Runic Pyramid":17,"Meat on the Bone":28},{"Potion Belt":4,"Gremlin Horn":24,"Golden Idol":2,"Charon\u0027s Ashes":30,"Question Card":8,"Cursed Key":18,"Smiling Mask":22,"Burning Blood":0,"Shuriken":27,"Bloody Idol":17,"Art of War":0,"Bag of Marbles":16,"StrikeDummy":6,"Red Skull":13,"Runic Pyramid":12,"Meat on the Bone":17},{"Potion Belt":20,"Gremlin Horn":112,"Golden Idol":9,"Charon\u0027s Ashes":139,"Question Card":38,"Cursed Key":90,"Smiling Mask":102,"Burning Blood":0,"Shuriken":123,"Bloody Idol":82,"Art of War":0,"Bag of Marbles":77,"StrikeDummy":30,"Red Skull":62,"Runic Pyramid":59,"Meat on the Bone":82}],"Burning Blood":182,"Meat on the Bone":72},"card_choices":[{"not_picked":["True Grit","Headbutt"],"picked":"Twin Strike","floor":1},{"not_picked":["Havoc","Thunderclap"],"picked":"Headbutt","floor":2},{"not_picked":["Body Slam","Cleave"],"picked":"Pommel Strike","floor":5},{"not_picked":["Corruption","Anger","Heavy Blade"],"picked":"SKIP","floor":6},{"not_picked":["Twin Strike","Heavy Blade"],"picked":"Combust","floor":7},{"not_picked":["Flame Barrier","Berserk"],"picked":"Rupture","floor":8},{"not_picked":["Clash","Heavy Blade"],"picked":"Seeing Red","floor":10},{"not_picked":["Flex","Barricade"],"picked":"Twin Strike","floor":11},{"not_picked":["Reckless Charge","Body Slam","Sword Boomerang"],"picked":"Disarm","floor":12},{"not_picked":["Body Slam","Perfected Strike","Dual Wield","Twin Strike"],"picked":"SKIP","floor":13},{"not_picked":["Flex","Armaments","Thunderclap"],"picked":"Dark Embrace","floor":14},{"not_picked":["Brutality","Immolate","Reaper"],"picked":"Corruption","floor":16},{"not_picked":["Headbutt","Warcry","Dropkick"],"picked":"Blood for Blood","floor":18},{"not_picked":["Clash","Dropkick","Headbutt"],"picked":"Rage","floor":22},{"not_picked":["Spot Weakness+1","Warcry+1","Thunderclap"],"picked":"Disarm","floor":24},{"not_picked":["Cleave","Infernal Blade","Clothesline","Sword Boomerang+1"],"picked":"SKIP","floor":25},{"not_picked":["Cleave","Infernal Blade","Clothesline","Sword Boomerang+1"],"picked":"SKIP","floor":25},{"not_picked":["Infernal Blade","Havoc+1","Sword Boomerang","Headbutt"],"picked":"SKIP","floor":28},{"not_picked":["Limit Break","Brutality","Immolate"],"picked":"Exhume","floor":33},{"not_picked":["Sever Soul","Clash","Armaments+1"],"picked":"Pommel Strike","floor":35},{"not_picked":["Rage","Spot Weakness","Cleave"],"picked":"Shrug It Off+1","floor":36},{"not_picked":["Bandage Up","Enlightenment","Madness"],"picked":"Purity","floor":37},{"not_picked":["Purity","Madness","Jack Of All Trades"],"picked":"Finesse","floor":37},{"not_picked":["Apotheosis","The Bomb","Swift Strike","Sadistic Nature"],"picked":"SKIP","floor":37},{"not_picked":["Rampage","Clash+1","Flex"],"picked":"Pommel Strike+1","floor":39},{"not_picked":["Body Slam","Pommel Strike","Clothesline"],"picked":"Shrug It Off","floor":40},{"not_picked":["Cleave","Spot Weakness+1","Bloodletting"],"picked":"Sentinel+1","floor":41},{"not_picked":["Intimidate","Limit Break","Ghostly Armor"],"picked":"Exhume","floor":42},{"not_picked":["Body Slam","Clash","Blood for Blood+1","Sever Soul"],"picked":"SKIP","floor":45},{"not_picked":["Body Slam","Clash","Blood for Blood+1","Sever Soul"],"picked":"SKIP","floor":45},{"not_picked":["Reckless Charge+1","Clash+1","Seeing Red"],"picked":"Clothesline","floor":46},{"not_picked":["Flex+1","Perfected Strike+1","Combust"],"picked":"True Grit+1","floor":48},{"not_picked":["Perfected Strike","Hemokinesis","Fire Breathing+1","Sword Boomerang+1"],"picked":"SKIP","floor":55}],"player_experience":4699748,"relics_obtained":[{"floor":6,"key":"Potion Belt"},{"floor":9,"key":"StrikeDummy"},{"floor":11,"key":"Question Card"},{"floor":25,"key":"Bag of Marbles"},{"floor":28,"key":"Meat on the Bone"},{"floor":40,"key":"Smiling Mask"},{"floor":42,"key":"Gremlin Horn"},{"floor":48,"key":"Shuriken"},{"floor":55,"key":"Charon\u0027s Ashes"}],"event_choices":[{"damage_healed":0,"gold_gain":0,"player_choice":"Lose Max HP","damage_taken":0,"relics_obtained":["Golden Idol"],"max_hp_gain":0,"max_hp_loss":7,"event_name":"Golden Idol","floor":3,"gold_loss":0},{"damage_healed":0,"gold_gain":0,"player_choice":"Ignored","damage_taken":0,"max_hp_gain":0,"max_hp_loss":0,"event_name":"Vampires","floor":19,"gold_loss":0},{"damage_healed":0,"gold_gain":0,"player_choice":"Joined the Cult","damage_taken":6,"max_hp_gain":0,"max_hp_loss":0,"event_name":"Nest","floor":20,"gold_loss":0,"cards_obtained":["RitualDagger"]},{"damage_healed":0,"gold_gain":0,"cards_transformed":["Strike_R","Strike_R"],"player_choice":"Became Test Subject","damage_taken":0,"max_hp_gain":0,"max_hp_loss":0,"event_name":"Drug Dealer","floor":27,"gold_loss":0,"cards_obtained":["Double Tap","Offering"]},{"damage_healed":0,"gold_gain":0,"player_choice":"Gave Idol","damage_taken":0,"relics_obtained":["Bloody Idol"],"max_hp_gain":0,"max_hp_loss":0,"event_name":"Forgotten Altar","floor":29,"relics_lost":["Golden Idol"],"gold_loss":0},{"damage_healed":0,"gold_gain":0,"player_choice":"Simplicity","damage_taken":0,"max_hp_gain":0,"max_hp_loss":0,"event_name":"Back to Basics","floor":31,"gold_loss":0,"cards_upgraded":["Strike_R","Strike_R","Strike_R","Defend_R","Defend_R","Defend_R","Defend_R"]},{"damage_healed":0,"gold_gain":0,"player_choice":"Memory 3","damage_taken":10,"max_hp_gain":0,"max_hp_loss":0,"event_name":"SensoryStone","floor":37,"gold_loss":0},{"cards_removed":["Strike_R"],"damage_healed":0,"gold_gain":0,"player_choice":"Purged","damage_taken":0,"max_hp_gain":0,"max_hp_loss":0,"event_name":"Purifier","floor":38,"gold_loss":0}],"is_beta":false,"boss_relics":[{"not_picked":["Black Blood","Busted Crown"],"picked":"Runic Pyramid"},{"not_picked":["Snecko Eye","Sozu"],"picked":"Cursed Key"}],"items_purged_floors":[47],"is_endless":false,"potions_floor_spawned":[2,6,7,8,10,18,22,33,36,40,48],"ascension_level":20,"potion_discard_per_floor":[[],[],[],[],[],[],[],[],[],[],[],[],[],[],[],[],[],[],[],[],[],[],[],[],[],[],[],[],[],[],[],[],[],[],[],["SpeedPotion"],[],[],[],[],[],[],[],[],[],[],[],["SteroidPotion"],[],[],[],[],[],[],[],[],[]]}