{"neow_bonuses_skipped_log":["ONE_RANDOM_RARE_CARD","THREE_SMALL_POTIONS","BOSS_RELIC"],"potions_obtained_entropic_brew":[[],[],[],[],[],[],[],[],[],[],[],[],[],[],[],[],[],[],[],[],[],[],[],[],[],[],[],[],[],[],[],[],[],[],[],[],[],[],[],[],[],[],[],[],[],[],[],[],[],[],[],[],[],[],[],[],[]],"neow_costs_skipped_log":["NONE","NONE","NONE"],"gold_per_floor":[116,127,127,139,139,139,158,190,190,24,51,69,99,99,99,173,173,186,22,36,67,67,67,83,110,110,125,155,170,189,216,216,294,294,307,321,333,223,62,97,117,117,142,176,186,197,216,216,216,216,216,216,216,67,92,92],"floor_reached":57,"playtime":4082,"items_purged":["Bludgeon"],"score":2942,"play_id":"493b10b3-6ed8-4491-b224-8a8de73a0f91","local_time":"20221207164104","score_breakdown":["Floors Climbed (57): 285","Enemies Slain (18): 36","Exordium Elites Killed (3): 30","City Elites Killed (3): 60","Beyond Elites Killed (2): 60","Bosses Slain (5): 750","Librarian: 25","Well Fed: 25","Champion (3): 75","Overkill: 25","Ascension (20): 1321","Heartbreaker: 250"],"is_ascension_mode":true,"potions_obtained_alchemize":[[],[],[],[],[],[],[],[],[],[],[],[],[],[],[],[],[],[],[],[],[],[],[],[],[],[],[],[],[],[],[],[],[],[],[],[],[],[],[],[],[],[],[],[],[],[],[],[],[],[],[],[],[],[],[],[],[]],"campfire_choices":[{"data":"Infernal Blade","floor":6,"key":"SMITH"},{"data":"Inflame","floor":15,"key":"SMITH"},{"data":"Immolate","floor":23,"key":"SMITH"},{"data":"Corruption","floor":32,"key":"SMITH"},{"floor":49,"key":"RECALL"},{"data":"Uppercut","floor":53,"key":"SMITH"}],"lesson_learned_per_floor":[[],[],[],[],[],[],[],[],[],[],[],[],[],[],[],[],[],[],[],[],[],[],[],[],[],[],[],[],[],[],[],[],[],[],[],[],[],[],[],[],[],[],[],[],[],[],[],[],[],[],[],[],[],[],[],[],[]],"neow_cost":"PERCENT_DAMAGE","improvable_cards":{},"seed_source_timestamp":12918647244627,"shop_contents":[{"floor":10,"relics":["WingedGreaves","Bird Faced Urn"],"cards":["Sever Soul","Reckless Charge","Flex","Warcry","Fire Breathing","Madness","Master of Strategy"],"potions":["SteroidPotion","Ancient Potion","Block Potion"]},{"floor":19,"relics":["Omamori","Medical Kit"],"cards":["Clash","Whirlwind","Armaments","True Grit","Evolve","Good Instincts","Transmutation"],"potions":["Weak Potion","EntropicBrew","SteroidPotion"]},{"floor":39,"relics":["Frozen Egg 2","Eternal Feather","Frozen Eye"],"cards":["Twin Strike","Body Slam","True Grit","Impervious","Dramatic Entrance","Master of Strategy"],"potions":["ElixirPotion","ElixirPotion","BloodPotion"]},{"floor":54,"relics":["Torii","Oddly Smooth Stone","Membership Card"],"cards":["Searing Blow","Bludgeon","Limit Break","Corruption","Blind","Master of Strategy"],"potions":["SkillPotion","GamblersBrew","Explosive Potion"]}],"circlet_count":0,"master_deck":["AscendersBane","Bash","Limit Break","Anger","Armaments+1","Infernal Blade+1","Evolve","Cleave","Power Through","Inflame+1","Corruption+1","Immolate+1","Pommel Strike","Flame Barrier","Offering","Wild Strike","Cleave","Bloodletting+1","Burning Pact","Battle Trance","Disarm","Feel No Pain","Barricade","Dropkick+1","Pommel Strike+1","Reaper","Uppercut+1","Flame Barrier","Dark Embrace","Battle Trance","Finesse","Secret Technique","Blind","Impervious","Warcry+1","Blood for Blood+1","Shrug It Off+1","Madness","Madness","Impervious"],"potion_use_per_floor":[[],[],[],[],[],[],[],[],[],[],["Swift Potion"],[],[],[],[],[],[],[],[],[],["Fruit Juice"],[],[],[],[],[],[],[],[],[],[],[],["Regen Potion"],[],[],[],[],[],[],[],[],[],[],[],[],[],[],[],[],[],[],[],[],[],[],["SteroidPotion"],[]],"relics":["Burning Blood","Self Forming Clay","Magic Flower","Lee\u0027s Waffle","CaptainsWheel","Pear","Mercury Hourglass","Pandora\u0027s Box","Bag of Marbles","Red Mask","Bottled Tornado","Shuriken","Du-Vu Doll","Runic Pyramid","Letter Opener","InkBottle","StrikeDummy"],"potions_floor_usage":[11,21,33,56],"damage_taken":[{"damage":10,"enemies":"Small Slimes","floor":1,"turns":4},{"damage":7,"enemies":"Cultist","floor":2,"turns":5},{"damage":3,"enemies":"2 Louse","floor":4,"turns":4},{"damage":0,"enemies":"Exordium Wildlife","floor":7,"turns":3},{"damage":15,"enemies":"3 Sentries","floor":8,"turns":9},{"damage":31,"enemies":"Gremlin Nob","floor":11,"turns":4},{"damage":3,"enemies":"Blue Slaver","floor":12,"turns":4},{"damage":9,"enemies":"Lagavulin","floor":13,"turns":6},{"damage":7,"enemies":"Slime Boss","floor":16,"turns":7},{"damage":13,"enemies":"Chosen","floor":18,"turns":4},{"damage":15,"enemies":"3 Byrds","floor":20,"turns":3},{"damage":6,"enemies":"Masked Bandits","floor":21,"turns":2},{"damage":23,"enemies":"Shelled Parasite and Fungi","floor":24,"turns":3},{"damage":21,"enemies":"Gremlin Leader","floor":25,"turns":6},{"damage":0,"enemies":"3 Cultists","floor":27,"turns":2},{"damage":9,"enemies":"Book of Stabbing","floor":28,"turns":4},{"damage":12,"enemies":"Sentry and Sphere","floor":29,"turns":4},{"damage":4,"enemies":"Chosen and Byrds","floor":30,"turns":7},{"damage":27,"enemies":"Slavers","floor":31,"turns":4},{"damage":11,"enemies":"Champ","floor":33,"turns":18},{"damage":0,"enemies":"3 Shapes","floor":35,"turns":1},{"damage":18,"enemies":"3 Darklings","floor":36,"turns":3},{"damage":33,"enemies":"Maw","floor":37,"turns":7},{"damage":9,"enemies":"Giant Head","floor":40,"turns":6},{"damage":23,"enemies":"Spire Growth","floor":41,"turns":5},{"damage":9,"enemies":"Nemesis","floor":44,"turns":9},{"damage":5,"enemies":"Transient","floor":45,"turns":6},{"damage":3,"enemies":"3 Darklings","floor":46,"turns":1},{"damage":3,"enemies":"Maw","floor":47,"turns":7},{"damage":34,"enemies":"Donu and Deca","floor":50,"turns":7},{"damage":78,"enemies":"Awakened One","floor":51,"turns":14},{"damage":23,"enemies":"Shield and Spear","floor":55,"turns":5},{"damage":42,"enemies":"The Heart","floor":56,"turns":7}],"green_key_taken_log":44,"seed_played":"-157248390264968461","neow_bonus_log":{"cardsObtained":[],"cardsUpgraded":[],"cardsRemoved":[],"cardsTransformed":[],"relicsObtained":[],"maxHpGained":0,"goldGained":0,"damageTaken":18,"goldLost":0,"maxHpLost":0},"potions_obtained":[{"floor":1,"key":"Swift Potion"},{"floor":8,"key":"DuplicationPotion"},{"floor":11,"key":"Weak Potion"},{"floor":12,"key":"SteroidPotion"},{"floor":18,"key":"Fruit Juice"},{"floor":21,"key":"FearPotion"},{"floor":25,"key":"SteroidPotion"},{"floor":31,"key":"Regen Potion"},{"floor":35,"key":"CultistPotion"},{"floor":37,"key":"Dexterity Potion"},{"floor":46,"key":"BloodPotion"}],"is_trial":false,"path_per_floor":["M","M","?","M","?","R","M","E","T","$","E","M","E","?","R","B",null,"M","$","M","?","?","R","M","E","T","M","E","M","M","E","R","B",null,"M","M","M","?","$","E","M","?","T","E","M","M","M","?","R","B","B",null,"R","$","E","B",null],"character_chosen":"IRONCLAD","items_purchased":["Lee\u0027s Waffle","Bag of Marbles","Dark Embrace","Impervious"],"campfire_rested":0,"item_purchase_floors":[10,19,39,54],"current_hp_per_floor":[46,45,45,48,48,48,54,45,45,82,60,66,76,71,71,73,87,83,83,77,85,85,85,71,59,59,68,68,65,70,52,52,74,91,97,97,97,97,97,97,91,81,81,97,97,97,97,80,80,97,97,97,97,97,97,97],"gold":92,"neow_bonus":"THREE_RARE_CARDS","is_prod":false,"is_daily":false,"rewards_skipped":[{"floor":16,"relics":[],"potions":["Swift Potion"]},{"floor":27,"relics":[],"potions":["LiquidBronze"]},{"floor":31,"relics":["Bottled Flame"],"potions":[]},{"floor":40,"relics":[],"potions":["ElixirPotion"]},{"floor":47,"relics":[],"potions":["Explosive Potion"]}],"chose_seed":false,"campfire_upgraded":5,"win_rate":0,"floor_exit_playtime":[158,203,246,315,329,336,408,532,560,630,672,736,799,802,808,911,972,1033,1065,1164,1209,1214,1222,1283,1421,1428,1455,1514,1609,1739,1938,1962,2208,2230,2252,2331,2456,2474,2514,2659,2756,2790,2794,2940,3059,3112,3212,3234,3238,3410,3730,3742,3754,3770,3927,4082],"timestamp":1670449264,"blue_key_relic_skipped_log":{"floor":43,"relicID":"Anchor"},"path_taken":["M","M","?","?","?","R","M","E","T","$","E","M","E","?","R","BOSS","M","$","M","?","?","R","M","E","T","M","E","M","M","E","R","BOSS","M","M","M","?","$","E","?","?","T","E","M","M","M","?","R","BOSS","BOSS","R","$","E","BOSS"],"build_version":"2022-12-01","purchased_purges":1,"victory":true,"max_hp_per_floor":[75,75,75,75,75,75,75,75,75,82,82,82,92,92,92,92,92,92,92,92,97,97,97,97,97,97,97,97,97,97,97,97,97,97,97,97,97,97,97,97,97,97,97,97,97,97,97,97,97,97,97,97,97,97,97,97],"relic_stats":{"Lee\u0027s Waffle":37,"counters":[33,181],"Self Forming Clay":[234],"Shuriken":[36],"Magic Flower":[110],"Pandora\u0027s Box":["Immolate","Pommel Strike","Flame Barrier","Offering","Bludgeon","Searing Blow","Wild Strike","Cleave"],"Letter Opener":[226],"Bottled Tornado":"Corruption","obtain_stats":[{"Lee\u0027s Waffle":10,"Pear":13,"Self Forming Clay":8,"Magic Flower":9,"Letter Opener":40,"Bottled Tornado":25,"Burning Blood":0,"Mercury Hourglass":14,"Du-Vu Doll":28,"CaptainsWheel":11,"Shuriken":26,"Pandora\u0027s Box":17,"Bag of Marbles":19,"Red Mask":21,"StrikeDummy":55,"InkBottle":44,"Runic Pyramid":34},{"Lee\u0027s Waffle":5,"Pear":8,"Self Forming Clay":5,"Magic Flower":5,"Letter Opener":24,"Bottled Tornado":14,"Burning Blood":0,"Mercury Hourglass":8,"Du-Vu Doll":16,"CaptainsWheel":6,"Shuriken":14,"Pandora\u0027s Box":9,"Bag of Marbles":10,"Red Mask":12,"StrikeDummy":32,"InkBottle":26,"Runic Pyramid":20},{"Lee\u0027s Waffle":25,"Pear":39,"Self Forming Clay":25,"Magic Flower":25,"Letter Opener":120,"Bottled Tornado":64,"Burning Blood":0,"Mercury Hourglass":39,"Du-Vu Doll":70,"CaptainsWheel":29,"Shuriken":64,"Pandora\u0027s Box":46,"Bag of Marbles":50,"Red Mask":55,"StrikeDummy":174,"InkBottle":134,"Runic Pyramid":103}],"Burning Blood":209,"InkBottle":[20],"Mercury Hourglass":[465]},"card_choices":[{"not_picked":["Barricade","Exhume"],"picked":"Limit Break","floor":0},{"not_picked":["Dark Embrace","Perfected Strike"],"picked":"Anger","floor":1},{"not_picked":["Sword Boomerang","Wild Strike"],"picked":"Armaments","floor":2},{"not_picked":["Sword Boomerang","Rampage"],"picked":"Infernal Blade","floor":4},{"not_picked":["Heavy Blade","Body Slam"],"picked":"Evolve","floor":7},{"not_picked":["Iron Wave","Armaments"],"picked":"Cleave","floor":8},{"not_picked":["Flex","Limit Break"],"picked":"Power Through","floor":11},{"not_picked":["Evolve","Battle Trance"],"picked":"Inflame","floor":12},{"not_picked":["Intimidate","Cleave","Sword Boomerang"],"picked":"SKIP","floor":13},{"not_picked":["Intimidate","Cleave","Sword Boomerang"],"picked":"SKIP","floor":13},{"not_picked":["Bludgeon","Impervious"],"picked":"Corruption","floor":16},{"not_picked":["Cleave","Perfected Strike","Anger"],"picked":"SKIP","floor":18},{"not_picked":["Clash+1","Burning Pact"],"picked":"Bloodletting+1","floor":20},{"not_picked":["Iron Wave","Fire Breathing"],"picked":"Burning Pact","floor":21},{"not_picked":["Thunderclap","Seeing Red"],"picked":"Battle Trance","floor":24},{"not_picked":["True Grit","Carnage"],"picked":"Disarm","floor":25},{"not_picked":["Burning Pact","Perfected Strike"],"picked":"Feel No Pain","floor":27},{"not_picked":["Disarm","Ghostly Armor"],"picked":"Barricade","floor":28},{"not_picked":["True Grit","Clash","Hemokinesis"],"picked":"SKIP","floor":29},{"not_picked":["True Grit","Clash","Hemokinesis"],"picked":"SKIP","floor":29},{"not_picked":["Ghostly Armor","Headbutt"],"picked":"Dropkick","floor":30},{"not_picked":["Blood for Blood+1","Body Slam"],"picked":"Pommel Strike+1","floor":31},{"not_picked":["Fiend Fire","Juggernaut"],"picked":"Reaper","floor":33},{"not_picked":["Sword Boomerang","Thunderclap"],"picked":"Uppercut","floor":35},{"not_picked":["Cleave","Rupture","Clothesline"],"picked":"SKIP","floor":36},{"not_picked":["True Grit","Reckless Charge"],"picked":"Flame Barrier","floor":37},{"not_picked":["Armaments","Thunderclap"],"picked":"Battle Trance","floor":40},{"not_picked":["Intimidate","Anger","Combust+1"],"picked":"SKIP","floor":41},{"not_picked":["Impatience","The Bomb"],"picked":"Finesse","floor":42},{"not_picked":["Blind","Jack Of All Trades"],"picked":"Secret Technique","floor":42},{"not_picked":["Impatience","Secret Weapon"],"picked":"Blind","floor":42},{"not_picked":["Perfected Strike","Cleave"],"picked":"Impervious","floor":44},{"not_picked":["Battle Trance","Infernal Blade"],"picked":"Warcry+1","floor":45},{"not_picked":["Anger","Clothesline"],"picked":"Blood for Blood+1","floor":46},{"not_picked":["Sword Boomerang","True Grit"],"picked":"Shrug It Off+1","floor":47},{"not_picked":["Clothesline","Berserk","Wild Strike+1"],"picked":"SKIP","floor":55},{"not_picked":["Clothesline","Berserk","Wild Strike+1"],"picked":"SKIP","floor":55}],"player_experience":4654051,"relics_obtained":[{"floor":8,"key":"Self Forming Clay"},{"floor":9,"key":"Magic Flower"},{"floor":11,"key":"CaptainsWheel"},{"floor":13,"key":"Pear"},{"floor":21,"key":"Red Mask"},{"floor":25,"key":"Bottled Tornado"},{"floor":26,"key":"Shuriken"},{"floor":28,"key":"Du-Vu Doll"},{"floor":40,"key":"Letter Opener"},{"floor":44,"key":"InkBottle"},{"floor":55,"key":"StrikeDummy"}],"event_choices":[{"cards_removed":["Strike_R"],"damage_healed":0,"gold_gain":0,"player_choice":"Purged","damage_taken":0,"max_hp_gain":0,"max_hp_loss":0,"event_name":"Purifier","floor":3,"gold_loss":0},{"damage_healed":0,"gold_gain":0,"player_choice":"Grow","damage_taken":0,"max_hp_gain":0,"max_hp_loss":0,"event_name":"Living Wall","floor":5,"gold_loss":0,"cards_upgraded":["Armaments"]},{"damage_healed":0,"gold_gain":0,"player_choice":"Success","damage_taken":5,"relics_obtained":["Mercury Hourglass"],"max_hp_gain":0,"max_hp_loss":0,"event_name":"Scrap Ooze","floor":14,"gold_loss":0},{"damage_healed":0,"gold_gain":0,"player_choice":"Fought Bandits","damage_taken":0,"max_hp_gain":0,"max_hp_loss":0,"event_name":"Masked Bandits","floor":21,"gold_loss":0},{"damage_healed":0,"gold_gain":0,"player_choice":"Ignored","damage_taken":0,"max_hp_gain":0,"max_hp_loss":0,"event_name":"Vampires","floor":22,"gold_loss":0},{"cards_removed":["Searing Blow"],"damage_healed":0,"gold_gain":0,"player_choice":"Upgrade and Remove","damage_taken":0,"max_hp_gain":0,"max_hp_loss":0,"event_name":"Designer","floor":38,"gold_loss":110,"cards_upgraded":["Dropkick"]},{"damage_healed":0,"gold_gain":0,"player_choice":"Memory 3","damage_taken":10,"max_hp_gain":0,"max_hp_loss":0,"event_name":"SensoryStone","floor":42,"gold_loss":0},{"damage_healed":0,"gold_gain":0,"player_choice":"Embrace Madness","damage_taken":17,"max_hp_gain":0,"max_hp_loss":0,"event_name":"Winding Halls","floor":48,"gold_loss":0,"cards_obtained":["Madness","Madness"]}],"is_beta":false,"boss_relics":[{"not_picked":["Mark of Pain","Velvet Choker"],"picked":"Pandora\u0027s Box"},{"not_picked":["Black Blood","Tiny House"],"picked":"Runic Pyramid"}],"items_purged_floors":[39],"is_endless":false,"potions_floor_spawned":[1,8,11,12,16,18,21,25,27,31,35,37,40,46,47],"ascension_level":20,"potion_discard_per_floor":[[],[],[],[],[],[],[],[],[],[],[],["Weak Potion"],[],[],[],[],[],["DuplicationPotion"],[],[],[],[],[],[],["FearPotion"],[],[],[],[],[],["SteroidPotion"],[],[],[],[],[],["CultistPotion"],[],[],[],[],[],[],[],[],["Dexterity Potion"],[],[],[],[],[],[],[],[],[],[],[]]}