{"neow_bonuses_skipped_log":["THREE_CARDS","HUNDRED_GOLD","BOSS_RELIC"],"neow_costs_skipped_log":["NONE","NONE","NONE"],"potions_obtained_entropic_brew":[[],[],[],[],[],[],[],[],[],[],[],[],[],[],[],[],[],[],[],[],[],[],[],[],[],[],[],[],[],[],[],[],[],[],[],[],[],[],[],[],[],[],[],[],[],[],[],[],[],[],[],[],[],[],[],[],[]],"gold_per_floor":[16,16,28,28,41,41,73,73,73,73,21,46,63,81,81,156,156,171,171,184,197,197,230,230,258,311,311,311,37,63,82,82,156,156,171,183,183,194,207,236,236,19,42,56,83,83,110,128,128,128,128,128,128,20,45,45],"floor_reached":57,"playtime":6207,"items_purged":["Strike_R"],"score":2845,"play_id":"33fdf56d-286a-413e-92b7-6c1881566fbe","local_time":"20221213194731","falling_options_log":["Reaper","Dark Embrace"],"score_breakdown":["Floors Climbed (57): 285","Enemies Slain (15): 30","Exordium Elites Killed (2): 20","City Elites Killed (3): 60","Beyond Elites Killed (3): 90","Bosses Slain (5): 750","Librarian: 25","Stuffed: 50","Champion (1): 25","Ascension (20): 1260","Heartbreaker: 250"],"is_ascension_mode":true,"potions_obtained_alchemize":[[],[],[],[],[],[],[],[],[],[],[],[],[],[],[],[],[],[],[],[],[],[],[],[],[],[],[],[],[],[],[],[],[],[],[],[],[],[],[],[],[],[],[],[],[],[],[],[],[],[],[],[],[],[],[],[],[]],"campfire_choices":[{"data":"Perfected Strike","floor":6,"key":"SMITH"},{"data":"Carnage","floor":8,"key":"SMITH"},{"data":"Pommel Strike","floor":10,"key":"SMITH"},{"data":"Bash","floor":15,"key":"SMITH"},{"data":"Perfected Strike","floor":24,"key":"SMITH"},{"data":"Whirlwind","floor":28,"key":"SMITH"},{"data":"Fiend Fire","floor":32,"key":"SMITH"},{"data":"Rupture","floor":46,"key":"SMITH"},{"floor":49,"key":"RECALL"},{"data":"Uppercut","floor":53,"key":"SMITH"}],"lesson_learned_per_floor":[[],[],[],[],[],[],[],[],[],[],[],[],[],[],[],[],[],[],[],[],[],[],[],[],[],[],[],[],[],[],[],[],[],[],[],[],[],[],[],[],[],[],[],[],[],[],[],[],[],[],[],[],[],[],[],[],[]],"neow_cost":"NO_GOLD","improvable_cards":{"RitualDagger":[21]},"seed_source_timestamp":22081116650187,"shop_contents":[{"floor":4,"relics":["Kunai","Toxic Egg 2","DollysMirror"],"cards":["Body Slam","Carnage","Flex","Burning Pact","Dark Embrace","Dark Shackles","The Bomb"],"potions":["GamblersBrew","Regen Potion","Block Potion"]},{"floor":11,"relics":["Art of War","Ancient Tea Set","TheAbacus"],"cards":["Feed","Intimidate","Shrug It Off","Rupture","Mind Blast","Panache"],"potions":["DuplicationPotion","Ancient Potion","PowerPotion"]},{"floor":29,"relics":["Bottled Flame","Gremlin Horn","Boot"],"cards":["Sword Boomerang","Pommel Strike","Limit Break","Flex","Combust","Madness","Violence"],"potions":["DuplicationPotion","FearPotion","BlessingOfTheForge"]},{"floor":42,"relics":["Shuriken","Shovel","Turnip"],"cards":["Immolate","Sword Boomerang","Havoc","Rage","Inflame","Swift Strike","Secret Weapon"],"potions":["ElixirPotion","ColorlessPotion","Fruit Juice"]},{"floor":54,"relics":["Pantograph","Du-Vu Doll","Lee\u0027s Waffle"],"cards":["Thunderclap","Cleave","Sentinel","Armaments","Dark Embrace","Good Instincts","Master of Strategy"],"potions":["ColorlessPotion","LiquidBronze","Strength Potion"]}],"circlet_count":0,"master_deck":["AscendersBane","Strike_R","Strike_R","Defend_R","Defend_R","Defend_R","Bash+1","Perfected Strike+1","Second Wind","Bloodletting","Carnage+1","Pommel Strike+1","Pommel Strike","Rampage","Shrug It Off","Feed","Perfected Strike+1","RitualDagger","Disarm","Whirlwind+1","Fiend Fire+1","Dark Embrace","Headbutt+1","Reaper","Uppercut+1","Battle Trance+1","Reaper","Evolve+1","Combust","Rupture+1","Offering","Heavy Blade+1","Burning Pact","Power Through+1","Flame Barrier"],"potion_use_per_floor":[[],[],[],[],[],[],["DistilledChaos"],[],[],[],[],["AttackPotion"],[],[],[],[],[],["AttackPotion"],[],[],[],[],["GamblersBrew"],[],["AttackPotion"],[],[],[],[],[],[],[],["SteroidPotion"],[],[],[],[],[],["Fruit Juice"],["AttackPotion","GamblersBrew"],[],[],[],[],["Weak Potion","Fire Potion"],[],[],[],[],[],["Strength Potion"],[],[],[],[],["PowerPotion","Ancient Potion"],[]],"relics":["Burning Blood","Self Forming Clay","Blue Candle","Meat on the Bone","Snecko Eye","MutagenicStrength","The Courier","HornCleat","Bag of Marbles","Membership Card","Orichalcum","Pen Nib","Mark of Pain","Mercury Hourglass","Orrery","Toy Ornithopter","Anchor","Vajra","Bag of Preparation"],"potions_floor_usage":[7,12,18,23,25,33,39,40,40,45,45,51,56,56],"damage_taken":[{"damage":3,"enemies":"2 Louse","floor":1,"turns":3},{"damage":4,"enemies":"Cultist","floor":3,"turns":3},{"damage":5,"enemies":"Jaw Worm","floor":5,"turns":2},{"damage":18,"enemies":"Lagavulin","floor":7,"turns":4},{"damage":6,"enemies":"3 Sentries","floor":12,"turns":6},{"damage":15,"enemies":"Exordium Wildlife","floor":13,"turns":3},{"damage":4,"enemies":"Looter","floor":14,"turns":3},{"damage":40,"enemies":"Hexaghost","floor":16,"turns":7},{"damage":11,"enemies":"3 Byrds","floor":18,"turns":5},{"damage":10,"enemies":"2 Thieves","floor":20,"turns":3},{"damage":0,"enemies":"3 Cultists","floor":21,"turns":4},{"damage":33,"enemies":"Book of Stabbing","floor":23,"turns":4},{"damage":0,"enemies":"Gremlin Leader","floor":25,"turns":8},{"damage":14,"enemies":"Book of Stabbing","floor":30,"turns":3},{"damage":21,"enemies":"Shelled Parasite and Fungi","floor":31,"turns":4},{"damage":26,"enemies":"Champ","floor":33,"turns":7},{"damage":0,"enemies":"3 Darklings","floor":35,"turns":3},{"damage":0,"enemies":"Orb Walker","floor":36,"turns":1},{"damage":32,"enemies":"Spire Growth","floor":38,"turns":6},{"damage":15,"enemies":"Maw","floor":39,"turns":6},{"damage":67,"enemies":"Giant Head","floor":40,"turns":6},{"damage":11,"enemies":"Sphere and 2 Shapes","floor":44,"turns":4},{"damage":31,"enemies":"Reptomancer","floor":45,"turns":5},{"damage":19,"enemies":"Giant Head","floor":47,"turns":5},{"damage":12,"enemies":"Spire Growth","floor":48,"turns":3},{"damage":90,"enemies":"Time Eater","floor":50,"turns":8},{"damage":39,"enemies":"Donu and Deca","floor":51,"turns":7},{"damage":25,"enemies":"Shield and Spear","floor":55,"turns":6},{"damage":159,"enemies":"The Heart","floor":56,"turns":9}],"green_key_taken_log":25,"seed_played":"-287592976390655569","neow_bonus_log":{"cardsObtained":["Perfected Strike","Second Wind"],"cardsUpgraded":[],"cardsRemoved":[],"cardsTransformed":["Strike_R","Strike_R"],"relicsObtained":[],"maxHpGained":0,"goldGained":0,"damageTaken":0,"goldLost":99,"maxHpLost":0},"potions_obtained":[{"floor":1,"key":"DistilledChaos"},{"floor":5,"key":"AttackPotion"},{"floor":7,"key":"AttackPotion"},{"floor":12,"key":"SteroidPotion"},{"floor":18,"key":"AttackPotion"},{"floor":20,"key":"GamblersBrew"},{"floor":31,"key":"Fire Potion"},{"floor":33,"key":"GamblersBrew"},{"floor":36,"key":"Fruit Juice"},{"floor":39,"key":"AttackPotion"},{"floor":40,"key":"Weak Potion"},{"floor":44,"key":"Fire Potion"},{"floor":45,"key":"Strength Potion"}],"is_trial":false,"path_per_floor":["M","?","M","$","M","R","E","R","T","R","$","E","M","M","R","B",null,"M","?","M","M","?","E","R","E","T","?","R","$","E","M","R","B",null,"M","M","?","M","M","E","?","$","T","M","E","R","E","M","R","B","B",null,"R","$","E","B",null],"character_chosen":"IRONCLAD","items_purchased":["Pommel Strike","Membership Card","Dark Embrace","SteroidPotion","Explosive Potion","Orichalcum","Orrery","Rupture","Offering","Toy Ornithopter","PowerPotion","Ancient Potion","Flame Barrier"],"campfire_rested":0,"item_purchase_floors":[11,29,29,29,29,29,42,42,42,42,54,54,54],"current_hp_per_floor":[71,71,73,73,74,74,62,62,62,62,62,62,53,55,55,33,65,63,63,62,71,65,50,50,59,59,59,59,59,54,54,54,46,81,90,99,99,76,76,33,33,33,33,43,70,70,69,85,85,48,61,100,100,100,96,27],"gold":45,"neow_bonus":"TRANSFORM_TWO_CARDS","is_prod":false,"is_daily":false,"rewards_skipped":[{"floor":16,"relics":[],"potions":["Weak Potion"]},{"floor":55,"relics":[],"potions":["Regen Potion"]}],"chose_seed":false,"campfire_upgraded":9,"win_rate":0,"floor_exit_playtime":[98,124,149,166,212,224,295,304,327,333,364,461,484,558,563,674,855,1050,1113,1265,1365,1412,1560,1568,1780,1788,1892,1916,2065,2129,2259,2265,2631,2738,2872,2904,2908,3051,3201,3719,3735,3942,3945,4171,4310,4319,4489,4633,4636,4945,5188,5201,5212,5302,5609,6207],"timestamp":1670978851,"blue_key_relic_skipped_log":{"floor":43,"relicID":"Whetstone"},"path_taken":["M","?","M","?","M","R","E","R","T","R","?","E","?","M","R","BOSS","M","?","M","M","?","E","R","E","T","?","R","$","E","M","R","BOSS","M","M","?","M","M","E","?","$","T","M","E","R","E","M","R","BOSS","BOSS","R","$","E","BOSS"],"build_version":"2022-12-01","purchased_purges":1,"victory":true,"max_hp_per_floor":[75,75,75,75,75,75,75,75,75,75,75,75,75,75,75,75,75,78,78,81,84,84,84,84,87,87,87,87,87,90,93,93,93,93,96,99,99,102,107,107,107,107,107,110,110,110,110,110,110,113,113,113,113,113,113,113],"relic_stats":{"counters":[29,138],"Self Forming Clay":[345],"Blue Candle":[2],"The Courier":708,"Pen Nib":[18],"Bag of Preparation":[2],"Orichalcum":[72],"Burning Blood":174,"Mercury Hourglass":[148],"Snecko Eye":[224,227,238,214,-224],"Membership Card":708,"obtain_stats":[{"Self Forming Clay":7,"Blue Candle":9,"Vajra":47,"The Courier":23,"Pen Nib":30,"Bag of Preparation":55,"Orichalcum":29,"Burning Blood":0,"Mercury Hourglass":40,"Anchor":45,"HornCleat":25,"MutagenicStrength":19,"Snecko Eye":17,"Orrery":42,"Mark of Pain":34,"Bag of Marbles":26,"Membership Card":29,"Toy Ornithopter":42,"Meat on the Bone":12},{"Self Forming Clay":4,"Blue Candle":4,"Vajra":24,"The Courier":12,"Pen Nib":14,"Bag of Preparation":28,"Orichalcum":13,"Burning Blood":0,"Mercury Hourglass":21,"Anchor":23,"HornCleat":13,"MutagenicStrength":9,"Snecko Eye":8,"Orrery":21,"Mark of Pain":16,"Bag of Marbles":13,"Membership Card":13,"Toy Ornithopter":21,"Meat on the Bone":5},{"Self Forming Clay":12,"Blue Candle":12,"Vajra":105,"The Courier":47,"Pen Nib":58,"Bag of Preparation":129,"Orichalcum":55,"Burning Blood":0,"Mercury Hourglass":91,"Anchor":100,"HornCleat":55,"MutagenicStrength":36,"Snecko Eye":31,"Orrery":91,"Mark of Pain":69,"Bag of Marbles":55,"Membership Card":55,"Toy Ornithopter":91,"Meat on the Bone":18}],"Toy Ornithopter":25,"Meat on the Bone":108},"card_choices":[{"not_picked":["True Grit","Warcry"],"picked":"Bloodletting","floor":1},{"not_picked":["Sentinel","Body Slam"],"picked":"Carnage","floor":3},{"not_picked":["Sever Soul","Wild Strike"],"picked":"Pommel Strike","floor":5},{"not_picked":["Rage","Warcry","Berserk"],"picked":"SKIP","floor":7},{"not_picked":["Sever Soul","Thunderclap"],"picked":"Rampage","floor":12},{"not_picked":["Clothesline","Warcry"],"picked":"Shrug It Off","floor":13},{"not_picked":["Dual Wield","Cleave","Headbutt"],"picked":"SKIP","floor":14},{"not_picked":["Dual Wield","Cleave","Headbutt"],"picked":"SKIP","floor":14},{"not_picked":["Brutality","Juggernaut"],"picked":"Feed","floor":16},{"not_picked":["Fire Breathing","Armaments"],"picked":"Flame Barrier","floor":18},{"not_picked":["Warcry","Twin Strike"],"picked":"Perfected Strike","floor":20},{"not_picked":["Dropkick","Entrench","Heavy Blade"],"picked":"SKIP","floor":21},{"not_picked":["Carnage","Twin Strike"],"picked":"Disarm","floor":23},{"not_picked":["Dropkick","Clothesline"],"picked":"Whirlwind","floor":25},{"not_picked":["Reckless Charge","Warcry","True Grit","Shockwave","Searing Blow","Thunderclap","Entrench","Pommel Strike","Cleave","Flex","Clash","Rampage","Twin Strike","Iron Wave","Anger","Heavy Blade","Wild Strike","Headbutt","Metallicize"],"picked":"Fiend Fire","floor":27},{"not_picked":["Anger","Ghostly Armor","Warcry"],"picked":"SKIP","floor":30},{"not_picked":["Anger","Ghostly Armor","Warcry"],"picked":"SKIP","floor":30},{"not_picked":["Heavy Blade","Burning Pact"],"picked":"Headbutt+1","floor":31},{"not_picked":["Barricade","Fiend Fire"],"picked":"Reaper","floor":33},{"not_picked":["Armaments","Ghostly Armor","Sever Soul"],"picked":"SKIP","floor":35},{"not_picked":["Thunderclap","True Grit","Flex+1"],"picked":"SKIP","floor":36},{"not_picked":["Shrug It Off","Thunderclap"],"picked":"Uppercut","floor":38},{"not_picked":["Clash","Twin Strike"],"picked":"Battle Trance+1","floor":39},{"not_picked":["Battle Trance","Clash","Dark Embrace+1"],"picked":"SKIP","floor":40},{"not_picked":["Battle Trance","Clash","Dark Embrace+1"],"picked":"SKIP","floor":40},{"not_picked":["Flex","Headbutt+1"],"picked":"Reaper","floor":42},{"not_picked":["Second Wind","Bloodletting"],"picked":"Evolve+1","floor":42},{"not_picked":["Reaper","Anger"],"picked":"Combust","floor":42},{"not_picked":["Flex","Seeing Red","Intimidate+1"],"picked":"SKIP","floor":42},{"not_picked":["Heavy Blade","Iron Wave","Whirlwind+1"],"picked":"SKIP","floor":42},{"not_picked":["Disarm","Warcry+1"],"picked":"Heavy Blade+1","floor":44},{"not_picked":["Heavy Blade","Berserk","Sword Boomerang"],"picked":"SKIP","floor":45},{"not_picked":["Twin Strike","Thunderclap"],"picked":"Burning Pact","floor":47},{"not_picked":["Ghostly Armor","Anger"],"picked":"Power Through+1","floor":48},{"not_picked":["Heavy Blade","Flex","Perfected Strike"],"picked":"SKIP","floor":55}],"player_experience":4713345,"relics_obtained":[{"floor":7,"key":"Self Forming Clay"},{"floor":9,"key":"Blue Candle"},{"floor":12,"key":"Meat on the Bone"},{"floor":23,"key":"The Courier"},{"floor":25,"key":"HornCleat"},{"floor":26,"key":"Bag of Marbles"},{"floor":30,"key":"Pen Nib"},{"floor":40,"key":"Mercury Hourglass"},{"floor":45,"key":"Anchor"},{"floor":47,"key":"Vajra"},{"floor":55,"key":"Bag of Preparation"}],"event_choices":[{"cards_removed":["Defend_R"],"damage_healed":0,"gold_gain":0,"player_choice":"Purged","damage_taken":0,"max_hp_gain":0,"max_hp_loss":0,"event_name":"Purifier","floor":2,"gold_loss":0},{"damage_healed":0,"gold_gain":0,"player_choice":"Inject Mutagens","damage_taken":0,"relics_obtained":["MutagenicStrength"],"max_hp_gain":0,"max_hp_loss":0,"event_name":"Drug Dealer","floor":19,"gold_loss":0},{"damage_healed":0,"gold_gain":0,"player_choice":"Joined the Cult","damage_taken":6,"max_hp_gain":0,"max_hp_loss":0,"event_name":"Nest","floor":22,"gold_loss":0,"cards_obtained":["RitualDagger"]},{"damage_healed":0,"gold_gain":0,"player_choice":"Read","damage_taken":0,"max_hp_gain":0,"max_hp_loss":0,"event_name":"The Library","floor":27,"gold_loss":0,"cards_obtained":["Fiend Fire"]},{"damage_healed":0,"gold_gain":0,"player_choice":"Ignored","damage_taken":0,"max_hp_gain":0,"max_hp_loss":0,"event_name":"Tomb of Lord Red Mask","floor":37,"gold_loss":0},{"cards_removed":["Flame Barrier"],"damage_healed":0,"gold_gain":0,"player_choice":"Removed Skill","damage_taken":0,"max_hp_gain":0,"max_hp_loss":0,"event_name":"Falling","floor":41,"gold_loss":0}],"is_beta":false,"boss_relics":[{"not_picked":["Runic Cube","Black Blood"],"picked":"Snecko Eye"},{"not_picked":["SacredBark","Empty Cage"],"picked":"Mark of Pain"}],"items_purged_floors":[54],"is_endless":false,"potions_floor_spawned":[1,5,7,12,16,18,20,31,33,36,39,40,44,45,55],"ascension_level":20,"potion_discard_per_floor":[[],[],[],[],[],[],[],[],[],[],[],[],[],[],[],[],[],[],[],["SteroidPotion"],[],[],[],[],[],[],[],[],[],[],["Explosive Potion"],[],[],[],[],["Fire Potion"],[],[],[],[],[],[],[],[],[],[],[],[],[],[],[],[],[],[],[],[],[]]}