{"neow_bonuses_skipped_log":["THREE_CARDS","TWENTY_PERCENT_HP_BONUS","BOSS_RELIC"],"neow_costs_skipped_log":["NONE","NO_GOLD","NONE"],"potions_obtained_entropic_brew":[[],[],[],[],[],[],[],[],[],[],[],[],[],[],[],[],[],[],[],[],[],[],[],[],[],[],[],[],[],[],[],[],[],[],[],[],[],[],[],[],[],[],[],[],[],[],[],[],[],[],[],[],[],[],[],[],[]],"gold_per_floor":[212,69,87,12,22,22,54,54,102,102,137,137,172,196,208,294,306,336,348,373,397,55,88,88,102,102,102,136,167,167,3,3,80,80,96,96,110,110,120,155,189,209,257,289,321,331,361,371,371,371,371,371,371,9,43,43],"floor_reached":57,"playtime":5708,"items_purged":["Strike_R","Decay"],"score":3481,"play_id":"26bb5471-6713-4362-88cf-f46e7784cb9c","local_time":"20221204224501","falling_options_log":["Double Tap+1","Feel No Pain+1"],"score_breakdown":["Floors Climbed (57): 285","Enemies Slain (14): 28","Exordium Elites Killed (3): 30","City Elites Killed (3): 60","Beyond Elites Killed (5): 150","Bosses Slain (5): 750","I Like Shiny: 50","Money Money (1142): 25","Champion (2): 50","Beyond Perfect: 200","Overkill: 25","Ascension (20): 1578","Heartbreaker: 250"],"is_ascension_mode":true,"potions_obtained_alchemize":[[],[],[],[],[],[],[],[],[],[],[],[],[],[],[],[],[],[],[],[],[],[],[],[],[],[],[],[],[],[],[],[],[],[],[],[],[],[],[],[],[],[],[],[],[],[],[],[],[],[],[],[],[],[],[],[],[]],"campfire_choices":[{"data":"Hemokinesis","floor":6,"key":"SMITH"},{"data":"Flex","floor":8,"key":"SMITH"},{"data":"Shockwave","floor":10,"key":"SMITH"},{"data":"Inflame","floor":15,"key":"SMITH"},{"data":"Whirlwind","floor":24,"key":"SMITH"},{"data":"Corruption","floor":27,"key":"SMITH"},{"data":"Ghostly","floor":30,"key":"SMITH"},{"data":"Ghostly","floor":32,"key":"SMITH"},{"floor":49,"key":"RECALL"},{"data":"Ghostly","floor":53,"key":"SMITH"}],"lesson_learned_per_floor":[[],[],[],[],[],[],[],[],[],[],[],[],[],[],[],[],[],[],[],[],[],[],[],[],[],[],[],[],[],[],[],[],[],[],[],[],[],[],[],[],[],[],[],[],[],[],[],[],[],[],[],[],[],[],[],[],[]],"neow_cost":"NONE","improvable_cards":{},"seed_source_timestamp":11990011440044,"shop_contents":[{"floor":2,"relics":["Pear","Ice Cream","Frozen Eye"],"cards":["Thunderclap","Dropkick","Warcry","Armaments","Feel No Pain","The Bomb"],"potions":["SpeedPotion","Strength Potion"]},{"floor":22,"relics":["CeramicFish","Sling"],"cards":["Sword Boomerang","Shrug It Off","Evolve","Forethought","Secret Technique"],"potions":["Dexterity Potion","Swift Potion","Swift Potion"]},{"floor":31,"relics":["Tiny Chest","Brimstone"],"cards":["Dropkick","Blood for Blood","Armaments+1","Warcry+1","Evolve+1","Enlightenment+1","Secret Technique+1"],"potions":["ColorlessPotion","Weak Potion","Strength Potion"]},{"floor":54,"relics":["Vajra","Sundial","Pantograph"],"cards":["Cleave","Immolate","Armaments+1","Flex+1","Brutality+1","Trip+1","Panache+1"],"potions":["EntropicBrew","Fire Potion","ColorlessPotion"]}],"circlet_count":0,"master_deck":["AscendersBane","Strike_R","Strike_R","Defend_R","Defend_R","Defend_R","Bash+1","PanicButton","Hemokinesis+1","Shockwave+1","Flex+1","Inflame+1","Reaper+1","Corruption+1","Disarm","Ghostly+1","Ghostly+1","Ghostly+1","Whirlwind+1","Disarm","Evolve+1","Double Tap+1","Demon Form+1","Feel No Pain+1","Flame Barrier+1","Power Through+1","Havoc+1","Armaments+1","Exhume+1","Second Wind+1","Ghostly Armor+1","Shockwave+1"],"potion_use_per_floor":[[],[],[],[],[],[],[],[],[],[],[],[],[],[],[],["LiquidMemories"],[],[],[],[],[],[],["LiquidMemories"],[],[],[],[],[],[],[],[],[],["CultistPotion"],[],[],[],[],[],[],[],[],[],[],[],[],[],[],[],[],[],[],[],[],[],[],["DuplicationPotion"],[]],"relics":["Burning Blood","PreservedInsect","Pen Nib","StrikeDummy","MawBank","Black Star","Centennial Puzzle","HornCleat","Frozen Egg 2","CaptainsWheel","WingedGreaves","Bronze Scales","Toxic Egg 2","Ornamental Fan","Bag of Preparation","Runic Pyramid","Letter Opener","Kunai","Calipers","Mummified Hand","Self Forming Clay","Whetstone","Champion Belt","The Courier","Blood Vial","Chemical X","Bag of Marbles","Toy Ornithopter","Paper Frog"],"potions_floor_usage":[16,23,33,56],"damage_taken":[{"damage":2,"enemies":"Small Slimes","floor":1,"turns":5},{"damage":0,"enemies":"2 Louse","floor":3,"turns":4},{"damage":3,"enemies":"Cultist","floor":5,"turns":3},{"damage":10,"enemies":"Gremlin Nob","floor":7,"turns":3},{"damage":12,"enemies":"Lagavulin","floor":11,"turns":5},{"damage":12,"enemies":"3 Sentries","floor":13,"turns":4},{"damage":6,"enemies":"Exordium Wildlife","floor":14,"turns":5},{"damage":6,"enemies":"Slime Boss","floor":16,"turns":5},{"damage":33,"enemies":"Spheric Guardian","floor":18,"turns":6},{"damage":4,"enemies":"2 Thieves","floor":20,"turns":5},{"damage":14,"enemies":"Snake Plant","floor":21,"turns":5},{"damage":10,"enemies":"Book of Stabbing","floor":23,"turns":4},{"damage":31,"enemies":"Shelled Parasite and Fungi","floor":25,"turns":7},{"damage":24,"enemies":"Gremlin Leader","floor":28,"turns":8},{"damage":5,"enemies":"Slavers","floor":29,"turns":5},{"damage":4,"enemies":"Automaton","floor":33,"turns":7},{"damage":6,"enemies":"3 Shapes","floor":35,"turns":5},{"damage":10,"enemies":"3 Darklings","floor":37,"turns":5},{"damage":1,"enemies":"Spire Growth","floor":39,"turns":5},{"damage":1,"enemies":"Giant Head","floor":40,"turns":7},{"damage":5,"enemies":"Nemesis","floor":41,"turns":5},{"damage":24,"enemies":"Transient","floor":42,"turns":6},{"damage":5,"enemies":"Reptomancer","floor":44,"turns":5},{"damage":2,"enemies":"Giant Head","floor":45,"turns":7},{"damage":0,"enemies":"3 Darklings","floor":46,"turns":6},{"damage":3,"enemies":"Reptomancer","floor":47,"turns":3},{"damage":4,"enemies":"Maw","floor":48,"turns":8},{"damage":4,"enemies":"Time Eater","floor":50,"turns":11},{"damage":3,"enemies":"Donu and Deca","floor":51,"turns":10},{"damage":2,"enemies":"Shield and Spear","floor":55,"turns":4},{"damage":38,"enemies":"The Heart","floor":56,"turns":11}],"green_key_taken_log":28,"seed_played":"-6294385476752751209","neow_bonus_log":{"cardsObtained":[],"cardsUpgraded":[],"cardsRemoved":[],"cardsTransformed":[],"relicsObtained":[],"maxHpGained":0,"goldGained":100,"damageTaken":0,"goldLost":0,"maxHpLost":0},"potions_obtained":[{"floor":3,"key":"LiquidMemories"},{"floor":13,"key":"LiquidMemories"},{"floor":18,"key":"SteroidPotion"},{"floor":23,"key":"CultistPotion"},{"floor":33,"key":"Ancient Potion"},{"floor":44,"key":"LiquidMemories"},{"floor":45,"key":"DuplicationPotion"}],"is_trial":false,"path_per_floor":["M","$","M","?","M","R","E","R","T","R","E","?","E","M","R","B",null,"M","?","M","M","$","E","R","M","T","R","E","E","R","$","R","B",null,"M","?","M","?","M","E","E","M","T","E","E","M","E","M","R","B","B",null,"R","$","E","B",null],"character_chosen":"IRONCLAD","items_purchased":["Explosive Potion","PanicButton","Whirlwind","Disarm","Centennial Puzzle","Bag of Preparation","Chemical X","Shockwave+1","Bag of Marbles"],"campfire_rested":0,"item_purchase_floors":[2,2,22,22,22,31,54,54,54],"current_hp_per_floor":[72,72,75,75,75,75,71,71,71,71,65,58,52,52,52,62,72,45,37,37,37,37,37,37,13,13,13,12,25,25,25,25,37,37,37,37,37,37,37,37,37,37,37,37,37,37,37,37,37,37,37,37,37,37,37,28],"gold":43,"neow_bonus":"HUNDRED_GOLD","is_prod":false,"is_daily":false,"rewards_skipped":[{"floor":20,"relics":[],"potions":["SmokeBomb"]},{"floor":35,"relics":[],"potions":["BloodPotion"]},{"floor":41,"relics":[],"potions":["SneckoOil"]},{"floor":45,"relics":["Bottled Flame"],"potions":[]},{"floor":48,"relics":[],"potions":["Dexterity Potion"]}],"chose_seed":false,"campfire_upgraded":9,"win_rate":0,"floor_exit_playtime":[250,403,459,465,499,506,605,610,614,619,677,710,800,886,900,1049,1105,1210,1258,1335,1426,1534,1692,1701,1868,1881,1891,2189,2457,2463,2480,2496,2893,3026,3139,3148,3295,3313,3435,3609,3694,3990,4013,4252,4451,4574,4731,4852,4855,5034,5213,5224,5232,5322,5427,5708],"timestamp":1670211901,"blue_key_relic_skipped_log":{"floor":43,"relicID":"Strawberry"},"path_taken":["M","$","M","?","M","R","E","R","T","R","E","?","E","M","R","BOSS","M","?","M","M","$","E","R","M","T","R","E","E","R","$","R","BOSS","M","?","M","?","M","E","E","M","T","E","E","M","E","?","R","BOSS","BOSS","R","$","E","BOSS"],"build_version":"2022-12-01","purchased_purges":2,"victory":true,"max_hp_per_floor":[75,75,75,75,75,75,75,75,75,75,75,75,75,75,75,75,75,75,37,37,37,37,37,37,37,37,37,37,37,37,37,37,37,37,37,37,37,37,37,37,37,37,37,37,37,37,37,37,37,37,37,37,37,37,37,37],"relic_stats":{"Calipers":[1529],"counters":[31,179],"Self Forming Clay":[84],"PreservedInsect":700,"Pen Nib":[20],"The Courier":89,"Bag of Preparation":[32],"Letter Opener":[202],"Whetstone":["Bash","Reaper"],"MawBank":108,"Burning Blood":89,"Blood Vial":0,"Centennial Puzzle":[57],"Ornamental Fan":[44],"Mummified Hand":[60],"Bronze Scales":[459],"WingedGreaves":3,"Black Star":9,"Kunai":[10],"Champion Belt":[21],"Chemical X":[5],"obtain_stats":[{"Calipers":41,"Bag of Preparation":31,"Whetstone":44,"Burning Blood":0,"Blood Vial":47,"Centennial Puzzle":22,"HornCleat":23,"Mummified Hand":41,"WingedGreaves":28,"Kunai":40,"Chemical X":54,"Toxic Egg 2":29,"Runic Pyramid":34,"Paper Frog":55,"Self Forming Clay":44,"PreservedInsect":7,"Pen Nib":9,"The Courier":47,"Letter Opener":40,"Frozen Egg 2":23,"MawBank":13,"CaptainsWheel":26,"Ornamental Fan":29,"Bronze Scales":28,"Black Star":17,"Bag of Marbles":54,"Champion Belt":45,"StrikeDummy":11,"Toy Ornithopter":55},{"Calipers":21,"Bag of Preparation":15,"Whetstone":23,"Burning Blood":0,"Blood Vial":26,"Centennial Puzzle":11,"HornCleat":12,"Mummified Hand":21,"WingedGreaves":14,"Kunai":20,"Chemical X":29,"Toxic Egg 2":15,"Runic Pyramid":16,"Paper Frog":30,"Self Forming Clay":23,"PreservedInsect":4,"Pen Nib":4,"The Courier":26,"Letter Opener":20,"Frozen Egg 2":12,"MawBank":6,"CaptainsWheel":13,"Ornamental Fan":15,"Bronze Scales":14,"Black Star":8,"Bag of Marbles":29,"Champion Belt":24,"StrikeDummy":5,"Toy Ornithopter":30},{"Calipers":108,"Bag of Preparation":74,"Whetstone":119,"Burning Blood":0,"Blood Vial":135,"Centennial Puzzle":50,"HornCleat":54,"Mummified Hand":108,"WingedGreaves":69,"Kunai":103,"Chemical X":164,"Toxic Egg 2":74,"Runic Pyramid":81,"Paper Frog":168,"Self Forming Clay":119,"PreservedInsect":15,"Pen Nib":15,"The Courier":135,"Letter Opener":103,"Frozen Egg 2":54,"MawBank":24,"CaptainsWheel":61,"Ornamental Fan":74,"Bronze Scales":69,"Black Star":34,"Bag of Marbles":164,"Champion Belt":126,"StrikeDummy":20,"Toy Ornithopter":168}],"Toy Ornithopter":5},"card_choices":[{"not_picked":["Anger","Warcry"],"picked":"Hemokinesis","floor":3},{"not_picked":["Uppercut","Armaments"],"picked":"Shockwave","floor":5},{"not_picked":["Dropkick","Headbutt"],"picked":"Flex","floor":7},{"not_picked":["Reckless Charge","Heavy Blade","Clothesline"],"picked":"SKIP","floor":11},{"not_picked":["Metallicize","Heavy Blade"],"picked":"Inflame","floor":13},{"not_picked":["Sever Soul","Twin Strike"],"picked":"Reaper","floor":14},{"not_picked":["Fiend Fire","Limit Break"],"picked":"Corruption","floor":16},{"not_picked":["Wild Strike","Flex"],"picked":"Disarm","floor":18},{"not_picked":["Armaments","True Grit","Hemokinesis"],"picked":"SKIP","floor":20},{"not_picked":["True Grit","Body Slam","Metallicize"],"picked":"SKIP","floor":21},{"not_picked":["Second Wind","Perfected Strike+1","Sever Soul"],"picked":"SKIP","floor":23},{"not_picked":["Searing Blow+1","Twin Strike"],"picked":"Evolve+1","floor":25},{"not_picked":["Cleave","Sword Boomerang","Iron Wave"],"picked":"SKIP","floor":28},{"not_picked":["Cleave","Sword Boomerang","Iron Wave"],"picked":"SKIP","floor":28},{"not_picked":["Twin Strike","Thunderclap"],"picked":"Double Tap+1","floor":29},{"not_picked":["Berserk+1","Immolate"],"picked":"Demon Form+1","floor":33},{"not_picked":["Warcry+1","Iron Wave"],"picked":"Feel No Pain+1","floor":35},{"not_picked":["Heavy Blade","Dropkick+1"],"picked":"Flame Barrier+1","floor":37},{"not_picked":["Perfected Strike","Headbutt","Iron Wave+1"],"picked":"SKIP","floor":39},{"not_picked":["Fire Breathing+1","Metallicize+1","Cleave"],"picked":"SKIP","floor":40},{"not_picked":["Clothesline","Warcry+1"],"picked":"Power Through+1","floor":41},{"not_picked":["Havoc+1","Wild Strike+1","Headbutt"],"picked":"SKIP","floor":42},{"not_picked":["Wild Strike+1","Headbutt"],"picked":"Havoc+1","floor":42},{"not_picked":["Anger+1","Perfected Strike"],"picked":"Armaments+1","floor":44},{"not_picked":["Cleave","Inflame+1"],"picked":"Exhume+1","floor":45},{"not_picked":["Pommel Strike","Clothesline","Flex+1"],"picked":"SKIP","floor":46},{"not_picked":["Pommel Strike","Clothesline","Flex+1"],"picked":"SKIP","floor":46},{"not_picked":["Blood for Blood","Battle Trance+1"],"picked":"Second Wind+1","floor":47},{"not_picked":["Heavy Blade","Wild Strike+1"],"picked":"Ghostly Armor+1","floor":48},{"not_picked":["Rupture+1","Pommel Strike","Iron Wave"],"picked":"SKIP","floor":55}],"player_experience":4630563,"relics_obtained":[{"floor":7,"key":"PreservedInsect"},{"floor":9,"key":"Pen Nib"},{"floor":11,"key":"StrikeDummy"},{"floor":13,"key":"MawBank"},{"floor":23,"key":"HornCleat"},{"floor":23,"key":"Frozen Egg 2"},{"floor":26,"key":"CaptainsWheel"},{"floor":28,"key":"WingedGreaves"},{"floor":28,"key":"Bronze Scales"},{"floor":29,"key":"Toxic Egg 2"},{"floor":29,"key":"Ornamental Fan"},{"floor":40,"key":"Letter Opener"},{"floor":40,"key":"Kunai"},{"floor":41,"key":"Calipers"},{"floor":41,"key":"Mummified Hand"},{"floor":44,"key":"Self Forming Clay"},{"floor":44,"key":"Whetstone"},{"floor":45,"key":"Champion Belt"},{"floor":47,"key":"The Courier"},{"floor":47,"key":"Blood Vial"},{"floor":55,"key":"Toy Ornithopter"},{"floor":55,"key":"Paper Frog"}],"event_choices":[{"cards_removed":["Strike_R"],"damage_healed":0,"gold_gain":0,"player_choice":"Card Removal","damage_taken":0,"max_hp_gain":0,"max_hp_loss":0,"event_name":"The Cleric","floor":4,"gold_loss":75},{"cards_removed":["Defend_R"],"damage_healed":0,"gold_gain":0,"player_choice":"Card Removal","damage_taken":7,"max_hp_gain":0,"max_hp_loss":0,"event_name":"Golden Wing","floor":12,"gold_loss":0},{"damage_healed":0,"gold_gain":0,"player_choice":"Became a Ghost","damage_taken":0,"max_hp_gain":0,"max_hp_loss":38,"event_name":"Ghosts","floor":19,"gold_loss":0,"cards_obtained":["Ghostly","Ghostly","Ghostly"]},{"cards_removed":["Strike_R"],"damage_healed":0,"gold_gain":0,"player_choice":"Removed Attack","damage_taken":0,"max_hp_gain":0,"max_hp_loss":0,"event_name":"Falling","floor":36,"gold_loss":0},{"damage_healed":0,"gold_gain":0,"player_choice":"Cursed","damage_taken":0,"max_hp_gain":0,"max_hp_loss":0,"event_name":"Wheel of Change","floor":38,"gold_loss":0,"cards_obtained":["Decay"]}],"is_beta":false,"boss_relics":[{"not_picked":["Runic Dome","SacredBark"],"picked":"Black Star"},{"not_picked":["Cursed Key","Fusion Hammer"],"picked":"Runic Pyramid"}],"items_purged_floors":[22,54],"is_endless":false,"potions_floor_spawned":[3,13,18,20,23,33,35,41,44,45,48],"ascension_level":20,"potion_discard_per_floor":[[],[],[],[],[],[],[],[],[],[],[],[],["Explosive Potion"],[],[],[],[],[],[],[],[],[],[],[],[],[],[],[],[],[],[],[],[],[],[],[],[],[],[],[],[],[],[],["SteroidPotion"],["Ancient Potion"],[],[],[],[],[],[],[],[],[],[],[],[]]}