{"neow_bonuses_skipped_log":["THREE_SMALL_POTIONS","RANDOM_COLORLESS_2","BOSS_RELIC"],"potions_obtained_entropic_brew":[[],[],[],[],[],[],[],[],[],[],[],[],[],[],[],[]],"neow_costs_skipped_log":["NONE","PERCENT_DAMAGE","NONE"],"gold_per_floor":[117,117,137,151,64,94,109,184,184,184,184,216,216,249,249,249],"floor_reached":16,"playtime":1201,"items_purged":[],"score":236,"play_id":"4a9d3279-bc3e-4687-baef-aa8d576b741c","local_time":"20221210191454","score_breakdown":["Floors Climbed (16): 80","Enemies Slain (4): 8","Exordium Elites Killed (3): 30","Bosses Slain (0): 0","Ascension (20): 118"],"is_ascension_mode":true,"potions_obtained_alchemize":[[],[],[],[],[],[],[],[],[],[],[],[],[],[],[],[]],"campfire_choices":[{"floor":11,"key":"REST"},{"data":"1","floor":13,"key":"LIFT"},{"data":"Bash","floor":15,"key":"SMITH"}],"lesson_learned_per_floor":[[],[],[],[],[],[],[],[],[],[],[],[],[],[],[],[]],"neow_cost":"NONE","improvable_cards":{},"seed_source_timestamp":21983999223826,"shop_contents":[{"floor":5,"relics":["Bronze Scales","PreservedInsect","Orrery"],"cards":["Reckless Charge","Wild Strike","True Grit","Armaments","Bandage Up","Chrysalis"],"potions":["Strength Potion","FearPotion","Weak Potion"]}],"circlet_count":0,"master_deck":["AscendersBane","Strike_R","Strike_R+1","Strike_R","Strike_R","Defend_R+1","Defend_R","Defend_R","Defend_R+1","Bash+1","Panacea","Pommel Strike","Ghostly Armor+1","Dropkick","Combust","Shrug It Off"],"potion_use_per_floor":[[],[],[],[],[],["SkillPotion"],[],[],[],[],[],["ColorlessPotion"],[],[],[],["SkillPotion"]],"relics":["Burning Blood","War Paint","InkBottle","Girya","Matryoshka"],"potions_floor_usage":[6,12,16],"damage_taken":[{"damage":9,"enemies":"Jaw Worm","floor":1,"turns":4},{"damage":1,"enemies":"Cultist","floor":3,"turns":4},{"damage":2,"enemies":"2 Louse","floor":4,"turns":4},{"damage":21,"enemies":"Lagavulin","floor":6,"turns":7},{"damage":3,"enemies":"Large Slime","floor":7,"turns":6},{"damage":22,"enemies":"Gremlin Nob","floor":12,"turns":4},{"damage":24,"enemies":"3 Sentries","floor":14,"turns":7},{"damage":18,"enemies":"Hexaghost","floor":16,"turns":9}],"seed_played":"-316712571491425740","neow_bonus_log":{"cardsObtained":[],"cardsUpgraded":[],"cardsRemoved":[],"cardsTransformed":[],"relicsObtained":[],"maxHpGained":0,"goldGained":0,"damageTaken":0,"goldLost":0,"maxHpLost":0},"potions_obtained":[{"floor":1,"key":"ColorlessPotion"},{"floor":3,"key":"SkillPotion"},{"floor":7,"key":"SkillPotion"}],"is_trial":false,"path_per_floor":["M","?","M","M","$","E","M","?","T","?","R","E","R","E","R","B"],"character_chosen":"IRONCLAD","items_purchased":["Combust"],"campfire_rested":1,"item_purchase_floors":[5],"current_hp_per_floor":[65,65,70,74,74,59,62,51,51,28,50,34,34,16,16,0],"gold":249,"neow_bonus":"RANDOM_COLORLESS","is_prod":false,"is_daily":false,"rewards_skipped":[],"chose_seed":false,"campfire_upgraded":1,"win_rate":0,"floor_exit_playtime":[165,173,239,311,380,516,609,612,615,633,638,798,804,979,984],"timestamp":1670717694,"path_taken":["M","?","M","?","$","E","M","?","T","?","R","E","R","E","R","BOSS"],"build_version":"2022-12-01","purchased_purges":0,"victory":false,"max_hp_per_floor":[75,75,75,75,75,75,75,75,75,75,75,75,75,75,75,75],"relic_stats":{"Girya":1,"Matryoshka":0,"counters":[8,45],"War Paint":["Defend_R","Ghostly Armor"],"obtain_stats":[{"Girya":12,"Matryoshka":14,"War Paint":6,"Burning Blood":0,"InkBottle":9},{"Girya":6,"Matryoshka":7,"War Paint":4,"Burning Blood":0,"InkBottle":5},{"Girya":29,"Matryoshka":36,"War Paint":19,"Burning Blood":0,"InkBottle":25}],"Burning Blood":42,"InkBottle":[6]},"card_choices":[{"not_picked":["Forethought","Deep Breath"],"picked":"Panacea","floor":0},{"not_picked":["Bloodletting","Armaments"],"picked":"Pommel Strike","floor":1},{"not_picked":["Sentinel","Pummel"],"picked":"Ghostly Armor","floor":3},{"not_picked":["Shrug It Off","Cleave"],"picked":"Dropkick","floor":4},{"not_picked":["Rage","Cleave"],"picked":"Shrug It Off","floor":6},{"not_picked":["Fire Breathing","Clothesline","Burning Pact"],"picked":"SKIP","floor":7},{"not_picked":["Iron Wave","Cleave","Perfected Strike"],"picked":"SKIP","floor":12},{"not_picked":["Cleave","Dual Wield","Heavy Blade"],"picked":"SKIP","floor":14}],"player_experience":4687220,"relics_obtained":[{"floor":6,"key":"War Paint"},{"floor":9,"key":"InkBottle"},{"floor":12,"key":"Girya"},{"floor":14,"key":"Matryoshka"}],"event_choices":[{"cards_removed":["Strike_R"],"damage_healed":0,"gold_gain":0,"player_choice":"Purged","damage_taken":0,"max_hp_gain":0,"max_hp_loss":0,"event_name":"Purifier","floor":2,"gold_loss":0},{"damage_healed":0,"gold_gain":75,"player_choice":"Gather Gold","damage_taken":11,"max_hp_gain":0,"max_hp_loss":0,"event_name":"World of Goop","floor":8,"gold_loss":0},{"damage_healed":0,"gold_gain":0,"player_choice":"Entered Light","damage_taken":23,"max_hp_gain":0,"max_hp_loss":0,"event_name":"Shining Light","floor":10,"gold_loss":0,"cards_upgraded":["Strike_R","Defend_R"]}],"is_beta":false,"boss_relics":[],"items_purged_floors":[],"is_endless":false,"potions_floor_spawned":[1,3,7],"killed_by":"Hexaghost","ascension_level":20,"potion_discard_per_floor":[[],[],[],[],[],[],[],[],[],[],[],[],[],[],[],[]]}