{"neow_bonuses_skipped_log":["RANDOM_COLORLESS","RANDOM_COMMON_RELIC","BOSS_RELIC"],"neow_costs_skipped_log":["NONE","NONE","NONE"],"potions_obtained_entropic_brew":[[],[],[],[],[],[],[],[],[],[],[],[],[],[],[],[],[],[],[],[],[],[],[],[],[],[],[],[],[],[],[],[],[],[],[],[],[],[],[],[],[],[],[],[],[],[],[],[],[],[],[],[],[],[],[],[],[]],"gold_per_floor":[114,132,132,146,159,184,184,209,209,233,233,22,36,56,56,135,135,147,147,164,74,11,11,46,46,46,58,76,110,110,123,123,202,202,216,56,56,56,56,89,137,163,186,205,205,230,230,255,255,255,255,255,255,39,69,69],"floor_reached":57,"playtime":3943,"items_purged":["Strike_R"],"score":3072,"play_id":"4ebd0ccf-288d-43be-ba0d-d9f089086f00","local_time":"20221216175654","falling_options_log":["Burning Pact+1","Dark Embrace+1"],"score_breakdown":["Floors Climbed (57): 285","Enemies Slain (13): 26","Exordium Elites Killed (2): 20","City Elites Killed (2): 40","Beyond Elites Killed (3): 90","Bosses Slain (5): 750","Mystery Machine (15): 25","Librarian: 25","Champion (2): 50","Perfect (2): 100","C-c-c-combo: 25","Ascension (20): 1386","Heartbreaker: 250"],"is_ascension_mode":true,"potions_obtained_alchemize":[[],[],[],[],[],[],[],[],[],[],[],[],[],[],[],[],[],[],[],[],[],[],[],[],[],[],[],[],[],[],[],[],[],[],[],[],[],[],[],[],[],[],[],[],[],[],[],[],[],[],[],[],[],[],[],[],[]],"campfire_choices":[{"data":"Whirlwind","floor":7,"key":"SMITH"},{"data":"Dark Embrace","floor":11,"key":"SMITH"},{"floor":15,"key":"REST"},{"data":"Fiend Fire","floor":23,"key":"SMITH"},{"data":"Immolate","floor":25,"key":"SMITH"},{"data":"Shockwave","floor":32,"key":"SMITH"},{"floor":45,"key":"RECALL"},{"data":"1","floor":49,"key":"LIFT"},{"data":"Offering","floor":53,"key":"SMITH"}],"lesson_learned_per_floor":[[],[],[],[],[],[],[],[],[],[],[],[],[],[],[],[],[],[],[],[],[],[],[],[],[],[],[],[],[],[],[],[],[],[],[],[],[],[],[],[],[],[],[],[],[],[],[],[],[],[],[],[],[],[],[],[],[]],"neow_cost":"TEN_PERCENT_HP_LOSS","improvable_cards":{},"seed_source_timestamp":10177029521419,"shop_contents":[{"floor":12,"relics":["Anchor","Mercury Hourglass"],"cards":["Whirlwind","Heavy Blade","Infernal Blade+1","Havoc+1","Fire Breathing","Jack Of All Trades+1","Magnetism"],"potions":["PowerPotion","ElixirPotion"]},{"floor":21,"relics":["Pear","War Paint","TheAbacus"],"cards":["Iron Wave","Sword Boomerang","Flame Barrier+1","Flex+1","Metallicize","The Bomb+1"],"potions":["GamblersBrew","Energy Potion","ColorlessPotion"]},{"floor":36,"relics":["PreservedInsect","Vajra","Frozen Eye"],"cards":["Headbutt","Immolate","True Grit+1","Dark Embrace","Purity+1","Secret Technique+1"],"potions":["SkillPotion","GamblersBrew","Fire Potion"]},{"floor":38,"relics":["Strawberry","Bottled Tornado","Sling"],"cards":["Thunderclap","Cleave","Battle Trance+1","Warcry+1","Dark Embrace","Swift Strike","Transmutation+1"],"potions":["BlessingOfTheForge","SpeedPotion","SneckoOil"]},{"floor":54,"relics":["Sundial","Gremlin Horn","Brimstone"],"cards":["Rampage","Searing Blow","Flex+1","Enlightenment+1","Metamorphosis+1"],"potions":["Strength Potion","Dexterity Potion","EntropicBrew"]}],"circlet_count":0,"master_deck":["AscendersBane","Strike_R","Strike_R","Defend_R","Defend_R","Defend_R","Defend_R","Bash","Anger","Uppercut+1","Offering+1","Shockwave+1","Dark Embrace+1","Whirlwind+1","Offering+1","Rage+1","Armaments+1","Fiend Fire+1","Warcry+1","True Grit+1","Dark Shackles+1","Immolate+1","Disarm+1","Shrug It Off+1","Ghostly+1","Ghostly+1","Ghostly+1","Offering+1","Burning Pact+1","Exhume+1","Shrug It Off+1","Havoc+1","Battle Trance+1","Feel No Pain","Warcry+1"],"potion_use_per_floor":[[],[],[],[],[],[],[],["GamblersBrew"],[],[],[],[],[],[],[],["Strength Potion"],[],[],[],[],[],[],[],[],[],[],[],[],[],[],[],[],[],[],[],[],[],[],[],[],[],[],[],[],[],[],[],[],[],[],[],[],[],[],[],["GamblersBrew"],[]],"relics":["Burning Blood","Bird Faced Urn","Paper Frog","Dead Branch","Toxic Egg 2","Omamori","DollysMirror","Coffee Dripper","Pantograph","Juzu Bracelet","Meat on the Bone","Lantern","Black Star","Boot","StoneCalendar","Nunchaku","Charon\u0027s Ashes","Girya","Art of War","Gambling Chip","Red Skull","Self Forming Clay"],"potions_floor_usage":[8,16,56],"damage_taken":[{"damage":14,"enemies":"Jaw Worm","floor":1,"turns":4},{"damage":12,"enemies":"Cultist","floor":2,"turns":4},{"damage":3,"enemies":"2 Louse","floor":4,"turns":2},{"damage":10,"enemies":"Exordium Thugs","floor":5,"turns":4},{"damage":36,"enemies":"3 Sentries","floor":6,"turns":5},{"damage":12,"enemies":"Gremlin Nob","floor":8,"turns":3},{"damage":0,"enemies":"3 Louse","floor":13,"turns":1},{"damage":15,"enemies":"Gremlin Gang","floor":14,"turns":3},{"damage":12,"enemies":"Slime Boss","floor":16,"turns":4},{"damage":1,"enemies":"Chosen","floor":18,"turns":2},{"damage":8,"enemies":"2 Thieves","floor":20,"turns":2},{"damage":27,"enemies":"Book of Stabbing","floor":24,"turns":4},{"damage":18,"enemies":"Cultist and Chosen","floor":27,"turns":4},{"damage":0,"enemies":"Centurion and Healer","floor":28,"turns":27},{"damage":6,"enemies":"Gremlin Leader","floor":29,"turns":4},{"damage":7,"enemies":"3 Cultists","floor":31,"turns":3},{"damage":8,"enemies":"Collector","floor":33,"turns":4},{"damage":14,"enemies":"3 Shapes","floor":35,"turns":4},{"damage":9,"enemies":"Giant Head","floor":40,"turns":4},{"damage":8,"enemies":"2 Orb Walkers","floor":41,"turns":3},{"damage":11,"enemies":"Reptomancer","floor":42,"turns":6},{"damage":3,"enemies":"Orb Walker","floor":44,"turns":2},{"damage":2,"enemies":"Mind Bloom Boss Battle","floor":46,"turns":2},{"damage":11,"enemies":"Nemesis","floor":48,"turns":4},{"damage":5,"enemies":"Donu and Deca","floor":50,"turns":2},{"damage":23,"enemies":"Time Eater","floor":51,"turns":7},{"damage":6,"enemies":"Shield and Spear","floor":55,"turns":2},{"damage":30,"enemies":"The Heart","floor":56,"turns":5}],"green_key_taken_log":29,"seed_played":"2371726881144404321","neow_bonus_log":{"cardsObtained":[],"cardsUpgraded":[],"cardsRemoved":[],"cardsTransformed":[],"relicsObtained":["Bird Faced Urn"],"maxHpGained":0,"goldGained":0,"damageTaken":0,"goldLost":0,"maxHpLost":7},"potions_obtained":[{"floor":1,"key":"ColorlessPotion"},{"floor":2,"key":"GamblersBrew"},{"floor":13,"key":"Energy Potion"},{"floor":19,"key":"Dexterity Potion"},{"floor":20,"key":"SteroidPotion"},{"floor":31,"key":"Swift Potion"},{"floor":42,"key":"GamblersBrew"}],"is_trial":false,"path_per_floor":["M","M","?","M","M","E","R","E","T","T","R","$","M","M","R","B",null,"M","?","M","$","?","R","E","R","T","M","M","E","?","M","R","B",null,"M","$","?","$","?","E","?","E","T","M","R","?","?","E","R","B","B",null,"R","$","E","B",null],"character_chosen":"IRONCLAD","items_purchased":["DollysMirror","Strength Potion","Dark Shackles+1","Exhume+1","Feel No Pain","Warcry+1"],"campfire_rested":1,"item_purchase_floors":[12,12,21,36,54,54],"current_hp_per_floor":[60,54,54,57,53,25,25,19,19,19,19,19,27,18,38,36,60,67,67,65,65,65,65,49,49,49,51,68,68,34,34,34,34,34,30,30,30,30,30,34,34,32,32,34,34,34,34,34,34,34,30,33,33,33,34,28],"gold":69,"neow_bonus":"ONE_RARE_RELIC","is_prod":false,"is_daily":false,"rewards_skipped":[{"floor":5,"relics":[],"potions":["Weak Potion"]},{"floor":14,"relics":[],"potions":["PowerPotion"]},{"floor":19,"relics":[],"potions":["LiquidBronze"]},{"floor":29,"relics":[],"potions":["GamblersBrew"]},{"floor":33,"relics":[],"potions":["Energy Potion"]},{"floor":40,"relics":["Bottled Flame"],"potions":[]},{"floor":44,"relics":[],"potions":["PowerPotion"]},{"floor":48,"relics":[],"potions":["SpeedPotion"]},{"floor":55,"relics":[],"potions":["Block Potion"]}],"chose_seed":false,"campfire_upgraded":6,"win_rate":0,"floor_exit_playtime":[158,197,215,262,323,488,496,553,561,565,586,610,655,726,741,791,853,924,928,982,999,1004,1009,1119,1137,1140,1222,1554,1662,1836,1923,1942,2135,2280,2382,2448,2461,2483,2495,2695,2755,2915,2919,2981,2985,3061,3065,3178,3185,3309,3546,3558,3565,3586,3696,3943],"timestamp":1671231414,"blue_key_relic_skipped_log":{"floor":43,"relicID":"Ancient Tea Set"},"path_taken":["M","M","?","M","?","E","R","E","T","?","R","?","M","?","R","BOSS","M","?","M","?","?","R","E","R","T","M","M","E","?","M","R","BOSS","M","$","?","?","?","E","?","E","T","M","R","?","?","E","R","BOSS","BOSS","R","$","E","BOSS"],"build_version":"2022-12-01","purchased_purges":1,"victory":true,"max_hp_per_floor":[68,68,68,68,68,68,68,68,68,68,68,68,68,68,68,68,68,68,68,68,68,68,68,68,68,68,68,68,68,34,34,34,34,34,34,34,34,34,34,34,34,34,34,34,34,34,34,34,34,34,34,34,34,34,34,34],"relic_stats":{"Girya":1,"counters":[28,121],"Self Forming Clay":[42],"Dead Branch":[431],"StoneCalendar":[0],"Charon\u0027s Ashes":[786],"Omamori":0,"Juzu Bracelet":2,"Boot":[58],"Burning Blood":145,"Nunchaku":[5],"Bird Faced Urn":[101],"Pantograph":0,"Gambling Chip":[22],"Black Star":4,"Art of War":[3],"obtain_stats":[{"Girya":46,"Lantern":29,"Self Forming Clay":55,"Dead Branch":8,"StoneCalendar":41,"Charon\u0027s Ashes":42,"Omamori":10,"Juzu Bracelet":24,"Boot":40,"Burning Blood":0,"Nunchaku":42,"DollysMirror":12,"Bird Faced Urn":0,"Pantograph":22,"Gambling Chip":48,"Coffee Dripper":17,"Black Star":34,"Art of War":48,"Toxic Egg 2":9,"Red Skull":55,"Paper Frog":6,"Meat on the Bone":26},{"Girya":23,"Lantern":15,"Self Forming Clay":27,"Dead Branch":6,"StoneCalendar":20,"Charon\u0027s Ashes":21,"Omamori":6,"Juzu Bracelet":12,"Boot":19,"Burning Blood":0,"Nunchaku":21,"DollysMirror":6,"Bird Faced Urn":0,"Pantograph":11,"Gambling Chip":24,"Coffee Dripper":9,"Black Star":17,"Art of War":24,"Toxic Egg 2":6,"Red Skull":27,"Paper Frog":5,"Meat on the Bone":12},{"Girya":101,"Lantern":73,"Self Forming Clay":116,"Dead Branch":22,"StoneCalendar":91,"Charon\u0027s Ashes":97,"Omamori":22,"Juzu Bracelet":38,"Boot":88,"Burning Blood":0,"Nunchaku":97,"DollysMirror":22,"Bird Faced Urn":0,"Pantograph":34,"Gambling Chip":105,"Coffee Dripper":30,"Black Star":80,"Art of War":105,"Toxic Egg 2":22,"Red Skull":116,"Paper Frog":19,"Meat on the Bone":38}],"Meat on the Bone":12},"card_choices":[{"not_picked":["Power Through","Rampage"],"picked":"Anger","floor":1},{"not_picked":["True Grit","Anger"],"picked":"Uppercut","floor":2},{"not_picked":["Battle Trance","Entrench"],"picked":"Shockwave","floor":4},{"not_picked":["Flame Barrier","Clothesline"],"picked":"Dark Embrace","floor":5},{"not_picked":["Pummel","Flex"],"picked":"Whirlwind","floor":6},{"not_picked":["Dark Embrace","Combust","Uppercut"],"picked":"SKIP","floor":8},{"not_picked":["Dark Embrace","Combust","Uppercut"],"picked":"SKIP","floor":8},{"not_picked":["Entrench+1","Metallicize"],"picked":"Rage+1","floor":13},{"not_picked":["Rage+1","Intimidate+1"],"picked":"Armaments+1","floor":14},{"not_picked":["Juggernaut","Brutality"],"picked":"Fiend Fire","floor":16},{"not_picked":["Metallicize","Perfected Strike+1"],"picked":"Warcry+1","floor":18},{"not_picked":["Rage+1","Rampage"],"picked":"True Grit+1","floor":20},{"not_picked":["Rage+1","Body Slam"],"picked":"Immolate","floor":24},{"not_picked":["Body Slam","Armaments+1","Rupture"],"picked":"SKIP","floor":27},{"not_picked":["Flex+1","Perfected Strike"],"picked":"Disarm+1","floor":28},{"not_picked":["Perfected Strike+1","Entrench+1"],"picked":"Shrug It Off+1","floor":29},{"not_picked":["Combust","Sword Boomerang"],"picked":"Offering+1","floor":31},{"not_picked":["Anger+1","Whirlwind"],"picked":"Burning Pact+1","floor":35},{"not_picked":["Perfected Strike+1","Headbutt","Cleave"],"picked":"SKIP","floor":40},{"not_picked":["Twin Strike","Pummel"],"picked":"Shrug It Off+1","floor":41},{"not_picked":["Headbutt","Reaper","Carnage"],"picked":"SKIP","floor":42},{"not_picked":["Armaments+1","Wild Strike"],"picked":"Havoc+1","floor":44},{"not_picked":["Pummel","Intimidate+1"],"picked":"Battle Trance+1","floor":46},{"not_picked":["Ghostly Armor+1","Sword Boomerang+1","Wild Strike"],"picked":"SKIP","floor":48},{"not_picked":["Combust+1","Clash","Headbutt"],"picked":"SKIP","floor":55}],"player_experience":4745291,"relics_obtained":[{"floor":6,"key":"Paper Frog"},{"floor":8,"key":"Dead Branch"},{"floor":9,"key":"Toxic Egg 2"},{"floor":10,"key":"Omamori"},{"floor":24,"key":"Juzu Bracelet"},{"floor":26,"key":"Meat on the Bone"},{"floor":29,"key":"Lantern"},{"floor":40,"key":"Boot"},{"floor":41,"key":"StoneCalendar"},{"floor":42,"key":"Nunchaku"},{"floor":42,"key":"Charon\u0027s Ashes"},{"floor":46,"key":"Girya"},{"floor":48,"key":"Art of War"},{"floor":48,"key":"Gambling Chip"},{"floor":55,"key":"Red Skull"},{"floor":55,"key":"Self Forming Clay"}],"event_choices":[{"damage_healed":0,"gold_gain":0,"player_choice":"1 cards matched","damage_taken":0,"max_hp_gain":0,"max_hp_loss":0,"event_name":"Match and Keep!","floor":3,"gold_loss":0,"cards_obtained":["Offering"]},{"damage_healed":0,"gold_gain":0,"player_choice":"Got Potions","damage_taken":0,"max_hp_gain":0,"max_hp_loss":0,"event_name":"Lab","floor":19,"gold_loss":0},{"damage_healed":0,"gold_gain":0,"player_choice":"Paid Gold","damage_taken":0,"relics_obtained":["Pantograph"],"max_hp_gain":0,"max_hp_loss":0,"event_name":"WeMeetAgain","floor":22,"gold_loss":63},{"damage_healed":0,"gold_gain":0,"player_choice":"Became a Ghost","damage_taken":0,"max_hp_gain":0,"max_hp_loss":34,"event_name":"Ghosts","floor":30,"gold_loss":0,"cards_obtained":["Ghostly","Ghostly","Ghostly"]},{"cards_removed":["Strike_R"],"damage_healed":0,"gold_gain":0,"player_choice":"Purged","damage_taken":0,"max_hp_gain":0,"max_hp_loss":0,"event_name":"Purifier","floor":37,"gold_loss":0},{"damage_healed":0,"gold_gain":0,"player_choice":"Upgraded","damage_taken":0,"max_hp_gain":0,"max_hp_loss":0,"event_name":"Upgrade Shrine","floor":39,"gold_loss":0,"cards_upgraded":["Uppercut"]},{"damage_healed":0,"gold_gain":0,"player_choice":"Fight","damage_taken":0,"max_hp_gain":0,"max_hp_loss":0,"event_name":"Mysterious Sphere","floor":41,"gold_loss":0},{"damage_healed":0,"gold_gain":0,"player_choice":"Fight","damage_taken":0,"max_hp_gain":0,"max_hp_loss":0,"event_name":"MindBloom","floor":46,"gold_loss":0},{"cards_removed":["Strike_R"],"damage_healed":0,"gold_gain":0,"player_choice":"Removed Attack","damage_taken":0,"max_hp_gain":0,"max_hp_loss":0,"event_name":"Falling","floor":47,"gold_loss":0}],"is_beta":false,"boss_relics":[{"not_picked":["SlaversCollar","Mark of Pain"],"picked":"Coffee Dripper"},{"not_picked":["Runic Cube","Runic Dome"],"picked":"Black Star"}],"items_purged_floors":[54],"is_endless":false,"potions_floor_spawned":[1,2,5,13,14,20,29,31,33,42,44,48,55],"ascension_level":20,"potion_discard_per_floor":[[],[],[],[],[],[],[],[],[],[],[],[],["ColorlessPotion"],[],[],[],[],[],[],["Dexterity Potion"],[],[],[],[],[],[],[],[],[],[],["SteroidPotion"],[],[],[],[],[],[],[],[],[],[],["Energy Potion"],[],[],[],[],[],[],[],[],[],[],[],[],[],[],[]]}