{"neow_bonuses_skipped_log":["TRANSFORM_CARD","TEN_PERCENT_HP_BONUS","BOSS_RELIC"],"potions_obtained_entropic_brew":[[],[],[],[],[],[],[],[],[],[],[],[],[],[],[],[]],"neow_costs_skipped_log":["NONE","NONE","NONE"],"gold_per_floor":[413,488,63,63,99,126,22,47,47,197,29,29,29,69,69,69],"floor_reached":16,"playtime":2030,"items_purged":[],"score":212,"play_id":"d52fda06-fee1-4da1-9661-ba2d8cd488de","local_time":"20221217173554","score_breakdown":["Floors Climbed (16): 80","Enemies Slain (3): 6","Exordium Elites Killed (2): 20","Bosses Slain (0): 0","Ascension (20): 106"],"is_ascension_mode":true,"potions_obtained_alchemize":[[],[],[],[],[],[],[],[],[],[],[],[],[],[],[],[]],"campfire_choices":[{"data":"Bash","floor":12,"key":"SMITH"},{"data":"Armaments","floor":15,"key":"SMITH"}],"lesson_learned_per_floor":[[],[],[],[],[],[],[],[],[],[],[],[],[],[],[],[]],"neow_cost":"TEN_PERCENT_HP_LOSS","improvable_cards":{},"seed_source_timestamp":11469348248336,"shop_contents":[{"floor":3,"relics":["Dream Catcher","Singing Bowl"],"cards":["Body Slam","Clothesline","Shrug It Off","Armaments","Rupture","Purity"],"potions":["GamblersBrew","LiquidMemories"]},{"floor":7,"relics":["Boot","Whetstone","Chemical X"],"cards":["Cleave","True Grit","Armaments","Evolve","Trip","Chrysalis"],"potions":["PowerPotion","ElixirPotion"]},{"floor":11,"relics":["Potion Belt","OrangePellets"],"cards":["Pommel Strike","Headbutt","Shrug It Off","Offering","Evolve","Discovery","Mayhem"],"potions":["Energy Potion","SpeedPotion","Weak Potion"]}],"circlet_count":0,"master_deck":["AscendersBane","Strike_R","Strike_R","Strike_R","Strike_R","Strike_R","Defend_R","Defend_R","Defend_R","Defend_R","Bash+1","Pummel","HandOfGreed","Pommel Strike","Impervious","Anger","Reaper","Doubt","Armaments+1"],"potion_use_per_floor":[[],[],[],[],[],["SkillPotion"],[],["AttackPotion","Explosive Potion"],[],[],[],[],[],[],[],["BlessingOfTheForge","LiquidBronze"]],"relics":["Burning Blood","Old Coin","Frozen Eye","Turnip","Charon\u0027s Ashes","Question Card","Red Skull"],"potions_floor_usage":[6,8,8,16,16],"damage_taken":[{"damage":11,"enemies":"Jaw Worm","floor":1,"turns":5},{"damage":7,"enemies":"Small Slimes","floor":5,"turns":4},{"damage":30,"enemies":"Lagavulin","floor":6,"turns":7},{"damage":8,"enemies":"Gremlin Nob","floor":8,"turns":3},{"damage":0,"enemies":"2 Louse","floor":14,"turns":3},{"damage":55,"enemies":"Hexaghost","floor":16,"turns":7}],"green_key_taken_log":8,"seed_played":"-7111520147333926058","neow_bonus_log":{"cardsObtained":[],"cardsUpgraded":[],"cardsRemoved":[],"cardsTransformed":[],"relicsObtained":["Old Coin"],"maxHpGained":0,"goldGained":0,"damageTaken":0,"goldLost":0,"maxHpLost":7},"potions_obtained":[{"floor":5,"key":"Explosive Potion"},{"floor":8,"key":"LiquidBronze"},{"floor":13,"key":"BlessingOfTheForge"}],"is_trial":false,"path_per_floor":["M","?","$","?","M","E","$","E","T","?","$","R","?","M","R","B"],"character_chosen":"IRONCLAD","items_purchased":["HandOfGreed","Frozen Eye","SkillPotion","AttackPotion","Anger","Red Skull"],"campfire_rested":0,"item_purchase_floors":[3,3,3,7,7,11],"current_hp_per_floor":[63,52,52,68,67,43,43,41,41,41,41,41,41,47,47,0],"gold":69,"neow_bonus":"ONE_RARE_RELIC","is_prod":false,"is_daily":false,"rewards_skipped":[{"floor":13,"relics":[],"potions":["SmokeBomb"]},{"floor":14,"relics":[],"potions":["BlessingOfTheForge"]}],"chose_seed":false,"campfire_upgraded":2,"win_rate":0,"floor_exit_playtime":[210,214,277,283,378,533,567,888,957,993,1044,1051,1055,1276,1283],"timestamp":1671316554,"path_taken":["M","?","$","?","M","E","$","E","T","?","$","R","?","M","R","BOSS"],"build_version":"2022-12-01","purchased_purges":0,"victory":false,"max_hp_per_floor":[68,68,68,68,68,68,68,68,68,68,68,68,68,68,68,68],"relic_stats":{"Frozen Eye":546.0456,"counters":[6,29],"Turnip":[0],"Charon\u0027s Ashes":[9],"Question Card":1,"obtain_stats":[{"Frozen Eye":3,"Turnip":6,"Charon\u0027s Ashes":8,"Question Card":9,"Burning Blood":0,"Red Skull":11,"Old Coin":0},{"Frozen Eye":1,"Turnip":3,"Charon\u0027s Ashes":4,"Question Card":4,"Burning Blood":0,"Red Skull":4,"Old Coin":0},{"Frozen Eye":5,"Turnip":16,"Charon\u0027s Ashes":19,"Question Card":19,"Burning Blood":0,"Red Skull":19,"Old Coin":0}],"Burning Blood":30},"card_choices":[{"not_picked":["Warcry","Wild Strike"],"picked":"Pummel","floor":1},{"not_picked":["Flex","Dual Wield"],"picked":"Pommel Strike","floor":5},{"not_picked":["Warcry","Clothesline"],"picked":"Impervious","floor":6},{"not_picked":["Flex","True Grit"],"picked":"Reaper","floor":8},{"not_picked":["Headbutt","Pommel Strike","Perfected Strike"],"picked":"Armaments","floor":14}],"player_experience":4758105,"relics_obtained":[{"floor":6,"key":"Turnip"},{"floor":8,"key":"Charon\u0027s Ashes"},{"floor":9,"key":"Question Card"}],"event_choices":[{"damage_healed":0,"gold_gain":75,"player_choice":"Gather Gold","damage_taken":11,"max_hp_gain":0,"max_hp_loss":0,"event_name":"World of Goop","floor":2,"gold_loss":0},{"damage_healed":22,"gold_gain":0,"player_choice":"Banana","damage_taken":0,"max_hp_gain":0,"max_hp_loss":0,"event_name":"Big Fish","floor":4,"gold_loss":0},{"damage_healed":0,"gold_gain":150,"player_choice":"AGREE","damage_taken":0,"max_hp_gain":0,"max_hp_loss":0,"event_name":"Liars Game","floor":10,"gold_loss":0,"cards_obtained":["Doubt"]},{"damage_healed":0,"gold_gain":0,"player_choice":"Got Potions","damage_taken":0,"max_hp_gain":0,"max_hp_loss":0,"event_name":"Lab","floor":13,"gold_loss":0}],"is_beta":false,"boss_relics":[],"items_purged_floors":[],"is_endless":false,"potions_floor_spawned":[5,8,14],"killed_by":"Hexaghost","ascension_level":20,"potion_discard_per_floor":[[],[],[],[],[],[],[],[],[],[],[],[],[],[],[],[]]}