{"neow_bonuses_skipped_log":["TRANSFORM_CARD","ONE_RARE_RELIC","BOSS_RELIC"],"potions_obtained_entropic_brew":[[],[],[],[],[],[],[],[],[],[],[],[],[],[],[],[],[],[],[],[],[],[],[],[],[],[],[],[],[],[],[],[],[],[],[],[],[],[],[],[],[],[],[],[],[],[],[],[],[],[],[],[],[],[],[],[],[]],"neow_costs_skipped_log":["NONE","CURSE","NONE"],"gold_per_floor":[217,231,59,76,95,95,122,122,122,122,156,156,175,207,207,279,279,297,39,59,79,95,95,95,125,150,162,185,232,244,288,300,391,403,427,439,470,496,522,564,576,617,629,674,686,708,477,489,489,489,489,489,489,36,62,62],"floor_reached":57,"playtime":6728,"items_purged":["Strike_R","Strike_R"],"score":2894,"play_id":"a988bb7d-43e3-4a03-b66e-73a68a5edb4b","local_time":"20221222133057","score_breakdown":["Floors Climbed (57): 285","Enemies Slain (16): 32","Exordium Elites Killed (3): 30","City Elites Killed (3): 60","Beyond Elites Killed (3): 90","Bosses Slain (5): 750","Money Money (1089): 25","Collector (1): 25","Librarian: 25","Well Fed: 25","C-c-c-combo: 25","Ascension (20): 1272","Heartbreaker: 250"],"is_ascension_mode":true,"potions_obtained_alchemize":[[],[],[],[],[],[],[],[],[],[],[],[],[],[],[],[],[],[],[],[],[],[],[],[],[],[],[],[],[],[],[],[],[],[],[],[],[],[],[],[],[],[],[],[],[],[],[],[],[],[],[],[],[],[],[],[],[]],"campfire_choices":[{"data":"Whirlwind","floor":6,"key":"SMITH"},{"data":"Bash","floor":8,"key":"SMITH"},{"data":"Dramatic Entrance","floor":12,"key":"SMITH"},{"data":"Flex","floor":15,"key":"SMITH"},{"data":"Fiend Fire","floor":23,"key":"SMITH"},{"data":"Dark Embrace","floor":27,"key":"SMITH"},{"data":"Ghostly","floor":32,"key":"SMITH"},{"data":"Armaments","floor":41,"key":"SMITH"},{"floor":45,"key":"RECALL"},{"data":"Ghostly","floor":49,"key":"SMITH"},{"floor":53,"key":"REST"}],"lesson_learned_per_floor":[[],[],[],[],[],[],[],[],[],[],[],[],[],[],[],[],[],[],[],[],[],[],[],[],[],[],[],[],[],[],[],[],[],[],[],[],[],[],[],[],[],[],[],[],[],[],[],[],[],[],[],[],[],[],[],[],[]],"neow_cost":"NONE","improvable_cards":{},"seed_source_timestamp":2779632686059,"shop_contents":[{"floor":3,"relics":["Meat on the Bone","Pantograph","OrangePellets"],"cards":["Dropkick","Sentinel","Disarm","Dark Embrace","Mayhem"],"potions":["DuplicationPotion","Ancient Potion","LiquidBronze"]},{"floor":19,"relics":["Art of War","Pocketwatch"],"cards":["Rampage","Searing Blow","Battle Trance","True Grit","Panacea","Chrysalis"],"potions":["Weak Potion","PowerPotion","Fruit Juice"]},{"floor":47,"relics":["StrikeDummy","CeramicFish"],"cards":["Clash","Carnage","Fire Breathing","Purity","Magnetism"],"potions":["SteroidPotion","Ancient Potion","DuplicationPotion"]},{"floor":54,"relics":[],"cards":["Twin Strike","Warcry","Combust","Magnetism"],"potions":["LiquidBronze","Fire Potion","Fire Potion"]}],"circlet_count":0,"master_deck":["AscendersBane","Strike_R","Strike_R","Defend_R","Defend_R","Defend_R","Defend_R","Bash+1","Twin Strike","Whirlwind+1","Dramatic Entrance+1","Anger","Evolve","Impervious","Flex+1","Disarm","Fiend Fire+1","Sword Boomerang+1","Dark Embrace+1","Burning Pact+1","Iron Wave+1","Pommel Strike","Feed+1","Ghostly","Ghostly+1","Ghostly+1","Bloodletting","Exhume","Shrug It Off","Armaments+1","Corruption","Spot Weakness","Shrug It Off","Seeing Red","Shrug It Off","Dark Shackles","Shrug It Off","Body Slam"],"potion_use_per_floor":[[],[],[],[],[],[],[],[],[],[],[],[],[],[],[],[],[],[],[],[],[],[],[],[],["Strength Potion"],[],[],[],["HeartOfIron"],[],["BlessingOfTheForge"],[],["Ancient Potion"],[],[],[],[],[],[],[],[],["BloodPotion"],[],[],[],[],[],[],[],[],[],[],[],[],[],["Ancient Potion","Ancient Potion"],[]],"relics":["Burning Blood","Letter Opener","HornCleat","Pear","Lantern","Runic Pyramid","Frozen Eye","Matryoshka","MawBank","Bag of Marbles","Darkstone Periapt","Bag of Preparation","SlaversCollar","Self Forming Clay","TungstenRod","PreservedInsect","Ancient Tea Set","Membership Card","Toolbox","Akabeko","White Beast Statue","Anchor"],"potions_floor_usage":[25,29,31,33,42,56,56],"damage_taken":[{"damage":6,"enemies":"Cultist","floor":1,"turns":3},{"damage":15,"enemies":"Small Slimes","floor":2,"turns":3},{"damage":7,"enemies":"Jaw Worm","floor":4,"turns":3},{"damage":18,"enemies":"Red Slaver","floor":5,"turns":4},{"damage":32,"enemies":"Gremlin Nob","floor":7,"turns":4},{"damage":10,"enemies":"3 Sentries","floor":11,"turns":5},{"damage":3,"enemies":"Blue Slaver","floor":13,"turns":3},{"damage":11,"enemies":"Lagavulin","floor":14,"turns":5},{"damage":2,"enemies":"Slime Boss","floor":16,"turns":8},{"damage":0,"enemies":"Spheric Guardian","floor":18,"turns":2},{"damage":0,"enemies":"Chosen","floor":20,"turns":3},{"damage":0,"enemies":"3 Cultists","floor":21,"turns":3},{"damage":13,"enemies":"Sentry and Sphere","floor":22,"turns":4},{"damage":41,"enemies":"Slavers","floor":25,"turns":5},{"damage":23,"enemies":"Shelled Parasite and Fungi","floor":28,"turns":3},{"damage":9,"enemies":"Book of Stabbing","floor":29,"turns":4},{"damage":2,"enemies":"Gremlin Leader","floor":31,"turns":9},{"damage":16,"enemies":"Champ","floor":33,"turns":12},{"damage":3,"enemies":"3 Darklings","floor":35,"turns":6},{"damage":0,"enemies":"3 Shapes","floor":37,"turns":4},{"damage":4,"enemies":"3 Darklings","floor":38,"turns":6},{"damage":1,"enemies":"4 Shapes","floor":39,"turns":10},{"damage":11,"enemies":"Reptomancer","floor":40,"turns":6},{"damage":16,"enemies":"Giant Head","floor":42,"turns":8},{"damage":12,"enemies":"Nemesis","floor":44,"turns":7},{"damage":0,"enemies":"Jaw Worm Horde","floor":46,"turns":6},{"damage":9,"enemies":"Writhing Mass","floor":48,"turns":8},{"damage":22,"enemies":"Donu and Deca","floor":50,"turns":8},{"damage":48,"enemies":"Time Eater","floor":51,"turns":11},{"damage":3,"enemies":"Shield and Spear","floor":55,"turns":3},{"damage":18,"enemies":"The Heart","floor":56,"turns":10}],"green_key_taken_log":29,"seed_played":"8869170787050124593","neow_bonus_log":{"cardsObtained":[],"cardsUpgraded":[],"cardsRemoved":[],"cardsTransformed":[],"relicsObtained":[],"maxHpGained":0,"goldGained":100,"damageTaken":0,"goldLost":0,"maxHpLost":0},"potions_obtained":[{"floor":7,"key":"AttackPotion"},{"floor":13,"key":"HeartOfIron"},{"floor":16,"key":"Swift Potion"},{"floor":18,"key":"Strength Potion"},{"floor":25,"key":"BlessingOfTheForge"},{"floor":31,"key":"Ancient Potion"},{"floor":35,"key":"SkillPotion"},{"floor":37,"key":"Ancient Potion"},{"floor":40,"key":"BloodPotion"},{"floor":42,"key":"Ancient Potion"}],"is_trial":false,"path_per_floor":["M","M","$","M","M","R","E","R","T","?","E","R","M","E","R","B",null,"M","$","M","M","M","R","?","E","T","R","M","E","?","E","R","B",null,"M","?","M","M","M","E","R","E","T","E","R","M","$","M","R","B","B",null,"R","$","E","B",null],"character_chosen":"IRONCLAD","items_purchased":["Whirlwind","Dramatic Entrance","Frozen Eye","Dark Embrace","Membership Card","Shrug It Off","Seeing Red","Toolbox","Akabeko","Dark Shackles","Shrug It Off","Body Slam","White Beast Statue"],"campfire_rested":1,"item_purchase_floors":[3,3,19,19,47,47,47,54,54,54,54,54,54],"current_hp_per_floor":[68,59,59,62,54,54,28,28,28,85,91,91,94,89,89,93,95,95,95,95,95,88,88,88,53,53,53,36,33,33,41,41,34,49,55,55,65,69,77,76,76,81,81,79,79,93,93,94,94,82,44,90,105,105,109,97],"gold":62,"neow_bonus":"HUNDRED_GOLD","is_prod":false,"is_daily":false,"rewards_skipped":[{"floor":14,"relics":[],"potions":["FearPotion"]},{"floor":55,"relics":[],"potions":["Regen Potion"]}],"chose_seed":false,"campfire_upgraded":9,"win_rate":0,"floor_exit_playtime":[177,214,263,293,351,359,487,515,517,577,642,652,780,846,852,973,1072,1160,1306,1410,1501,1715,1722,1743,1908,1916,1926,2158,2320,2342,2668,2687,3039,3133,3360,3383,3505,3680,3864,4091,4097,4545,4550,4730,4734,4850,4991,5263,5278,5575,6022,6034,6049,6154,6251,6728],"timestamp":1671733857,"blue_key_relic_skipped_log":{"floor":43,"relicID":"Mango"},"path_taken":["M","M","$","?","M","R","E","R","T","?","E","R","M","E","R","BOSS","M","$","?","M","M","R","?","E","T","R","?","E","?","E","R","BOSS","M","?","M","M","?","E","R","E","T","E","R","M","$","M","R","BOSS","BOSS","R","$","E","BOSS"],"build_version":"2022-12-18","purchased_purges":2,"victory":true,"max_hp_per_floor":[75,75,75,75,75,75,75,75,75,85,95,95,95,95,95,95,95,95,95,95,95,95,95,95,95,95,95,95,95,47,51,51,54,54,57,57,65,69,77,81,81,81,81,85,85,93,93,97,97,101,105,105,105,105,109,109],"relic_stats":{"Darkstone Periapt":0,"counters":[31,176],"Self Forming Clay":[81],"PreservedInsect":127,"Bag of Preparation":[28],"Letter Opener":[208],"MawBank":252,"Ancient Tea Set":[6],"Burning Blood":154,"White Beast Statue":[0.0,0.0,0.0,0.4,0.0,0.6000000000000001,0.0,0.0,0.0,0.0,0.0,0.4],"Frozen Eye":481.66116,"Matryoshka":2,"Membership Card":531,"obtain_stats":[{"Darkstone Periapt":29,"Lantern":14,"Pear":11,"Self Forming Clay":40,"PreservedInsect":43,"Bag of Preparation":31,"Letter Opener":7,"MawBank":26,"Ancient Tea Set":44,"Burning Blood":0,"Akabeko":54,"White Beast Statue":54,"Frozen Eye":19,"SlaversCollar":34,"Anchor":55,"HornCleat":9,"Matryoshka":25,"Toolbox":54,"Bag of Marbles":26,"Membership Card":47,"TungstenRod":42,"Runic Pyramid":17},{"Darkstone Periapt":16,"Lantern":8,"Pear":6,"Self Forming Clay":23,"PreservedInsect":24,"Bag of Preparation":17,"Letter Opener":5,"MawBank":14,"Ancient Tea Set":25,"Burning Blood":0,"Akabeko":29,"White Beast Statue":29,"Frozen Eye":10,"SlaversCollar":18,"Anchor":30,"HornCleat":5,"Matryoshka":14,"Toolbox":29,"Bag of Marbles":14,"Membership Card":26,"TungstenRod":24,"Runic Pyramid":9},{"Darkstone Periapt":62,"Lantern":30,"Pear":22,"Self Forming Clay":115,"PreservedInsect":123,"Bag of Preparation":71,"Letter Opener":17,"MawBank":55,"Ancient Tea Set":130,"Burning Blood":0,"Akabeko":163,"White Beast Statue":163,"Frozen Eye":40,"SlaversCollar":83,"Anchor":166,"HornCleat":17,"Matryoshka":55,"Toolbox":163,"Bag of Marbles":55,"Membership Card":136,"TungstenRod":123,"Runic Pyramid":38}],"TungstenRod":63},"card_choices":[{"not_picked":["Thunderclap","Flame Barrier"],"picked":"Twin Strike","floor":1},{"not_picked":["Pommel Strike","Body Slam"],"picked":"Reaper","floor":2},{"not_picked":["Metallicize","Havoc"],"picked":"Anger","floor":4},{"not_picked":["Dual Wield","Reckless Charge","Havoc"],"picked":"SKIP","floor":5},{"not_picked":["Shrug It Off","Cleave"],"picked":"Evolve","floor":7},{"not_picked":["Armaments","Sentinel"],"picked":"Impervious","floor":11},{"not_picked":["Headbutt","Perfected Strike"],"picked":"Flex","floor":13},{"not_picked":["Pummel","Wild Strike"],"picked":"Disarm","floor":14},{"not_picked":["Brutality","Bludgeon"],"picked":"Fiend Fire","floor":16},{"not_picked":["Flex","Thunderclap"],"picked":"Sword Boomerang+1","floor":18},{"not_picked":["Twin Strike","Reckless Charge","Anger"],"picked":"SKIP","floor":20},{"not_picked":["Twin Strike","Reckless Charge","Anger"],"picked":"SKIP","floor":20},{"not_picked":["Twin Strike","Reckless Charge","Anger"],"picked":"SKIP","floor":20},{"not_picked":["Twin Strike","Reckless Charge","Anger"],"picked":"SKIP","floor":20},{"not_picked":["Perfected Strike","Shrug It Off"],"picked":"Burning Pact+1","floor":21},{"not_picked":["Evolve","Body Slam","Perfected Strike+1"],"picked":"SKIP","floor":22},{"not_picked":["Fire Breathing","Brutality"],"picked":"Iron Wave+1","floor":25},{"not_picked":["Hemokinesis+1","Flex"],"picked":"Pommel Strike","floor":28},{"not_picked":["Reaper","Warcry"],"picked":"Feed","floor":29},{"not_picked":["Combust","Dark Embrace"],"picked":"Bloodletting","floor":31},{"not_picked":["Fiend Fire","Impervious"],"picked":"Exhume","floor":33},{"not_picked":["Thunderclap","Sword Boomerang+1","Pommel Strike"],"picked":"SKIP","floor":35},{"not_picked":["Body Slam+1","Flex+1"],"picked":"Shrug It Off","floor":37},{"not_picked":["Hemokinesis","Fire Breathing"],"picked":"Armaments","floor":38},{"not_picked":["Pummel","Flex","Sword Boomerang"],"picked":"SKIP","floor":39},{"not_picked":["Sword Boomerang","Shrug It Off","Metallicize"],"picked":"SKIP","floor":40},{"not_picked":["Clash","Carnage","Havoc"],"picked":"SKIP","floor":42},{"not_picked":["Second Wind+1","Shrug It Off"],"picked":"Corruption","floor":44},{"not_picked":["Flame Barrier","Headbutt+1"],"picked":"Spot Weakness","floor":46},{"not_picked":["Clash","Clothesline"],"picked":"Shrug It Off","floor":48},{"not_picked":["Fire Breathing+1","Headbutt","Sever Soul"],"picked":"SKIP","floor":55}],"player_experience":4811362,"relics_obtained":[{"floor":7,"key":"Letter Opener"},{"floor":9,"key":"HornCleat"},{"floor":11,"key":"Pear"},{"floor":14,"key":"Lantern"},{"floor":25,"key":"Matryoshka"},{"floor":26,"key":"MawBank"},{"floor":26,"key":"Bag of Marbles"},{"floor":29,"key":"Darkstone Periapt"},{"floor":31,"key":"Bag of Preparation"},{"floor":40,"key":"Self Forming Clay"},{"floor":42,"key":"TungstenRod"},{"floor":43,"key":"PreservedInsect"},{"floor":44,"key":"Ancient Tea Set"},{"floor":55,"key":"Anchor"}],"event_choices":[{"cards_removed":["Reaper"],"damage_healed":47,"gold_gain":0,"player_choice":"Offered Rare","damage_taken":0,"max_hp_gain":10,"max_hp_loss":0,"event_name":"Bonfire Elementals","floor":10,"gold_loss":0},{"cards_removed":["Strike_R"],"damage_healed":0,"gold_gain":0,"player_choice":"Card Removal","damage_taken":0,"max_hp_gain":0,"max_hp_loss":0,"event_name":"Wheel of Change","floor":24,"gold_loss":0},{"damage_healed":0,"gold_gain":0,"player_choice":"Became a Ghost","damage_taken":0,"max_hp_gain":0,"max_hp_loss":48,"event_name":"Ghosts","floor":30,"gold_loss":0,"cards_obtained":["Ghostly","Ghostly","Ghostly"]},{"damage_healed":0,"gold_gain":0,"player_choice":"Upgraded","damage_taken":0,"max_hp_gain":0,"max_hp_loss":0,"event_name":"Upgrade Shrine","floor":36,"gold_loss":0,"cards_upgraded":["Feed"]}],"is_beta":false,"boss_relics":[{"not_picked":["Tiny House","Runic Dome"],"picked":"Runic Pyramid"},{"not_picked":["Runic Cube","Sozu"],"picked":"SlaversCollar"}],"items_purged_floors":[47,54],"is_endless":false,"potions_floor_spawned":[7,13,14,16,18,25,31,35,37,40,42,55],"ascension_level":20,"potion_discard_per_floor":[[],[],[],[],[],[],[],[],[],[],[],[],[],[],[],["AttackPotion"],[],["Swift Potion"],[],[],[],[],[],[],[],[],[],[],[],[],[],[],[],[],[],[],[],[],[],["SkillPotion"],[],[],[],[],[],[],[],[],[],[],[],[],[],[],[],[],[]]}