{"neow_bonuses_skipped_log":["RANDOM_COLORLESS","TEN_PERCENT_HP_BONUS","BOSS_RELIC"],"potions_obtained_entropic_brew":[[],[],[],[],[],[],[],[],[],[],[],[],[],[],[],[],[],[],[],[],[],[],[],[],[],[],[],[],[],[],[],[],[],[],[],[],[],[],[],[],[],[],[],[],[],[],[],[],[],[],[],[],[],[],[],[]],"neow_costs_skipped_log":["NONE","NONE","NONE"],"gold_per_floor":[10,20,20,30,5,5,34,34,87,112,112,123,152,165,165,242,242,255,255,59,72,83,117,117,152,203,236,254,270,270,61,61,138,138,149,167,180,23,0,26,42,72,72,86,120,120,120,134,134,134,134,134,134,59,88,88],"floor_reached":56,"playtime":8098,"items_purged":[],"score":2184,"play_id":"9339b70d-c317-43ba-ae6e-cc7ad117e607","local_time":"20221219211732","falling_options_log":["Power Through","Dark Embrace"],"score_breakdown":["Floors Climbed (56): 280","Enemies Slain (16): 32","Exordium Elites Killed (3): 30","City Elites Killed (3): 60","Beyond Elites Killed (3): 90","Bosses Slain (4): 500","Stuffed: 50","Champion (3): 75","Ascension (20): 1067"],"is_ascension_mode":true,"potions_obtained_alchemize":[[],[],[],[],[],[],[],[],[],[],[],[],[],[],[],[],[],[],[],[],[],[],[],[],[],[],[],[],[],[],[],[],[],[],[],[],[],[],[],[],[],[],[],[],[],[],[],[],[],[],[],[],[],[],[],[]],"campfire_choices":[{"data":"Bludgeon","floor":6,"key":"SMITH"},{"data":"Pommel Strike","floor":8,"key":"SMITH"},{"data":"Infernal Blade","floor":11,"key":"SMITH"},{"data":"Rage","floor":15,"key":"SMITH"},{"data":"Feed","floor":24,"key":"SMITH"},{"data":"Pommel Strike","floor":30,"key":"SMITH"},{"data":"Shockwave","floor":32,"key":"SMITH"},{"floor":47,"key":"RECALL"}],"lesson_learned_per_floor":[[],[],[],[],[],[],[],[],[],[],[],[],[],[],[],[],[],[],[],[],[],[],[],[],[],[],[],[],[],[],[],[],[],[],[],[],[],[],[],[],[],[],[],[],[],[],[],[],[],[],[],[],[],[],[],[]],"neow_cost":"NO_GOLD","improvable_cards":{},"seed_source_timestamp":34541317023842,"shop_contents":[{"floor":5,"relics":["White Beast Statue","Bottled Lightning","HandDrill"],"cards":["Thunderclap","Flex","Bloodletting","Rupture","Swift Strike","Chrysalis"],"potions":["EssenceOfSteel","PowerPotion","Block Potion"]},{"floor":20,"relics":["CeramicFish","Tiny Chest","Brimstone"],"cards":["Carnage","Infernal Blade","Armaments","Jack Of All Trades","Secret Weapon"],"potions":["Dexterity Potion","Fruit Juice","Energy Potion"]},{"floor":31,"relics":["Bird Faced Urn","CaptainsWheel"],"cards":["Body Slam","Dropkick","Havoc","Dark Embrace","Panacea","Magnetism"],"potions":["Energy Potion","ColorlessPotion","Fruit Juice"]},{"floor":38,"relics":["Pear","Juzu Bracelet"],"cards":["Hemokinesis","Rampage","Havoc","Shrug It Off","Inflame","Deep Breath","Panache"],"potions":["Weak Potion","Energy Potion","SteroidPotion"]},{"floor":54,"relics":["Vajra","Happy Flower","Chemical X"],"cards":["Dropkick","Clothesline","Flex+1","Sentinel+1","Panacea+1","Sadistic Nature"],"potions":["Weak Potion","Swift Potion","Energy Potion"]}],"circlet_count":0,"master_deck":["AscendersBane","Strike_R","Strike_R","Strike_R","Defend_R","Defend_R","Defend_R+1","Bash","Infernal Blade+1","Wild Strike","Offering+1","Bludgeon+1","Iron Wave","Metallicize","Shockwave+1","Power Through","Rage+1","Impervious","Evolve","Feed+1","Dark Embrace","Pommel Strike+1","Exhume","Battle Trance","Seeing Red","Fiend Fire","Sever Soul","Whirlwind+1","Bloodletting","Sentinel+1","Brutality","Rupture"],"potion_use_per_floor":[[],[],[],[],[],[],[],[],[],["Fire Potion"],[],[],[],[],[],[],[],[],[],[],[],[],[],[],[],[],[],[],[],[],[],[],["LiquidMemories","AttackPotion"],[],[],[],[],[],[],[],[],[],[],[],[],[],[],[],[],[],[],[],[],[],[],["Ancient Potion","DuplicationPotion"]],"relics":["Burning Blood","War Paint","Bag of Marbles","Akabeko","StrikeDummy","Coffee Dripper","Darkstone Periapt","Bag of Preparation","MealTicket","Centennial Puzzle","Toolbox","Fusion Hammer","Frozen Eye","Red Mask","Nunchaku","Toxic Egg 2","Gremlin Horn","Oddly Smooth Stone"],"potions_floor_usage":[10,33,33,56,56],"damage_taken":[{"damage":12,"enemies":"Jaw Worm","floor":1,"turns":3},{"damage":1,"enemies":"Cultist","floor":2,"turns":3},{"damage":4,"enemies":"Small Slimes","floor":4,"turns":3},{"damage":20,"enemies":"3 Sentries","floor":7,"turns":6},{"damage":6,"enemies":"Lagavulin","floor":10,"turns":2},{"damage":0,"enemies":"3 Louse","floor":12,"turns":1},{"damage":24,"enemies":"3 Sentries","floor":13,"turns":5},{"damage":0,"enemies":"Looter","floor":14,"turns":2},{"damage":12,"enemies":"Slime Boss","floor":16,"turns":6},{"damage":2,"enemies":"Shell Parasite","floor":18,"turns":2},{"damage":6,"enemies":"Spheric Guardian","floor":21,"turns":1},{"damage":1,"enemies":"Cultist and Chosen","floor":22,"turns":3},{"damage":13,"enemies":"Book of Stabbing","floor":23,"turns":4},{"damage":6,"enemies":"Gremlin Leader","floor":25,"turns":2},{"damage":11,"enemies":"Slavers","floor":27,"turns":5},{"damage":0,"enemies":"Snake Plant","floor":28,"turns":2},{"damage":23,"enemies":"Sentry and Sphere","floor":29,"turns":7},{"damage":49,"enemies":"Champ","floor":33,"turns":10},{"damage":8,"enemies":"3 Shapes","floor":35,"turns":3},{"damage":33,"enemies":"Orb Walker","floor":36,"turns":6},{"damage":1,"enemies":"3 Darklings","floor":37,"turns":3},{"damage":6,"enemies":"Reptomancer","floor":40,"turns":2},{"damage":9,"enemies":"Jaw Worm Horde","floor":41,"turns":3},{"damage":10,"enemies":"Giant Head","floor":42,"turns":5},{"damage":0,"enemies":"Maw","floor":44,"turns":4},{"damage":22,"enemies":"Nemesis","floor":45,"turns":5},{"damage":0,"enemies":"3 Darklings","floor":48,"turns":1},{"damage":54,"enemies":"Time Eater","floor":50,"turns":9},{"damage":39,"enemies":"Donu and Deca","floor":51,"turns":7},{"damage":16,"enemies":"Shield and Spear","floor":55,"turns":7},{"damage":133,"enemies":"The Heart","floor":56,"turns":8}],"green_key_taken_log":13,"seed_played":"2062211722609903813","neow_bonus_log":{"cardsObtained":["Infernal Blade","Wild Strike"],"cardsUpgraded":[],"cardsRemoved":[],"cardsTransformed":["Strike_R","Defend_R"],"relicsObtained":[],"maxHpGained":0,"goldGained":0,"damageTaken":0,"goldLost":99,"maxHpLost":0},"potions_obtained":[{"floor":4,"key":"Fire Potion"},{"floor":10,"key":"Fire Potion"},{"floor":12,"key":"AttackPotion"},{"floor":16,"key":"LiquidMemories"},{"floor":36,"key":"FearPotion"},{"floor":37,"key":"DuplicationPotion"},{"floor":41,"key":"Ancient Potion"}],"is_trial":false,"path_per_floor":["M","M","?","M","$","R","E","R","T","E","R","M","E","M","R","B",null,"M","?","$","M","M","E","R","E","T","E","M","M","R","$","R","B",null,"M","M","M","$","?","E","M","E","T","M","E","?","R","M","R","B","B",null,"R","$","E","B"],"character_chosen":"IRONCLAD","items_purchased":["Iron Wave","Feed","Dark Embrace","Toolbox","Seeing Red","Frozen Eye","Rupture"],"campfire_rested":0,"item_purchase_floors":[5,20,20,31,31,38,54],"current_hp_per_floor":[62,67,67,69,69,69,55,55,55,55,55,61,43,49,49,43,67,71,71,71,74,81,74,74,78,78,77,87,78,78,93,93,54,92,94,71,80,95,95,99,104,104,104,114,98,98,98,108,108,64,35,121,121,136,130,0],"gold":88,"neow_bonus":"TRANSFORM_TWO_CARDS","is_prod":false,"is_daily":false,"rewards_skipped":[{"floor":14,"relics":[],"potions":["Explosive Potion"]},{"floor":28,"relics":[],"potions":["Dexterity Potion"]},{"floor":29,"relics":[],"potions":["ColorlessPotion"]},{"floor":42,"relics":[],"potions":["SpeedPotion"]}],"chose_seed":false,"campfire_upgraded":7,"win_rate":0,"floor_exit_playtime":[109,158,195,256,284,293,474,482,506,587,594,615,752,864,869,1035,1215,1271,1322,1366,1392,1444,1628,1699,1870,1874,1971,2063,2237,2257,2369,2392,2628,2884,2959,3209,3399,3406,3417,3691,3930,4142,4146,4306,5031,5070,5074,5272,5274,5639,5957,5969,5971,6016,6566],"timestamp":1671502652,"blue_key_relic_skipped_log":{"floor":43,"relicID":"Mummified Hand"},"path_taken":["M","M","?","M","?","R","E","R","T","E","R","?","E","M","R","BOSS","M","?","$","M","M","E","R","E","T","E","M","M","R","$","R","BOSS","M","M","M","$","?","E","M","E","T","M","E","?","R","M","R","BOSS","BOSS","R","$","E","BOSS"],"build_version":"2022-12-01","purchased_purges":0,"victory":false,"max_hp_per_floor":[75,75,75,75,75,75,75,75,75,75,75,75,75,75,75,75,75,75,75,75,78,81,81,81,85,85,89,93,101,101,101,101,105,105,109,113,117,117,117,121,129,133,133,137,137,137,137,141,141,145,149,149,149,149,153,153],"relic_stats":{"Darkstone Periapt":0,"Frozen Eye":1357.5881,"Centennial Puzzle":[36],"Nunchaku":[12],"Gremlin Horn":[3,4],"counters":[31,130],"MealTicket":45,"Bag of Preparation":[34],"War Paint":["Offering","Defend_R"],"obtain_stats":[{"Darkstone Periapt":23,"Gremlin Horn":45,"Oddly Smooth Stone":55,"Bag of Preparation":25,"War Paint":7,"Burning Blood":0,"Akabeko":10,"Frozen Eye":38,"Centennial Puzzle":27,"Nunchaku":40,"Toolbox":31,"MealTicket":26,"Fusion Hammer":34,"Bag of Marbles":9,"Coffee Dripper":17,"Red Mask":39,"Toxic Egg 2":42,"StrikeDummy":13},{"Darkstone Periapt":13,"Gremlin Horn":26,"Oddly Smooth Stone":30,"Bag of Preparation":14,"War Paint":4,"Burning Blood":0,"Akabeko":5,"Frozen Eye":21,"Centennial Puzzle":15,"Nunchaku":22,"Toolbox":17,"MealTicket":14,"Fusion Hammer":18,"Bag of Marbles":4,"Coffee Dripper":9,"Red Mask":21,"Toxic Egg 2":24,"StrikeDummy":7},{"Darkstone Periapt":41,"Gremlin Horn":98,"Oddly Smooth Stone":122,"Bag of Preparation":43,"War Paint":15,"Burning Blood":0,"Akabeko":17,"Frozen Eye":79,"Centennial Puzzle":48,"Nunchaku":81,"Toolbox":57,"MealTicket":43,"Fusion Hammer":67,"Bag of Marbles":15,"Coffee Dripper":31,"Red Mask":79,"Toxic Egg 2":89,"StrikeDummy":23}],"Burning Blood":179},"card_choices":[{"not_picked":["Clothesline","Rupture","Sword Boomerang"],"picked":"SKIP","floor":1},{"not_picked":["Disarm","Spot Weakness"],"picked":"Pommel Strike","floor":2},{"not_picked":["Pommel Strike","Flame Barrier"],"picked":"Bludgeon","floor":4},{"not_picked":["Armaments","Clash"],"picked":"Metallicize","floor":7},{"not_picked":["Dropkick","Berserk","Iron Wave"],"picked":"SKIP","floor":10},{"not_picked":["Thunderclap","Twin Strike"],"picked":"Shockwave","floor":12},{"not_picked":["Evolve","Headbutt"],"picked":"Power Through","floor":13},{"not_picked":["Rampage","Pummel"],"picked":"Rage","floor":14},{"not_picked":["Berserk","Juggernaut"],"picked":"Impervious","floor":16},{"not_picked":["Body Slam","Metallicize","Intimidate"],"picked":"SKIP","floor":18},{"not_picked":["Sever Soul","Wild Strike"],"picked":"Pommel Strike","floor":21},{"not_picked":["Perfected Strike","Heavy Blade","Cleave"],"picked":"SKIP","floor":22},{"not_picked":["Demon Form","Headbutt","Clash"],"picked":"SKIP","floor":23},{"not_picked":["Demon Form","Headbutt","Clash"],"picked":"SKIP","floor":23},{"not_picked":["Demon Form","Headbutt","Clash"],"picked":"SKIP","floor":23},{"not_picked":["Headbutt","Wild Strike","Sword Boomerang"],"picked":"SKIP","floor":25},{"not_picked":["Havoc","Perfected Strike"],"picked":"Exhume","floor":27},{"not_picked":["Thunderclap","Heavy Blade"],"picked":"Battle Trance","floor":28},{"not_picked":["Headbutt","Anger","Heavy Blade"],"picked":"SKIP","floor":29},{"not_picked":["Juggernaut","Brutality"],"picked":"Fiend Fire","floor":33},{"not_picked":["Thunderclap","Clothesline","Pommel Strike"],"picked":"SKIP","floor":35},{"not_picked":["Headbutt","Clothesline"],"picked":"Sever Soul","floor":36},{"not_picked":["Wild Strike","Bloodletting"],"picked":"Whirlwind+1","floor":37},{"not_picked":["Armaments","Searing Blow+1"],"picked":"Bloodletting","floor":40},{"not_picked":["Uppercut","Heavy Blade"],"picked":"Sentinel+1","floor":41},{"not_picked":["Cleave","Perfected Strike"],"picked":"Brutality","floor":42},{"not_picked":["Flex+1","Anger","Wild Strike"],"picked":"SKIP","floor":44},{"not_picked":["Pommel Strike","Sentinel+1","Fire Breathing"],"picked":"SKIP","floor":45},{"not_picked":["Fire Breathing","Havoc+1","Clash"],"picked":"SKIP","floor":48},{"not_picked":["Headbutt+1","Wild Strike+1","Havoc+1"],"picked":"SKIP","floor":55}],"player_experience":4785309,"relics_obtained":[{"floor":7,"key":"War Paint"},{"floor":9,"key":"Bag of Marbles"},{"floor":10,"key":"Akabeko"},{"floor":13,"key":"StrikeDummy"},{"floor":23,"key":"Darkstone Periapt"},{"floor":25,"key":"Bag of Preparation"},{"floor":26,"key":"MealTicket"},{"floor":27,"key":"Centennial Puzzle"},{"floor":40,"key":"Nunchaku"},{"floor":42,"key":"Toxic Egg 2"},{"floor":45,"key":"Gremlin Horn"},{"floor":55,"key":"Oddly Smooth Stone"}],"event_choices":[{"damage_healed":0,"gold_gain":0,"player_choice":"1 cards matched","damage_taken":0,"max_hp_gain":0,"max_hp_loss":0,"event_name":"Match and Keep!","floor":3,"gold_loss":0,"cards_obtained":["Offering"]},{"damage_healed":0,"gold_gain":0,"cards_transformed":["Strike_R"],"player_choice":"Transformed","damage_taken":0,"max_hp_gain":0,"max_hp_loss":0,"event_name":"Transmorgrifier","floor":19,"gold_loss":0,"cards_obtained":["Evolve"]},{"damage_healed":0,"gold_gain":0,"player_choice":"Paid","damage_taken":0,"relics_obtained":["Red Mask"],"max_hp_gain":0,"max_hp_loss":0,"event_name":"Tomb of Lord Red Mask","floor":39,"gold_loss":23},{"cards_removed":["Pommel Strike"],"damage_healed":0,"gold_gain":0,"player_choice":"Removed Attack","damage_taken":0,"max_hp_gain":0,"max_hp_loss":0,"event_name":"Falling","floor":46,"gold_loss":0}],"is_beta":false,"boss_relics":[{"not_picked":["Runic Cube","Cursed Key"],"picked":"Coffee Dripper"},{"not_picked":["Black Star","Runic Dome"],"picked":"Fusion Hammer"}],"items_purged_floors":[],"is_endless":false,"potions_floor_spawned":[4,10,12,14,16,28,29,36,37,41,42],"killed_by":"The Heart","ascension_level":20,"potion_discard_per_floor":[[],[],[],[],[],[],[],[],[],[],[],[],[],[],[],["Fire Potion"],[],[],[],[],[],[],[],[],[],[],[],[],[],[],[],[],[],[],[],[],[],[],[],[],["FearPotion"],[],[],[],[],[],[],[],[],[],[],[],[],[],[],[]]}