{"neow_bonuses_skipped_log":["THREE_SMALL_POTIONS","TWENTY_PERCENT_HP_BONUS","BOSS_RELIC"],"neow_costs_skipped_log":["NONE","CURSE","NONE"],"potions_obtained_entropic_brew":[[],[],[],[],[],[],[],[],[],[],[],[],[],[],[],[],[],[],[],[],[],[],[],[],[],[],[],[],[],[],[],[],[],[],[],[],[],[],[],[],[],[],[],[],[],[],[],[],[],[]],"gold_per_floor":[116,129,149,149,19,47,67,32,57,124,153,185,185,227,227,312,312,325,325,350,34,53,53,76,114,191,232,253,253,298,337,337,419,419,436,1435,1719,1117,1128,1128,1145,1179,1248,1266,1292,1311,792,820,820,820],"floor_reached":50,"playtime":3731,"items_purged":["Regret","Anger"],"score":1254,"play_id":"e1f81aef-75ea-4148-aa11-c90a91424cac","local_time":"20221215192651","score_breakdown":["Floors Climbed (50): 250","Enemies Slain (16): 32","Exordium Elites Killed (3): 30","City Elites Killed (3): 60","Beyond Elites Killed (1): 30","Bosses Slain (2): 150","Raining Money (2450): 50","Collector (1): 25","Librarian: 25","C-c-c-combo: 25","Ascension (20): 577"],"is_ascension_mode":true,"potions_obtained_alchemize":[[],[],[],[],[],[],[],[],[],[],[],[],[],[],[],[],[],[],[],[],[],[],[],[],[],[],[],[],[],[],[],[],[],[],[],[],[],[],[],[],[],[],[],[],[],[],[],[],[],[]],"campfire_choices":[{"data":"Armaments","floor":13,"key":"SMITH"},{"data":"Carnage","floor":15,"key":"SMITH"},{"data":"Fiend Fire","floor":23,"key":"SMITH"},{"floor":29,"key":"REST"},{"data":"Corruption","floor":32,"key":"SMITH"},{"data":"Barricade","floor":40,"key":"SMITH"},{"floor":49,"key":"RECALL"}],"lesson_learned_per_floor":[[],[],[],[],[],[],[],[],[],[],[],[],[],[],[],[],[],[],[],[],[],[],[],[],[],[],[],[],[],[],[],[],[],[],[],[],[],[],[],[],[],[],[],[],[],[],[],[],[],[]],"neow_cost":"NONE","improvable_cards":{},"seed_source_timestamp":28592044495931,"shop_contents":[{"floor":5,"relics":["Toy Ornithopter","Anchor","Orrery"],"cards":["Feed","Blood for Blood","Shrug It Off","Entrench","Impatience","Panache"],"potions":["BloodPotion","Weak Potion"]},{"floor":21,"relics":["Letter Opener","OrangePellets"],"cards":["Dropkick","Pommel Strike","Armaments","Infernal Blade","Fire Breathing","Swift Strike","Metamorphosis"],"potions":["ColorlessPotion","SkillPotion","FearPotion"]},{"floor":38,"relics":["Strange Spoon"],"cards":["Uppercut","Pummel","Rage","Fire Breathing+1","Impatience","Mayhem+1"],"potions":["BloodPotion","ColorlessPotion","Energy Potion"]},{"floor":47,"relics":["Dream Catcher","Brimstone"],"cards":["Pommel Strike","Iron Wave","Metallicize+1","Dramatic Entrance","Magnetism+1"],"potions":["ColorlessPotion","SpeedPotion"]}],"circlet_count":0,"master_deck":["AscendersBane","Defend_R","Defend_R","Defend_R","Defend_R","Bash+1","Iron Wave+1","Dark Embrace+1","Combust","Shrug It Off","Carnage+1","Armaments+1","Power Through","Shockwave","Fiend Fire+1","Power Through","Rupture+1","Disarm","Shockwave+1","Corruption+1","Shrug It Off","Bite","Bite","Bite","Bite","Bite","Second Wind","Barricade+1","Shockwave","Corruption+1","Discovery","Flash of Steel","Shrug It Off","Pommel Strike","Battle Trance","Rage","Juggernaut+1"],"potion_use_per_floor":[[],[],[],[],[],["Block Potion"],[],[],[],["ColorlessPotion"],[],["PowerPotion"],[],[],[],["GamblersBrew"],[],[],[],[],[],[],[],[],["Fire Potion"],[],["ElixirPotion"],[],[],[],["Regen Potion"],[],[],[],[],[],[],[],[],[],[],[],[],[],[],["Fire Potion"],["Fruit Juice"],[],[],[]],"relics":["Burning Blood","Centennial Puzzle","Art of War","CeramicFish","Omamori","Whetstone","Philosopher\u0027s Stone","Charon\u0027s Ashes","Bottled Tornado","Vajra","Blood Vial","Runic Pyramid","Bag of Marbles","Frozen Egg 2","Boot","Singing Bowl","Red Skull"],"potions_floor_usage":[6,10,12,16,25,27,31,46,47],"damage_taken":[{"damage":2,"enemies":"Jaw Worm","floor":1,"turns":4},{"damage":7,"enemies":"Small Slimes","floor":2,"turns":3},{"damage":2,"enemies":"Cultist","floor":3,"turns":4},{"damage":10,"enemies":"3 Sentries","floor":6,"turns":5},{"damage":5,"enemies":"2 Fungi Beasts","floor":7,"turns":4},{"damage":27,"enemies":"Gremlin Nob","floor":10,"turns":4},{"damage":6,"enemies":"Looter","floor":11,"turns":3},{"damage":1,"enemies":"Gremlin Nob","floor":12,"turns":3},{"damage":19,"enemies":"3 Sentries","floor":14,"turns":6},{"damage":27,"enemies":"The Guardian","floor":16,"turns":15},{"damage":12,"enemies":"2 Thieves","floor":18,"turns":3},{"damage":6,"enemies":"Shell Parasite","floor":20,"turns":3},{"damage":14,"enemies":"Sentry and Sphere","floor":22,"turns":6},{"damage":2,"enemies":"3 Cultists","floor":24,"turns":4},{"damage":30,"enemies":"Book of Stabbing","floor":25,"turns":7},{"damage":16,"enemies":"Slavers","floor":27,"turns":5},{"damage":6,"enemies":"Centurion and Healer","floor":28,"turns":6},{"damage":9,"enemies":"Book of Stabbing","floor":31,"turns":3},{"damage":31,"enemies":"Collector","floor":33,"turns":7},{"damage":6,"enemies":"3 Shapes","floor":35,"turns":3},{"damage":0,"enemies":"3 Darklings","floor":39,"turns":3},{"damage":0,"enemies":"Spire Growth","floor":41,"turns":3},{"damage":10,"enemies":"Nemesis","floor":42,"turns":5},{"damage":1,"enemies":"Sphere and 2 Shapes","floor":45,"turns":3},{"damage":9,"enemies":"Transient","floor":46,"turns":6},{"damage":0,"enemies":"Writhing Mass","floor":48,"turns":2},{"damage":117,"enemies":"Awakened One","floor":50,"turns":10}],"green_key_taken_log":12,"seed_played":"466318733890309799","neow_bonus_log":{"cardsObtained":[],"cardsUpgraded":["Bash"],"cardsRemoved":[],"cardsTransformed":[],"relicsObtained":[],"maxHpGained":0,"goldGained":0,"damageTaken":0,"goldLost":0,"maxHpLost":0},"potions_obtained":[{"floor":2,"key":"PowerPotion"},{"floor":6,"key":"ColorlessPotion"},{"floor":11,"key":"SkillPotion"},{"floor":14,"key":"GamblersBrew"},{"floor":18,"key":"Fire Potion"},{"floor":20,"key":"DistilledChaos"},{"floor":22,"key":"ElixirPotion"},{"floor":28,"key":"Regen Potion"},{"floor":31,"key":"Fire Potion"},{"floor":35,"key":"Fire Potion"},{"floor":39,"key":"Swift Potion"},{"floor":48,"key":"SpeedPotion"}],"is_trial":false,"path_per_floor":["M","M","M","?","$","E","M","?","T","?","M","E","R","E","R","B",null,"M","?","M","$","M","R","M","E","T","E","M","R","?","E","R","B",null,"M","?","?","$","M","R","M","E","T","?","M","M","$","M","R","B"],"character_chosen":"IRONCLAD","items_purchased":["Combust","Block Potion","Charon\u0027s Ashes","Bag of Marbles","Frozen Egg 2","Shockwave","Battle Trance","Red Skull","Fruit Juice","Rage"],"campfire_rested":1,"item_purchase_floors":[5,5,21,38,38,38,47,47,47,47],"current_hp_per_floor":[72,71,75,52,52,48,49,67,67,46,46,51,51,38,38,17,61,55,55,55,55,47,47,51,27,27,17,17,39,39,52,52,41,49,52,52,52,52,52,52,52,52,52,44,54,54,59,59,59,0],"gold":820,"neow_bonus":"UPGRADE_CARD","is_prod":false,"is_daily":false,"rewards_skipped":[],"chose_seed":false,"campfire_upgraded":5,"win_rate":0,"floor_exit_playtime":[102,136,213,222,346,428,573,578,580,768,804,872,879,961,974,1228,1304,1371,1420,1467,1538,1677,1683,1760,1885,1894,2058,2211,2217,2240,2350,2361,2550,2654,2709,2713,2754,2795,2867,2878,2931,3020,3034,3069,3133,3322,3424,3490,3495],"timestamp":1671150411,"blue_key_relic_skipped_log":{"floor":26,"relicID":"Matryoshka"},"path_taken":["M","M","M","?","$","E","M","?","T","?","M","E","R","E","R","BOSS","M","?","M","$","M","R","M","E","T","E","?","R","?","E","R","BOSS","M","?","?","$","?","R","M","E","T","?","M","M","$","M","R","BOSS"],"build_version":"2022-12-01","purchased_purges":2,"victory":false,"max_hp_per_floor":[75,75,75,75,75,75,75,75,75,75,75,75,75,75,75,75,75,75,75,75,75,75,75,75,75,75,75,75,75,52,52,52,52,52,52,52,52,52,52,52,52,52,52,54,54,54,59,59,59,59],"relic_stats":{"Singing Bowl":2,"counters":[27,130],"CeramicFish":243,"Charon\u0027s Ashes":[1137],"Omamori":2,"Whetstone":["Iron Wave","Strike_R"],"Bottled Tornado":"Dark Embrace","Boot":[3],"Burning Blood":118,"Blood Vial":4,"Centennial Puzzle":[60],"Art of War":[25],"obtain_stats":[{"Singing Bowl":43,"CeramicFish":10,"Vajra":27,"Charon\u0027s Ashes":21,"Omamori":12,"Whetstone":14,"Bottled Tornado":25,"Frozen Egg 2":38,"Boot":42,"Burning Blood":0,"Blood Vial":31,"Centennial Puzzle":6,"Philosopher\u0027s Stone":17,"Art of War":9,"Bag of Marbles":38,"Red Skull":47,"Runic Pyramid":34},{"Singing Bowl":23,"CeramicFish":6,"Vajra":16,"Charon\u0027s Ashes":12,"Omamori":8,"Whetstone":9,"Bottled Tornado":15,"Frozen Egg 2":20,"Boot":23,"Burning Blood":0,"Blood Vial":18,"Centennial Puzzle":4,"Philosopher\u0027s Stone":10,"Art of War":5,"Bag of Marbles":20,"Red Skull":25,"Runic Pyramid":19},{"Singing Bowl":109,"CeramicFish":24,"Vajra":79,"Charon\u0027s Ashes":57,"Omamori":30,"Whetstone":36,"Bottled Tornado":74,"Frozen Egg 2":98,"Boot":109,"Burning Blood":0,"Blood Vial":88,"Centennial Puzzle":16,"Philosopher\u0027s Stone":51,"Art of War":20,"Bag of Marbles":98,"Red Skull":118,"Runic Pyramid":95}]},"card_choices":[{"not_picked":["Entrench","Iron Wave"],"picked":"Anger","floor":1},{"not_picked":["True Grit","Dark Embrace"],"picked":"Iron Wave","floor":2},{"not_picked":["Flex","Clash"],"picked":"Dark Embrace","floor":3},{"not_picked":["Metallicize","True Grit"],"picked":"Shrug It Off","floor":6},{"not_picked":["Heavy Blade","Wild Strike"],"picked":"Carnage","floor":7},{"not_picked":["Clothesline","Rupture"],"picked":"Armaments","floor":10},{"not_picked":["Flex","Combust"],"picked":"Power Through","floor":11},{"not_picked":["Havoc","Cleave","Flame Barrier"],"picked":"SKIP","floor":12},{"not_picked":["Battle Trance","Clash"],"picked":"Shockwave","floor":14},{"not_picked":["Demon Form","Reaper"],"picked":"Fiend Fire","floor":16},{"not_picked":["Dark Embrace+1","Thunderclap","Sword Boomerang"],"picked":"SKIP","floor":18},{"not_picked":["Clothesline+1","Heavy Blade+1"],"picked":"Power Through","floor":20},{"not_picked":["Spot Weakness","True Grit"],"picked":"Rupture+1","floor":22},{"not_picked":["True Grit","Armaments"],"picked":"Disarm","floor":24},{"not_picked":["Wild Strike","Burning Pact"],"picked":"Shockwave+1","floor":25},{"not_picked":["Shockwave+1","Spot Weakness"],"picked":"Corruption","floor":27},{"not_picked":["Heavy Blade","Rupture"],"picked":"Shrug It Off","floor":28},{"not_picked":["Body Slam","Dual Wield"],"picked":"Second Wind","floor":31},{"not_picked":["Corruption","Demon Form"],"picked":"Barricade","floor":33},{"not_picked":["Flex+1","Combust","Thunderclap+1"],"picked":"SKIP","floor":35},{"not_picked":["Rage","Armaments+1","Metallicize+1"],"picked":"SKIP","floor":39},{"not_picked":["Flex","Cleave+1","Pommel Strike"],"picked":"SKIP","floor":41},{"not_picked":["Flex","Reckless Charge+1"],"picked":"Corruption+1","floor":42},{"not_picked":["Sadistic Nature+1","Jack Of All Trades"],"picked":"Discovery","floor":44},{"not_picked":["Enlightenment","Deep Breath"],"picked":"Flash of Steel","floor":44},{"not_picked":["Blind","Purity","Mind Blast"],"picked":"Singing Bowl","floor":44},{"not_picked":["Intimidate","Clothesline"],"picked":"Shrug It Off","floor":45},{"not_picked":["Spot Weakness","Heavy Blade"],"picked":"Pommel Strike","floor":46},{"not_picked":["Cleave+1","Perfected Strike+1"],"picked":"Juggernaut+1","floor":48}],"player_experience":4731088,"relics_obtained":[{"floor":6,"key":"Centennial Puzzle"},{"floor":9,"key":"Art of War"},{"floor":10,"key":"CeramicFish"},{"floor":12,"key":"Omamori"},{"floor":14,"key":"Whetstone"},{"floor":25,"key":"Bottled Tornado"},{"floor":27,"key":"Vajra"},{"floor":31,"key":"Blood Vial"},{"floor":42,"key":"Boot"},{"floor":43,"key":"Singing Bowl"}],"event_choices":[{"damage_healed":0,"gold_gain":0,"player_choice":"Entered Light","damage_taken":23,"max_hp_gain":0,"max_hp_loss":0,"event_name":"Shining Light","floor":4,"gold_loss":0,"cards_upgraded":["Dark Embrace","Strike_R"]},{"damage_healed":18,"gold_gain":0,"player_choice":"Healed","damage_taken":0,"max_hp_gain":0,"max_hp_loss":0,"event_name":"The Cleric","floor":8,"gold_loss":35},{"damage_healed":0,"gold_gain":0,"player_choice":"Searched \u00272\u0027 times","damage_taken":0,"max_hp_gain":0,"max_hp_loss":0,"event_name":"Dead Adventurer","floor":10,"gold_loss":0},{"cards_removed":["Strike_R"],"damage_healed":0,"gold_gain":0,"player_choice":"Offered Basic","damage_taken":0,"max_hp_gain":0,"max_hp_loss":0,"event_name":"Bonfire Elementals","floor":19,"gold_loss":0},{"damage_healed":0,"gold_gain":0,"player_choice":"Became a vampire","damage_taken":0,"max_hp_gain":0,"max_hp_loss":23,"event_name":"Vampires","floor":30,"gold_loss":0,"cards_obtained":["Bite","Bite","Bite","Bite","Bite"]},{"damage_healed":0,"gold_gain":999,"player_choice":"Gold","damage_taken":0,"max_hp_gain":0,"max_hp_loss":0,"event_name":"MindBloom","floor":36,"gold_loss":0,"cards_obtained":["Normality","Normality"]},{"damage_healed":0,"gold_gain":275,"player_choice":"Desecrate","damage_taken":0,"max_hp_gain":0,"max_hp_loss":0,"event_name":"Golden Shrine","floor":37,"gold_loss":0,"cards_obtained":["Regret"]},{"damage_healed":0,"gold_gain":0,"player_choice":"Memory 3","damage_taken":10,"max_hp_gain":0,"max_hp_loss":0,"event_name":"SensoryStone","floor":44,"gold_loss":0}],"is_beta":false,"boss_relics":[{"not_picked":["Sozu","Busted Crown"],"picked":"Philosopher\u0027s Stone"},{"not_picked":["Snecko Eye","Runic Cube"],"picked":"Runic Pyramid"}],"items_purged_floors":[38,47],"is_endless":false,"potions_floor_spawned":[2,6,11,14,18,20,22,28,31,35,39,48],"killed_by":"Awakened One","ascension_level":20,"potion_discard_per_floor":[[],[],[],[],[],[],[],[],[],[],[],[],[],[],[],[],[],[],[],["SkillPotion"],[],["DistilledChaos"],[],[],[],[],[],[],[],[],[],[],[],[],[],[],[],[],["Fire Potion"],[],[],[],[],[],[],[],[],[],[],[]]}