{"neow_bonuses_skipped_log":["REMOVE_CARD","ONE_RARE_RELIC","BOSS_RELIC"],"potions_obtained_entropic_brew":[[],[],[],[],[],[],[],[],[],[],[],[],[],[],[],[],[],[],[],[],[],[],[],[],[],[],[],[],[],[],[],[],[],[],[],[],[],[],[],[]],"neow_costs_skipped_log":["NONE","CURSE","NONE"],"gold_per_floor":[218,218,235,252,14,41,41,41,41,51,51,51,65,106,118,223,235,271,283,311,238,250,262,308,320,408,458,76,97,128,58,58,154,154,174,174,507,527,542,542],"floor_reached":40,"playtime":3808,"items_purged":[],"score":1054,"play_id":"7dd35625-3b99-4a1a-a98d-0355f88e2243","local_time":"20221225134123","score_breakdown":["Floors Climbed (40): 200","Enemies Slain (11): 22","Exordium Elites Killed (2): 20","City Elites Killed (3): 60","Beyond Elites Killed (0): 0","Bosses Slain (2): 150","Money Money (1290): 25","Collector (1): 25","Champion (2): 50","Ascension (20): 502"],"is_ascension_mode":true,"potions_obtained_alchemize":[[],[],[],[],[],[],[],[],[],[],[],[],[],[],[],[],[],[],[],[],[],[],[],[],[],[],[],[],[],[],[],[],[],[],[],[],[],[],[],[]],"campfire_choices":[{"data":"Twin Strike","floor":7,"key":"SMITH"},{"floor":11,"key":"REST"},{"data":"Carnage","floor":15,"key":"SMITH"},{"data":"Immolate","floor":23,"key":"SMITH"},{"data":"Disarm","floor":25,"key":"SMITH"},{"data":"Whirlwind","floor":32,"key":"SMITH"}],"lesson_learned_per_floor":[[],[],[],[],[],[],[],[],[],[],[],[],[],[],[],[],[],[],[],[],[],[],[],[],[],[],[],[],[],[],[],[],[],[],[],[],[],[],[],[]],"neow_cost":"NONE","improvable_cards":{},"seed_source_timestamp":1815590924759,"shop_contents":[{"floor":5,"relics":["Eternal Feather","Bottled Lightning","HandDrill"],"cards":["Rampage","Clash","Warcry","Brutality","Violence"],"potions":["Ancient Potion","SteroidPotion"]},{"floor":28,"relics":["Unceasing Top","Ancient Tea Set","Pen Nib"],"cards":["Twin Strike","Perfected Strike","Warcry","Flex","Rupture","Purity","Thinking Ahead"],"potions":["EntropicBrew","Energy Potion","SkillPotion"]},{"floor":31,"relics":["Gremlin Horn","Turnip","Membership Card"],"cards":["Bludgeon","Carnage","Warcry","True Grit","Evolve","Purity","Apotheosis"],"potions":["Dexterity Potion","EssenceOfSteel","EssenceOfSteel"]}],"circlet_count":0,"master_deck":["AscendersBane","Defend_R+1","Defend_R","Defend_R","Defend_R+1","Bash","Shrug It Off","Disarm+1","Pommel Strike+1","Trip","Power Through","Twin Strike+1","Carnage+1","Reaper","Immolate+1","Bite","Bite","Bite","Bite","Bite","Feel No Pain+1","Fiend Fire","Whirlwind+1","Shrug It Off+1","Battle Trance","Barricade","Dark Embrace","Clothesline+1"],"potion_use_per_floor":[[],[],[],[],[],["SkillPotion","AttackPotion"],[],[],[],[],[],[],[],[],[],["Fire Potion"],[],[],[],[],[],[],[],[],[],[],[],[],[],[],[],[],["DuplicationPotion"],[],[],[],[],[],[],["LiquidMemories","Swift Potion"]],"relics":["Burning Blood","Mercury Hourglass","The Courier","MawBank","Philosopher\u0027s Stone","Lantern","Akabeko","Letter Opener","Question Card","Matryoshka","Chemical X","HornCleat","Pantograph","Fusion Hammer"],"potions_floor_usage":[6,6,16,33,40,40],"damage_taken":[{"damage":4,"enemies":"2 Louse","floor":1,"turns":4},{"damage":7,"enemies":"Small Slimes","floor":3,"turns":4},{"damage":15,"enemies":"Jaw Worm","floor":4,"turns":7},{"damage":28,"enemies":"3 Sentries","floor":6,"turns":11},{"damage":0,"enemies":"2 Fungi Beasts","floor":10,"turns":3},{"damage":0,"enemies":"Blue Slaver","floor":13,"turns":4},{"damage":0,"enemies":"Gremlin Nob","floor":14,"turns":3},{"damage":6,"enemies":"Slime Boss","floor":16,"turns":7},{"damage":0,"enemies":"Chosen","floor":18,"turns":3},{"damage":12,"enemies":"2 Thieves","floor":20,"turns":3},{"damage":14,"enemies":"Slavers","floor":24,"turns":4},{"damage":0,"enemies":"Gremlin Leader","floor":27,"turns":6},{"damage":0,"enemies":"Cultist and Chosen","floor":29,"turns":5},{"damage":9,"enemies":"Slavers","floor":30,"turns":3},{"damage":54,"enemies":"Automaton","floor":33,"turns":9},{"damage":0,"enemies":"3 Shapes","floor":35,"turns":6},{"damage":12,"enemies":"3 Darklings","floor":38,"turns":4},{"damage":14,"enemies":"4 Shapes","floor":39,"turns":9},{"damage":76,"enemies":"Giant Head","floor":40,"turns":7}],"green_key_taken_log":24,"seed_played":"-7693200296438628805","neow_bonus_log":{"cardsObtained":[],"cardsUpgraded":[],"cardsRemoved":[],"cardsTransformed":[],"relicsObtained":[],"maxHpGained":0,"goldGained":100,"damageTaken":0,"goldLost":0,"maxHpLost":0},"potions_obtained":[{"floor":3,"key":"SkillPotion"},{"floor":10,"key":"SneckoOil"},{"floor":13,"key":"Fire Potion"},{"floor":14,"key":"DuplicationPotion"},{"floor":18,"key":"Energy Potion"},{"floor":33,"key":"SpeedPotion"},{"floor":38,"key":"LiquidMemories"},{"floor":39,"key":"Swift Potion"}],"is_trial":false,"path_per_floor":["M","?","M","M","$","E","R","?","T","M","R","?","M","E","R","B",null,"M","?","M","?","T","R","E","R","T","E","$","M","E","$","R","B",null,"M","?","?","M","M","E"],"character_chosen":"IRONCLAD","items_purchased":["Trip","AttackPotion","Power Through","Chemical X","Whirlwind","HornCleat","Battle Trance"],"campfire_rested":1,"item_purchase_floors":[5,5,5,28,28,28,31],"current_hp_per_floor":[70,47,46,37,37,15,15,15,15,21,43,43,49,55,55,55,65,68,47,47,47,47,47,47,47,47,47,47,47,47,47,47,9,38,47,47,47,43,47,0],"gold":542,"neow_bonus":"HUNDRED_GOLD","is_prod":false,"is_daily":false,"rewards_skipped":[{"floor":29,"relics":[],"potions":["LiquidBronze"]}],"chose_seed":false,"campfire_upgraded":5,"win_rate":0,"floor_exit_playtime":[118,133,281,351,409,699,715,742,823,885,890,894,930,978,986,1189,1251,1303,1326,1381,1387,1391,1397,1492,1512,1528,1643,1710,1777,1841,1854,1859,2362,2418,2482,2503,2507,2611,2795],"timestamp":1671993683,"path_taken":["M","?","M","M","$","E","R","?","T","M","R","?","M","E","R","BOSS","M","?","M","?","?","R","E","R","T","E","$","M","E","$","R","BOSS","M","?","?","M","M","E"],"build_version":"2022-12-18","purchased_purges":0,"victory":false,"max_hp_per_floor":[75,75,75,75,75,75,75,75,75,75,75,68,68,68,68,68,68,68,47,47,47,47,47,47,47,47,47,47,47,47,47,47,47,47,47,47,47,47,47,47],"relic_stats":{"Matryoshka":0,"counters":[19,101],"Pantograph":0,"The Courier":116,"Letter Opener":[44],"Chemical X":[7],"MawBank":168,"Question Card":7,"obtain_stats":[{"Lantern":21,"Golden Idol":12,"The Courier":9,"Letter Opener":24,"MawBank":14,"Question Card":26,"Burning Blood":0,"Akabeko":22,"Mercury Hourglass":6,"Matryoshka":27,"HornCleat":28,"Pantograph":30,"Philosopher\u0027s Stone":17,"Fusion Hammer":34,"Chemical X":28},{"Lantern":10,"Golden Idol":5,"The Courier":4,"Letter Opener":11,"MawBank":7,"Question Card":11,"Burning Blood":0,"Akabeko":10,"Mercury Hourglass":4,"Matryoshka":12,"HornCleat":12,"Pantograph":14,"Philosopher\u0027s Stone":8,"Fusion Hammer":15,"Chemical X":12},{"Lantern":49,"Golden Idol":29,"The Courier":26,"Letter Opener":53,"MawBank":36,"Question Card":53,"Burning Blood":0,"Akabeko":49,"Mercury Hourglass":26,"Matryoshka":59,"HornCleat":59,"Pantograph":66,"Philosopher\u0027s Stone":43,"Fusion Hammer":75,"Chemical X":59}],"Burning Blood":78,"Mercury Hourglass":[321]},"card_choices":[{"not_picked":["Iron Wave","Flex"],"picked":"Shrug It Off","floor":1},{"not_picked":["Warcry","Fire Breathing"],"picked":"Disarm","floor":3},{"not_picked":["Fire Breathing","Havoc"],"picked":"Pommel Strike","floor":4},{"not_picked":["Iron Wave","Body Slam"],"picked":"Twin Strike","floor":6},{"not_picked":["Heavy Blade","Thunderclap","Cleave"],"picked":"SKIP","floor":10},{"not_picked":["Headbutt","Searing Blow"],"picked":"Carnage","floor":13},{"not_picked":["Searing Blow","Thunderclap"],"picked":"Reaper","floor":14},{"not_picked":["Corruption","Fiend Fire"],"picked":"Immolate","floor":16},{"not_picked":["Dark Embrace","Body Slam","Clothesline"],"picked":"SKIP","floor":18},{"not_picked":["Heavy Blade","Clash"],"picked":"Feel No Pain+1","floor":20},{"not_picked":["Cleave","Dropkick+1","Anger"],"picked":"SKIP","floor":24},{"not_picked":["Infernal Blade","Perfected Strike","Havoc"],"picked":"Fiend Fire","floor":27},{"not_picked":["Heavy Blade","Dual Wield","Wild Strike"],"picked":"Shrug It Off+1","floor":29},{"not_picked":["Reaper","Heavy Blade+1","Cleave","Sentinel"],"picked":"SKIP","floor":30},{"not_picked":["Berserk","Brutality","Limit Break"],"picked":"Barricade","floor":33},{"not_picked":["Twin Strike+1","True Grit+1","Wild Strike+1"],"picked":"Dark Embrace","floor":35},{"not_picked":["Intimidate","Rage","Perfected Strike+1"],"picked":"Clothesline+1","floor":38},{"not_picked":["Metallicize+1","Clash","Armaments","Sword Boomerang+1"],"picked":"SKIP","floor":39},{"not_picked":["Metallicize+1","Clash","Armaments","Sword Boomerang+1"],"picked":"SKIP","floor":39}],"player_experience":4849802,"relics_obtained":[{"floor":6,"key":"Mercury Hourglass"},{"floor":9,"key":"The Courier"},{"floor":14,"key":"MawBank"},{"floor":22,"key":"Akabeko"},{"floor":24,"key":"Letter Opener"},{"floor":26,"key":"Question Card"},{"floor":27,"key":"Matryoshka"},{"floor":30,"key":"Pantograph"}],"event_choices":[{"damage_healed":0,"gold_gain":0,"player_choice":"Entered Light","damage_taken":23,"max_hp_gain":0,"max_hp_loss":0,"event_name":"Shining Light","floor":2,"gold_loss":0,"cards_upgraded":["Defend_R","Defend_R"]},{"damage_healed":0,"gold_gain":0,"player_choice":"Grow","damage_taken":0,"max_hp_gain":0,"max_hp_loss":0,"event_name":"Living Wall","floor":8,"gold_loss":0,"cards_upgraded":["Pommel Strike"]},{"damage_healed":0,"gold_gain":0,"player_choice":"Lose Max HP","damage_taken":0,"relics_obtained":["Golden Idol"],"max_hp_gain":0,"max_hp_loss":7,"event_name":"Golden Idol","floor":12,"gold_loss":0},{"damage_healed":0,"gold_gain":0,"player_choice":"Became a vampire","damage_taken":0,"max_hp_gain":0,"max_hp_loss":21,"event_name":"Vampires","floor":19,"gold_loss":0,"cards_obtained":["Bite","Bite","Bite","Bite","Bite"]},{"damage_healed":0,"gold_gain":0,"player_choice":"Obtained Relic","damage_taken":0,"relics_obtained":["Lantern"],"max_hp_gain":0,"max_hp_loss":0,"event_name":"Addict","floor":21,"gold_loss":85},{"damage_healed":0,"gold_gain":0,"player_choice":"Ignored","damage_taken":0,"max_hp_gain":0,"max_hp_loss":0,"event_name":"Tomb of Lord Red Mask","floor":36,"gold_loss":0},{"damage_healed":0,"gold_gain":333,"player_choice":"Gave Idol","damage_taken":0,"max_hp_gain":0,"max_hp_loss":0,"event_name":"The Moai Head","floor":37,"relics_lost":["Golden Idol"],"gold_loss":0}],"is_beta":false,"boss_relics":[{"not_picked":["Astrolabe","Cursed Key"],"picked":"Philosopher\u0027s Stone"},{"not_picked":["Calling Bell","Runic Dome"],"picked":"Fusion Hammer"}],"items_purged_floors":[],"is_endless":false,"potions_floor_spawned":[3,10,13,14,18,29,33,38,39],"killed_by":"Giant Head","ascension_level":20,"potion_discard_per_floor":[[],[],[],[],[],[],[],[],[],[],[],[],[],["SneckoOil"],[],[],[],[],[],[],[],[],[],[],[],[],[],[],[],[],[],[],[],[],[],[],[],["Energy Potion"],["SpeedPotion"],[]]}