{"neow_bonuses_skipped_log":["UPGRADE_CARD","TWO_FIFTY_GOLD","BOSS_RELIC"],"neow_costs_skipped_log":["NONE","TEN_PERCENT_HP_LOSS","NONE"],"potions_obtained_entropic_brew":[[],[],[],[],[],[],[],[],[],[],[],[],[],[],[],[],[],[],[],[],[],[],[],[],[],[],[],[],[],[],[],[],[],[],[],[],[],[],[],[],[],[],[],[],[],[],[],[],[],[],[],[],[],[],[],[],[]],"gold_per_floor":[119,169,185,199,219,219,219,244,244,277,277,304,304,322,322,396,396,416,168,93,18,35,35,69,69,69,101,117,117,147,173,185,270,282,308,345,102,102,120,151,179,179,179,207,253,200,229,255,255,255,255,255,255,35,70,70],"floor_reached":57,"playtime":6167,"items_purged":["Strike_R","Strike_R"],"score":3094,"play_id":"96154bbd-651f-449a-bf03-5d41d0d20742","local_time":"20221224004530","score_breakdown":["Floors Climbed (57): 285","Enemies Slain (11): 22","Exordium Elites Killed (3): 30","City Elites Killed (3): 60","Beyond Elites Killed (5): 150","Bosses Slain (5): 750","Stuffed: 50","Champion (3): 75","Overkill: 25","Ascension (20): 1397","Heartbreaker: 250"],"is_ascension_mode":true,"potions_obtained_alchemize":[[],[],[],[],[],[],[],[],[],[],[],[],[],[],[],[],[],[],[],[],[],[],[],[],[],[],[],[],[],[],[],[],[],[],[],[],[],[],[],[],[],[],[],[],[],[],[],[],[],[],[],[],[],[],[],[],[]],"campfire_choices":[{"data":"Flex","floor":6,"key":"SMITH"},{"data":"Immolate","floor":11,"key":"SMITH"},{"data":"Armaments","floor":13,"key":"SMITH"},{"data":"Pommel Strike","floor":15,"key":"SMITH"},{"data":"Corruption","floor":23,"key":"SMITH"},{"data":"Pommel Strike","floor":29,"key":"SMITH"},{"data":"Disarm","floor":32,"key":"SMITH"},{"floor":42,"key":"REST"},{"floor":49,"key":"RECALL"},{"data":"Uppercut","floor":53,"key":"SMITH"}],"lesson_learned_per_floor":[[],[],[],[],[],[],[],[],[],[],[],[],[],[],[],[],[],[],[],[],[],[],[],[],[],[],[],[],[],[],[],[],[],[],[],[],[],[],[],[],[],[],[],[],[],[],[],[],[],[],[],[],[],[],[],[],[]],"neow_cost":"NONE","improvable_cards":{},"seed_source_timestamp":30528115006625,"shop_contents":[{"floor":19,"relics":["MealTicket","PrismaticShard"],"cards":["Perfected Strike","Pommel Strike","Second Wind","Inflame","Finesse","Chrysalis"],"potions":["DistilledChaos","FearPotion","FearPotion"]},{"floor":20,"relics":["Charon\u0027s Ashes","Potion Belt","Strange Spoon"],"cards":["Cleave","Perfected Strike","Flex","True Grit","Combust","Good Instincts","Secret Weapon"],"potions":["ElixirPotion","FearPotion","LiquidBronze"]},{"floor":25,"relics":["Orichalcum","Juzu Bracelet","DollysMirror"],"cards":["Twin Strike","Headbutt","Armaments","Warcry","Combust","Dramatic Entrance","Metamorphosis"],"potions":["LiquidBronze","Dexterity Potion","Energy Potion"]},{"floor":37,"relics":["Meat on the Bone","Toxic Egg 2","Sling"],"cards":["Pommel Strike","Warcry","Entrench","Juggernaut","Mind Blast","Metamorphosis"],"potions":["AttackPotion","SpeedPotion","Ancient Potion"]},{"floor":46,"relics":["Boot","Self Forming Clay","HandDrill"],"cards":["Reaper","Twin Strike","Warcry","Rupture","Mind Blast","Violence"],"potions":["SpeedPotion","Explosive Potion","DistilledChaos"]},{"floor":54,"relics":["Red Skull","Mercury Hourglass"],"cards":["Hemokinesis","Bludgeon","Warcry","Shrug It Off","Combust","Good Instincts","The Bomb"],"potions":["Explosive Potion","SkillPotion"]}],"circlet_count":0,"master_deck":["AscendersBane","Strike_R","Strike_R","Defend_R","Defend_R","Defend_R","Defend_R","Bash+1","Twin Strike+1","Headbutt","Flex+1","Evolve","Immolate+1","Pommel Strike+1","Armaments+1","Ghostly Armor","Corruption+1","Disarm+1","Whirlwind+1","Pommel Strike+1","Exhume","Sentinel","Flame Barrier","Impervious","Clothesline+1","Shrug It Off","Feed","Disarm+1","Shrug It Off+1","Rage+1","Uppercut+1","Shrug It Off","Whirlwind+1","Spot Weakness"],"potion_use_per_floor":[[],[],[],[],[],[],[],[],[],["SneckoOil"],[],[],[],[],[],[],[],[],[],[],[],[],[],["FearPotion"],[],[],["SkillPotion"],[],[],[],[],[],[],[],[],[],[],[],[],["PowerPotion"],["SkillPotion","LiquidMemories"],[],[],["Fire Potion"],[],[],[],[],[],[],[],[],[],[],[],["Weak Potion"],[]],"relics":["Burning Blood","Toy Ornithopter","Pantograph","Magic Flower","Incense Burner","StrikeDummy","Runic Pyramid","Pen Nib","Lantern","FossilizedHelix","Kunai","MawBank","SlaversCollar","WingedGreaves","Bottled Lightning","Anchor","Pocketwatch","Lizard Tail","Shovel","Whetstone","OrangePellets","Pear"],"potions_floor_usage":[10,24,27,40,41,41,44,56],"damage_taken":[{"damage":1,"enemies":"2 Louse","floor":1,"turns":2},{"damage":1,"enemies":"Cultist","floor":3,"turns":3},{"damage":9,"enemies":"Jaw Worm","floor":4,"turns":4},{"damage":13,"enemies":"Red Slaver","floor":5,"turns":3},{"damage":20,"enemies":"3 Sentries","floor":8,"turns":9},{"damage":0,"enemies":"Gremlin Nob","floor":10,"turns":2},{"damage":30,"enemies":"Lagavulin","floor":12,"turns":7},{"damage":11,"enemies":"Large Slime","floor":14,"turns":8},{"damage":4,"enemies":"Slime Boss","floor":16,"turns":8},{"damage":8,"enemies":"2 Thieves","floor":18,"turns":3},{"damage":22,"enemies":"Spheric Guardian","floor":22,"turns":5},{"damage":34,"enemies":"Book of Stabbing","floor":24,"turns":6},{"damage":10,"enemies":"Gremlin Leader","floor":27,"turns":6},{"damage":0,"enemies":"Centurion and Healer","floor":28,"turns":10},{"damage":3,"enemies":"Slavers","floor":30,"turns":4},{"damage":23,"enemies":"Snake Plant","floor":31,"turns":9},{"damage":25,"enemies":"Automaton","floor":33,"turns":10},{"damage":0,"enemies":"3 Shapes","floor":35,"turns":7},{"damage":0,"enemies":"Mind Bloom Boss Battle","floor":36,"turns":6},{"damage":7,"enemies":"Orb Walker","floor":39,"turns":6},{"damage":3,"enemies":"Giant Head","floor":40,"turns":8},{"damage":73,"enemies":"Reptomancer","floor":41,"turns":8},{"damage":0,"enemies":"Giant Head","floor":44,"turns":7},{"damage":1,"enemies":"2 Orb Walkers","floor":45,"turns":5},{"damage":1,"enemies":"Reptomancer","floor":47,"turns":7},{"damage":0,"enemies":"Nemesis","floor":48,"turns":7},{"damage":14,"enemies":"Awakened One","floor":50,"turns":24},{"damage":29,"enemies":"Donu and Deca","floor":51,"turns":11},{"damage":52,"enemies":"Shield and Spear","floor":55,"turns":11},{"damage":94,"enemies":"The Heart","floor":56,"turns":12}],"green_key_taken_log":10,"seed_played":"-2912788733099418864","neow_bonus_log":{"cardsObtained":[],"cardsUpgraded":[],"cardsRemoved":[],"cardsTransformed":[],"relicsObtained":["Toy Ornithopter"],"maxHpGained":0,"goldGained":0,"damageTaken":0,"goldLost":0,"maxHpLost":0},"potions_obtained":[{"floor":1,"key":"LiquidMemories"},{"floor":4,"key":"LiquidBronze"},{"floor":8,"key":"SneckoOil"},{"floor":16,"key":"PowerPotion"},{"floor":22,"key":"FearPotion"},{"floor":24,"key":"SkillPotion"},{"floor":27,"key":"Regen Potion"},{"floor":33,"key":"PowerPotion"},{"floor":40,"key":"SkillPotion"},{"floor":41,"key":"Fire Potion"},{"floor":44,"key":"ElixirPotion"}],"is_trial":false,"path_per_floor":["M","?","M","M","M","R","?","E","T","E","R","E","R","M","R","B",null,"M","$","$","?","M","R","E","$","T","E","M","R","E","M","R","B",null,"M","?","$","?","M","E","E","R","T","E","?","$","E","E","R","B","B",null,"R","$","E","B",null],"character_chosen":"IRONCLAD","items_purchased":["Pen Nib","Disarm","Feed","Shrug It Off","OrangePellets","Weak Potion"],"campfire_rested":1,"item_purchase_floors":[19,19,37,46,54,54],"current_hp_per_floor":[73,66,71,68,61,61,61,47,47,64,64,43,43,41,41,75,75,75,75,75,75,62,62,45,45,45,52,61,61,67,53,53,59,71,75,75,75,75,79,82,32,57,57,79,96,96,100,104,104,108,97,111,111,111,84,45],"gold":70,"neow_bonus":"RANDOM_COMMON_RELIC","is_prod":false,"is_daily":false,"rewards_skipped":[{"floor":31,"relics":[],"potions":["Swift Potion"]}],"chose_seed":false,"campfire_upgraded":8,"win_rate":0,"floor_exit_playtime":[108,113,185,234,327,332,353,519,522,563,569,725,730,821,828,1032,1056,1087,1180,1253,1263,1421,1429,1664,1690,1697,1831,1999,2011,2093,2235,2305,2527,2577,2637,2777,2821,2834,2890,3092,3508,3560,3565,4121,4326,4450,4681,4795,4805,5244,5491,5502,5513,5599,5818,6167],"timestamp":1671860730,"blue_key_relic_skipped_log":{"floor":43,"relicID":"Mango"},"path_taken":["M","?","?","M","M","R","?","E","T","E","R","E","R","M","R","BOSS","M","?","$","?","M","R","E","?","T","E","M","R","E","M","R","BOSS","M","?","$","?","M","E","E","R","T","E","?","$","E","E","R","BOSS","BOSS","R","$","E","BOSS"],"build_version":"2022-12-18","purchased_purges":2,"victory":true,"max_hp_per_floor":[75,75,75,75,75,75,75,75,75,75,75,75,75,75,75,75,75,75,75,75,75,75,75,75,75,75,75,75,75,75,75,75,75,75,75,75,75,75,79,82,86,86,86,89,96,96,100,104,104,111,115,115,115,115,129,129],"relic_stats":{"counters":[30,218],"Magic Flower":[110],"Pen Nib":[25],"Whetstone":["Bash","Twin Strike"],"MawBank":84,"Burning Blood":203,"OrangePellets":[2],"Lizard Tail":0,"Shovel":0,"Pantograph":97,"WingedGreaves":2,"Kunai":[33],"Bottled Lightning":"Disarm","obtain_stats":[{"Lantern":24,"Pear":55,"Magic Flower":9,"Pen Nib":19,"Incense Burner":10,"Whetstone":48,"MawBank":30,"Burning Blood":0,"SlaversCollar":34,"OrangePellets":54,"Anchor":41,"Lizard Tail":45,"Shovel":47,"Pantograph":8,"WingedGreaves":36,"Kunai":27,"Bottled Lightning":40,"StrikeDummy":12,"Toy Ornithopter":0,"FossilizedHelix":26,"Runic Pyramid":17,"Pocketwatch":44},{"Lantern":12,"Pear":29,"Magic Flower":5,"Pen Nib":10,"Incense Burner":6,"Whetstone":26,"MawBank":15,"Burning Blood":0,"SlaversCollar":17,"OrangePellets":28,"Anchor":22,"Lizard Tail":24,"Shovel":25,"Pantograph":5,"WingedGreaves":19,"Kunai":13,"Bottled Lightning":21,"StrikeDummy":7,"Toy Ornithopter":0,"FossilizedHelix":12,"Runic Pyramid":9,"Pocketwatch":23},{"Lantern":60,"Pear":206,"Magic Flower":21,"Pen Nib":49,"Incense Burner":23,"Whetstone":160,"MawBank":80,"Burning Blood":0,"SlaversCollar":99,"OrangePellets":195,"Anchor":134,"Lizard Tail":146,"Shovel":153,"Pantograph":21,"WingedGreaves":112,"Kunai":66,"Bottled Lightning":126,"StrikeDummy":30,"Toy Ornithopter":0,"FossilizedHelix":60,"Runic Pyramid":46,"Pocketwatch":141}],"Toy Ornithopter":48,"FossilizedHelix":[229],"Pocketwatch":[15]},"card_choices":[{"not_picked":["Warcry","Sword Boomerang"],"picked":"Twin Strike","floor":1},{"not_picked":["Body Slam","Wild Strike"],"picked":"Headbutt","floor":3},{"not_picked":["Clash","Dropkick"],"picked":"Flex","floor":4},{"not_picked":["Burning Pact","Headbutt"],"picked":"Evolve","floor":5},{"not_picked":["Wild Strike","True Grit"],"picked":"Immolate","floor":8},{"not_picked":["True Grit","Sever Soul"],"picked":"Pommel Strike","floor":10},{"not_picked":["Flex","Cleave"],"picked":"Armaments","floor":12},{"not_picked":["Spot Weakness","Bludgeon"],"picked":"Ghostly Armor","floor":14},{"not_picked":["Limit Break","Exhume"],"picked":"Corruption","floor":16},{"not_picked":["Flex","Heavy Blade","Metallicize"],"picked":"SKIP","floor":18},{"not_picked":["Battle Trance","Cleave+1"],"picked":"Whirlwind+1","floor":22},{"not_picked":["Armaments","Pommel Strike","Whirlwind"],"picked":"SKIP","floor":24},{"not_picked":["Armaments","Whirlwind"],"picked":"Pommel Strike","floor":24},{"not_picked":["Body Slam","Armaments"],"picked":"Exhume","floor":27},{"not_picked":["Thunderclap","Carnage","Wild Strike"],"picked":"SKIP","floor":28},{"not_picked":["Thunderclap","Carnage","Wild Strike"],"picked":"SKIP","floor":28},{"not_picked":["Armaments","Searing Blow"],"picked":"Sentinel","floor":30},{"not_picked":["Second Wind","Clothesline"],"picked":"Flame Barrier","floor":31},{"not_picked":["Reaper","Fiend Fire"],"picked":"Impervious","floor":33},{"not_picked":["Clash+1","Sword Boomerang"],"picked":"Clothesline+1","floor":35},{"not_picked":["Sword Boomerang+1","Warcry"],"picked":"Shrug It Off","floor":36},{"not_picked":["Infernal Blade","Warcry","Clash"],"picked":"SKIP","floor":39},{"not_picked":["Flame Barrier+1","Cleave"],"picked":"Disarm+1","floor":40},{"not_picked":["Headbutt","Dual Wield"],"picked":"Shrug It Off+1","floor":41},{"not_picked":["Dropkick","Sever Soul"],"picked":"Rage+1","floor":44},{"not_picked":["Clothesline","Clash"],"picked":"Uppercut","floor":45},{"not_picked":["Combust+1","Rage"],"picked":"Whirlwind+1","floor":47},{"not_picked":["Disarm","Shrug It Off"],"picked":"Spot Weakness","floor":48},{"not_picked":["Immolate","Pommel Strike","Clothesline+1"],"picked":"SKIP","floor":55}],"player_experience":4829576,"relics_obtained":[{"floor":8,"key":"Pantograph"},{"floor":9,"key":"Magic Flower"},{"floor":10,"key":"Incense Burner"},{"floor":12,"key":"StrikeDummy"},{"floor":24,"key":"Lantern"},{"floor":26,"key":"FossilizedHelix"},{"floor":27,"key":"Kunai"},{"floor":30,"key":"MawBank"},{"floor":36,"key":"WingedGreaves"},{"floor":40,"key":"Bottled Lightning"},{"floor":41,"key":"Anchor"},{"floor":44,"key":"Pocketwatch"},{"floor":45,"key":"Lizard Tail"},{"floor":47,"key":"Shovel"},{"floor":48,"key":"Whetstone"},{"floor":55,"key":"Pear"}],"event_choices":[{"damage_healed":0,"gold_gain":50,"player_choice":"Touch","damage_taken":7,"max_hp_gain":0,"max_hp_loss":0,"event_name":"FaceTrader","floor":2,"gold_loss":0},{"damage_healed":0,"gold_gain":0,"player_choice":"0 cards matched","damage_taken":0,"max_hp_gain":0,"max_hp_loss":0,"event_name":"Match and Keep!","floor":7,"gold_loss":0,"cards_obtained":[]},{"cards_removed":["Strike_R"],"damage_healed":0,"gold_gain":0,"player_choice":"Gave Gold","damage_taken":0,"max_hp_gain":0,"max_hp_loss":0,"event_name":"Beggar","floor":21,"gold_loss":75},{"damage_healed":0,"gold_gain":0,"player_choice":"Fight","damage_taken":0,"max_hp_gain":0,"max_hp_loss":0,"event_name":"MindBloom","floor":36,"gold_loss":0},{"damage_healed":0,"gold_gain":0,"player_choice":"Ignored","damage_taken":0,"max_hp_gain":0,"max_hp_loss":0,"event_name":"Tomb of Lord Red Mask","floor":38,"gold_loss":0},{"damage_healed":0,"gold_gain":0,"player_choice":"Fight","damage_taken":0,"max_hp_gain":0,"max_hp_loss":0,"event_name":"Mysterious Sphere","floor":45,"gold_loss":0}],"is_beta":false,"boss_relics":[{"not_picked":["Ectoplasm","Philosopher\u0027s Stone"],"picked":"Runic Pyramid"},{"not_picked":["Sozu","Runic Dome"],"picked":"SlaversCollar"}],"items_purged_floors":[20,37],"is_endless":false,"potions_floor_spawned":[1,4,8,16,22,24,27,31,33,40,41,44],"ascension_level":20,"potion_discard_per_floor":[[],[],[],[],[],[],[],["LiquidBronze"],[],[],[],[],[],[],[],[],[],[],[],[],[],["PowerPotion"],[],[],[],[],[],[],[],[],[],[],["Regen Potion"],[],[],[],[],[],[],[],[],[],[],[],[],[],[],[],[],[],[],[],[],[],[],[],[]]}