{"neow_bonuses_skipped_log":["HUNDRED_GOLD","ONE_RARE_RELIC","BOSS_RELIC"],"potions_obtained_entropic_brew":[[],[],[],[],[],[],[],[],[],[],[],[],[],[],[],[],[],[],[],[],[],[],[],[],[],[],[],[],[],[],[],[],[],[],[],[],[],[],[],[],[],[],[],[],[],[],[],[],[],[],[],[],[],[],[],[],[]],"neow_costs_skipped_log":["NONE","CURSE","NONE"],"gold_per_floor":[118,118,131,13,25,56,67,98,123,150,150,184,194,226,226,297,297,312,343,343,361,379,412,412,445,513,541,441,441,96,276,276,350,350,365,76,94,104,119,149,149,183,260,279,292,302,302,524,524,524,524,524,524,162,196,196],"floor_reached":57,"playtime":2292,"items_purged":["Defend_P","Strike_P","Defend_P","ReachHeaven"],"score":3345,"play_id":"34c8facd-6437-4395-92b1-c41de478d9a6","local_time":"20240210225330","score_breakdown":["Floors Climbed (57): 285","Enemies Slain (15): 30","Exordium Elites Killed (5): 50","City Elites Killed (3): 60","Beyond Elites Killed (2): 60","Bosses Slain (5): 750","Light Speed: 50","Money Money (1351): 25","Champion (8): 200","Perfect (1): 50","C-c-c-combo: 25","Ascension (20): 1510","Heartbreaker: 250"],"is_ascension_mode":true,"potions_obtained_alchemize":[[],[],[],[],[],[],[],[],[],[],[],[],[],[],[],[],[],[],[],[],[],[],[],[],[],[],[],[],[],[],[],[],[],[],[],[],[],[],[],[],[],[],[],[],[],[],[],[],[],[],[],[],[],[],[],[],[]],"campfire_choices":[{"data":"MentalFortress","floor":11,"key":"SMITH"},{"floor":15,"key":"REST"},{"data":"Vault","floor":24,"key":"SMITH"},{"data":"Strike_P","floor":32,"key":"PURGE"},{"floor":41,"key":"RECALL"},{"data":"Defend_P","floor":49,"key":"PURGE"},{"data":"Strike_P+1","floor":53,"key":"PURGE"}],"lesson_learned_per_floor":[[],[],[],[],[],[],[],[],[],[],[],[],[],[],[],[],[],[],[],[],[],[],[],[],[],[],[],[],[],[],[],[],[],[],[],[],[],[],[],[],[],[],[],[],[],[],[],[],[],[],[],[],[],[],[],[],[]],"neow_cost":"NONE","improvable_cards":{},"seed_source_timestamp":6938270141473,"shop_contents":[{"floor":4,"relics":["Toxic Egg 2","Matryoshka","Toolbox"],"cards":["EmptyFist","ThirdEye","ForeignInfluence","Nirvana","Madness","The Bomb"],"potions":["AttackPotion","DuplicationPotion","BottledMiracle"]},{"floor":28,"relics":["Ancient Tea Set","CaptainsWheel","HandDrill"],"cards":["CarveReality","JustLucky","EmptyBody","Vengeance","Wireheading","Discovery","Panache"],"potions":["Energy Potion","EssenceOfSteel","BlessingOfTheForge"]},{"floor":30,"relics":["Happy Flower","ClockworkSouvenir"],"cards":["Ragnarok","Conclude","ClearTheMind","ThirdEye","MasterReality","Panacea","Thinking Ahead"],"potions":["FearPotion","EntropicBrew","SteroidPotion"]},{"floor":36,"relics":["Darkstone Periapt","CeramicFish"],"cards":["BowlingBash","Wallop","ThirdEye","Prostrate","Fasting2","PanicButton","Metamorphosis"],"potions":["Block Potion","CultistPotion","Regen Potion"]},{"floor":54,"relics":["Bronze Scales","Gremlin Horn"],"cards":["Weave","JustLucky","ClearTheMind","Pray","Dark Shackles","HandOfGreed"],"potions":["StancePotion","PowerPotion","Swift Potion"]}],"circlet_count":0,"master_deck":["AscendersBane","Eruption","Vigilance","MentalFortress+1","Tantrum","FearNoEvil","CutThroughFate+1","Vault+1","FlurryOfBlows+1","Vault","EmptyMind","Study+1","InnerPeace","Halt","Adaptation+1","Adaptation"],"potion_use_per_floor":[[],[],[],[],[],["Strength Potion"],[],[],[],[],[],[],[],[],[],[],[],[],[],[],[],[],[],[],[],[],[],[],[],[],[],[],["BottledMiracle","GamblersBrew"],[],[],[],[],[],[],[],[],[],[],[],[],[],[],[],[],[],[],[],[],[],[],[],[]],"relics":["PureWater","Pear","Vajra","PreservedInsect","Whetstone","Meat on the Bone","Lantern","Kunai","VioletLotus","Red Mask","Gambling Chip","Blood Vial","InkBottle","Orichalcum","Peace Pipe","Fusion Hammer","Orrery","Ginger","Omamori","Melange","Bag of Marbles"],"potions_floor_usage":[6,33,33],"damage_taken":[{"damage":2,"enemies":"Jaw Worm","floor":1,"turns":3},{"damage":3,"enemies":"Small Slimes","floor":3,"turns":2},{"damage":0,"enemies":"2 Louse","floor":5,"turns":4},{"damage":0,"enemies":"Gremlin Nob","floor":6,"turns":2},{"damage":16,"enemies":"Lots of Slimes","floor":7,"turns":3},{"damage":10,"enemies":"3 Sentries","floor":8,"turns":3},{"damage":0,"enemies":"Gremlin Nob","floor":10,"turns":2},{"damage":0,"enemies":"Lagavulin","floor":12,"turns":3},{"damage":0,"enemies":"Large Slime","floor":13,"turns":3},{"damage":2,"enemies":"3 Sentries","floor":14,"turns":3},{"damage":30,"enemies":"The Guardian","floor":16,"turns":9},{"damage":0,"enemies":"Spheric Guardian","floor":18,"turns":2},{"damage":0,"enemies":"Masked Bandits","floor":19,"turns":3},{"damage":1,"enemies":"2 Thieves","floor":21,"turns":3},{"damage":22,"enemies":"Snake Plant","floor":22,"turns":5},{"damage":18,"enemies":"Gremlin Leader","floor":23,"turns":6},{"damage":0,"enemies":"Book of Stabbing","floor":25,"turns":3},{"damage":0,"enemies":"Slavers","floor":27,"turns":2},{"damage":11,"enemies":"Automaton","floor":33,"turns":7},{"damage":0,"enemies":"3 Shapes","floor":35,"turns":3},{"damage":0,"enemies":"3 Darklings","floor":37,"turns":3},{"damage":0,"enemies":"Spire Growth","floor":38,"turns":4},{"damage":0,"enemies":"Transient","floor":39,"turns":7},{"damage":0,"enemies":"Nemesis","floor":40,"turns":3},{"damage":0,"enemies":"Reptomancer","floor":42,"turns":3},{"damage":0,"enemies":"Maw","floor":44,"turns":4},{"damage":0,"enemies":"Spire Growth","floor":45,"turns":4},{"damage":0,"enemies":"3 Darklings","floor":46,"turns":2},{"damage":11,"enemies":"Time Eater","floor":50,"turns":5},{"damage":0,"enemies":"Donu and Deca","floor":51,"turns":4},{"damage":0,"enemies":"Shield and Spear","floor":55,"turns":3},{"damage":22,"enemies":"The Heart","floor":56,"turns":8}],"green_key_taken_log":42,"seed_played":"3847300719249401242","neow_bonus_log":{"cardsObtained":[],"cardsUpgraded":[],"cardsRemoved":["Defend_P"],"cardsTransformed":[],"relicsObtained":[],"maxHpGained":0,"goldGained":0,"damageTaken":0,"goldLost":0,"maxHpLost":0},"potions_obtained":[{"floor":5,"key":"Strength Potion"},{"floor":6,"key":"Strength Potion"},{"floor":8,"key":"Energy Potion"},{"floor":13,"key":"BottledMiracle"},{"floor":27,"key":"GamblersBrew"},{"floor":33,"key":"FairyPotion"},{"floor":37,"key":"GamblersBrew"}],"is_trial":false,"path_per_floor":["M","?","M","$","M","E","M","E","T","E","R","E","M","E","R","B",null,"M","?","?","M","M","E","R","E","T","E","$","?","$","?","R","B",null,"M","$","M","M","M","E","R","E","T","M","M","M","?","?","R","B","B",null,"R","$","E","B",null],"character_chosen":"WATCHER","basemod:card_modifiers":[null,null,null,null,null,null,null,null,null,null,null,null,null,null,null,null],"items_purchased":["Tantrum","Peace Pipe","Orrery","Adaptation","Melange"],"campfire_rested":1,"item_purchase_floors":[4,30,36,54,54],"current_hp_per_floor":[59,64,61,61,61,61,45,35,35,35,35,47,47,45,68,50,71,71,71,71,70,48,42,42,42,42,44,44,44,44,25,25,28,66,68,68,70,72,74,76,76,78,78,78,78,78,78,78,78,67,69,76,76,76,78,56],"gold":196,"neow_bonus":"REMOVE_CARD","is_prod":false,"is_daily":false,"rewards_skipped":[{"floor":12,"relics":[],"potions":["SpeedPotion"]},{"floor":14,"relics":[],"potions":["Fire Potion"]},{"floor":18,"relics":[],"potions":["Energy Potion"]},{"floor":39,"relics":[],"potions":["BlessingOfTheForge"]},{"floor":42,"relics":[],"potions":["BottledMiracle"]},{"floor":45,"relics":[],"potions":["Regen Potion"]},{"floor":46,"relics":[],"potions":["EntropicBrew"]}],"chose_seed":false,"campfire_upgraded":2,"win_rate":0,"floor_exit_playtime":[52,55,83,92,144,190,244,296,299,314,321,354,380,425,432,505,538,556,598,607,641,696,778,784,814,817,859,871,874,899,912,919,1098,1120,1160,1195,1245,1294,1387,1441,1446,1494,1497,1563,1606,1651,1658,1661,1668,1794,1914,1927,1936,1961,2063,2292],"timestamp":1707623610,"blue_key_relic_skipped_log":{"floor":43,"relicID":"Ornamental Fan"},"path_taken":["M","?","M","$","M","E","M","E","T","E","R","E","M","E","R","BOSS","M","?","?","M","M","E","R","E","T","E","$","?","$","?","R","BOSS","M","$","M","M","M","E","R","E","T","M","?","M","?","?","R","BOSS","BOSS","R","$","E","BOSS"],"build_version":"2022-12-18","purchased_purges":4,"victory":true,"max_hp_per_floor":[68,78,78,78,78,78,78,78,78,78,78,78,78,78,78,78,78,78,78,78,78,78,78,78,78,78,78,78,78,78,78,78,78,78,78,78,78,78,78,78,78,78,78,78,78,78,78,78,78,78,78,78,78,78,78,78],"relic_stats":{"counters":[32,121],"Melange":[44],"PreservedInsect":413,"Omamori":1,"Whetstone":["CutThroughFate","Strike_P"],"Ginger":[7],"Orichalcum":[66],"Blood Vial":20,"Peace Pipe":3,"Gambling Chip":[35],"VioletLotus":[106],"Kunai":[100],"PureWater":[21],"obtain_stats":[{"Lantern":12,"Pear":2,"Vajra":6,"Melange":54,"PreservedInsect":8,"Omamori":42,"Whetstone":9,"Ginger":40,"Orichalcum":27,"Blood Vial":25,"Peace Pipe":30,"Gambling Chip":23,"Orrery":36,"VioletLotus":17,"Fusion Hammer":34,"Red Mask":19,"Bag of Marbles":55,"Kunai":14,"PureWater":0,"InkBottle":26,"Meat on the Bone":10},{"Lantern":8,"Pear":1,"Vajra":4,"Melange":30,"PreservedInsect":6,"Omamori":25,"Whetstone":6,"Ginger":24,"Orichalcum":18,"Blood Vial":17,"Peace Pipe":18,"Gambling Chip":16,"Orrery":20,"VioletLotus":11,"Fusion Hammer":19,"Red Mask":13,"Bag of Marbles":31,"Kunai":10,"PureWater":0,"InkBottle":17,"Meat on the Bone":7},{"Lantern":22,"Pear":3,"Vajra":11,"Melange":110,"PreservedInsect":17,"Omamori":91,"Whetstone":17,"Ginger":88,"Orichalcum":61,"Blood Vial":59,"Peace Pipe":61,"Gambling Chip":56,"Orrery":71,"VioletLotus":37,"Fusion Hammer":68,"Red Mask":42,"Bag of Marbles":113,"Kunai":28,"PureWater":0,"InkBottle":59,"Meat on the Bone":19}],"InkBottle":[49],"Meat on the Bone":48},"card_choices":[{"not_picked":["BowlingBash","ThirdEye","Worship"],"picked":"SKIP","floor":1},{"not_picked":["CrushJoints","BowlingBash"],"picked":"MentalFortress","floor":3},{"not_picked":["WaveOfTheHand","CarveReality"],"picked":"FearNoEvil","floor":5},{"not_picked":["Blasphemy","ClearTheMind"],"picked":"ReachHeaven","floor":6},{"not_picked":["FlyingSleeves","CrushJoints"],"picked":"CutThroughFate","floor":7},{"not_picked":["Crescendo","ReachHeaven","MasterReality"],"picked":"SKIP","floor":8},{"not_picked":["ClearTheMind","SashWhip","Evaluate"],"picked":"SKIP","floor":10},{"not_picked":["Crescendo","FollowUp","SignatureMove"],"picked":"SKIP","floor":13},{"not_picked":["ConjureBlade","Establishment"],"picked":"Vault","floor":16},{"not_picked":["EmptyBody","Crescendo"],"picked":"FlurryOfBlows+1","floor":18},{"not_picked":["LikeWater+1","DeceiveReality","CutThroughFate+1"],"picked":"SKIP","floor":19},{"not_picked":["WheelKick+1","Consecrate","FollowUp"],"picked":"SKIP","floor":21},{"not_picked":["ThirdEye+1","ForeignInfluence","Prostrate"],"picked":"SKIP","floor":23},{"not_picked":["Indignation","CrushJoints","Evaluate"],"picked":"SKIP","floor":25},{"not_picked":["BowlingBash+1","Consecrate","FlurryOfBlows"],"picked":"SKIP","floor":27},{"not_picked":["SpiritShield","DeusExMachina"],"picked":"Vault","floor":33},{"not_picked":["Tantrum","ThirdEye","Protect+1"],"picked":"SKIP","floor":35},{"not_picked":["ConjureBlade","EmptyBody"],"picked":"EmptyMind","floor":36},{"not_picked":["JustLucky","Halt"],"picked":"Study+1","floor":36},{"not_picked":["CrushJoints","SashWhip","FearNoEvil"],"picked":"SKIP","floor":36},{"not_picked":["Weave","Conclude","WaveOfTheHand+1"],"picked":"SKIP","floor":36},{"not_picked":["FlurryOfBlows+1","FollowUp","FlyingSleeves"],"picked":"SKIP","floor":36},{"not_picked":["Worship","Wallop"],"picked":"InnerPeace","floor":37},{"not_picked":["EmptyFist+1","Evaluate","Crescendo"],"picked":"SKIP","floor":38},{"not_picked":["Consecrate","PathToVictory"],"picked":"Halt","floor":39},{"not_picked":["JustLucky+1","Evaluate+1"],"picked":"Adaptation+1","floor":40},{"not_picked":["BattleHymn+1","FollowUp","Protect"],"picked":"SKIP","floor":42},{"not_picked":["BattleHymn","FlurryOfBlows","EmptyFist"],"picked":"SKIP","floor":45},{"not_picked":["BowlingBash","Devotion","Prostrate"],"picked":"SKIP","floor":46},{"not_picked":["Halt","Prostrate+1","Brilliance"],"picked":"SKIP","floor":55}],"player_experience":5988282,"relics_obtained":[{"floor":6,"key":"Vajra"},{"floor":8,"key":"PreservedInsect"},{"floor":9,"key":"Whetstone"},{"floor":10,"key":"Meat on the Bone"},{"floor":12,"key":"Lantern"},{"floor":14,"key":"Kunai"},{"floor":19,"key":"Red Mask"},{"floor":23,"key":"Gambling Chip"},{"floor":25,"key":"Blood Vial"},{"floor":26,"key":"InkBottle"},{"floor":27,"key":"Orichalcum"},{"floor":40,"key":"Ginger"},{"floor":42,"key":"Omamori"},{"floor":55,"key":"Bag of Marbles"}],"event_choices":[{"damage_healed":0,"gold_gain":0,"player_choice":"Success","damage_taken":5,"relics_obtained":["Pear"],"max_hp_gain":0,"max_hp_loss":0,"event_name":"Scrap Ooze","floor":2,"gold_loss":0},{"damage_healed":0,"gold_gain":0,"player_choice":"Fought Bandits","damage_taken":0,"max_hp_gain":0,"max_hp_loss":0,"event_name":"Masked Bandits","floor":19,"gold_loss":0},{"cards_removed":["Strike_P"],"damage_healed":0,"gold_gain":0,"player_choice":"Elegance","damage_taken":0,"max_hp_gain":0,"max_hp_loss":0,"event_name":"Back to Basics","floor":20,"gold_loss":0},{"damage_healed":0,"gold_gain":0,"player_choice":"Ignored","damage_taken":0,"max_hp_gain":0,"max_hp_loss":0,"event_name":"Ghosts","floor":29,"gold_loss":0},{"damage_healed":0,"gold_gain":180,"player_choice":"GOLD GOLD ","damage_taken":19,"max_hp_gain":0,"max_hp_loss":0,"event_name":"Knowing Skull","floor":31,"potions_obtained":[],"gold_loss":0,"cards_obtained":[]},{"damage_healed":16,"gold_gain":0,"player_choice":"Writhe","damage_taken":0,"max_hp_gain":0,"max_hp_loss":0,"event_name":"Winding Halls","floor":47,"gold_loss":0,"cards_obtained":["Writhe"]},{"damage_healed":0,"gold_gain":222,"player_choice":"Wore Mask","damage_taken":0,"max_hp_gain":0,"max_hp_loss":0,"event_name":"Tomb of Lord Red Mask","floor":48,"gold_loss":0}],"is_beta":false,"boss_relics":[{"not_picked":["HolyWater","Velvet Choker"],"picked":"VioletLotus"},{"not_picked":["Runic Dome","Snecko Eye"],"picked":"Fusion Hammer"}],"items_purged_floors":[4,28,36,54],"is_endless":false,"potions_floor_spawned":[5,6,8,12,13,14,18,27,33,37,39,42,45,46],"ascension_level":20,"potion_discard_per_floor":[[],[],[],[],[],[],[],[],[],[],[],[],["Energy Potion"],[],[],[],[],[],[],[],[],[],[],[],[],[],["Strength Potion"],[],[],[],[],[],[],[],[],[],[],[],[],[],[],[],[],[],[],[],[],[],[],[],[],[],[],[],[],[],[]]}