{"neow_bonuses_skipped_log":["RANDOM_COMMON_RELIC","RANDOM_COLORLESS_2","BOSS_RELIC"],"neow_costs_skipped_log":["NONE","CURSE","NONE"],"potions_obtained_entropic_brew":[[],[],[],[],[],[],[],[],[],[],[],[],[],[],[],[],[],[],[],[],[],[],[],[],[],[],[],[],[],[],[],[],[],[],[],[],[],[],[],[],[],[],[],[],[],[],[],[],[],[],[],[],[],[],[],[],[]],"gold_per_floor":[113,113,125,142,67,92,92,118,191,225,236,236,251,286,286,365,365,384,395,134,144,66,66,91,91,139,166,179,213,226,244,244,323,323,334,209,209,59,59,88,88,119,119,136,147,201,201,212,212,212,212,212,212,37,70,70],"floor_reached":57,"playtime":2440,"items_purged":["Defend_P","Strike_P","Strike_P","Strike_P+1","FollowUp+1"],"score":3450,"play_id":"02803c97-eb3f-4511-be2e-6fad0faa8be9","local_time":"20240208220149","score_breakdown":["Floors Climbed (57): 285","Enemies Slain (15): 30","Exordium Elites Killed (4): 40","City Elites Killed (3): 60","Beyond Elites Killed (2): 60","Bosses Slain (5): 750","Light Speed: 50","Highlander: 100","Stuffed: 50","Champion (6): 150","Perfect (2): 100","C-c-c-combo: 25","Ascension (20): 1500","Heartbreaker: 250"],"is_ascension_mode":true,"potions_obtained_alchemize":[[],[],[],[],[],[],[],[],[],[],[],[],[],[],[],[],[],[],[],[],[],[],[],[],[],[],[],[],[],[],[],[],[],[],[],[],[],[],[],[],[],[],[],[],[],[],[],[],[],[],[],[],[],[],[],[],[]],"campfire_choices":[{"data":"Eruption","floor":7,"key":"SMITH"},{"data":"MentalFortress","floor":15,"key":"SMITH"},{"floor":23,"key":"REST"},{"data":"Scrawl","floor":25,"key":"SMITH"},{"floor":32,"key":"RECALL"},{"floor":41,"key":"REST"},{"floor":47,"key":"REST"},{"floor":49,"key":"REST"},{"floor":53,"key":"REST"}],"lesson_learned_per_floor":[[],[],[],[],[],[],[],[],[],[],[],[],[],[],[],[],[],["Strike_P"],[],[],["Tantrum"],[],[],["FollowUp"],[],[],["Strike_P"],["Defend_P"],["Defend_P"],["Adaptation"],["Vigilance"],[],["CutThroughFate"],[],["LessonLearned"],[],[],[],[],["InnerPeace"],[],[],[],[],[],[],[],["EmptyMind"],[],[],[],[],[],[],[],[],[]],"neow_cost":"NONE","improvable_cards":{},"seed_source_timestamp":14509483898870,"shop_contents":[{"floor":5,"relics":["War Paint","Bag of Preparation","PrismaticShard"],"cards":["CrushJoints","SignatureMove","Prostrate","Blasphemy","MasterReality","Forethought","Secret Technique"],"potions":["BottledMiracle","DuplicationPotion","AttackPotion"]},{"floor":20,"relics":["Regal Pillow","CaptainsWheel","TheAbacus"],"cards":["ReachHeaven","EmptyFist","Sanctity","Fasting2","Forethought","Sadistic Nature"],"potions":["Ancient Potion","FairyPotion","Strength Potion"]},{"floor":22,"relics":["Kunai","Du-Vu Doll","OrangePellets"],"cards":["WheelKick","FearNoEvil","Protect","WreathOfFlame","Purity","Mayhem"],"potions":["AttackPotion","EssenceOfSteel","BlessingOfTheForge"]},{"floor":36,"relics":["Whetstone","Girya","Medical Kit"],"cards":["EmptyFist","JustLucky","Meditate","EmptyBody","Study","Forethought","Secret Technique"],"potions":["BottledMiracle","CultistPotion","EssenceOfSteel"]},{"floor":38,"relics":["Bag of Marbles","Bottled Tornado","DollysMirror"],"cards":["FlurryOfBlows","Weave","EmptyBody","Evaluate","BattleHymn","Mind Blast","HandOfGreed"],"potions":["Swift Potion","FearPotion","SkillPotion"]},{"floor":54,"relics":["Ornamental Fan","FossilizedHelix","Orrery"],"cards":["Brilliance","CutThroughFate","Meditate","Halt","LikeWater","Flash of Steel","HandOfGreed"],"potions":["SpeedPotion","CultistPotion","Swift Potion"]}],"circlet_count":0,"master_deck":["AscendersBane","Defend_P+1","Defend_P+1","Eruption+1","Vigilance+1","CutThroughFate+1","MentalFortress+1","InnerPeace+1","FlurryOfBlows+1","Tantrum+1","LessonLearned+1","Scrawl+1","Adaptation+1","EmptyMind+1"],"potion_use_per_floor":[[],[],[],[],[],["BlessingOfTheForge"],[],[],[],["BlessingOfTheForge"],[],[],[],[],[],[],[],[],["SteroidPotion"],[],[],[],[],[],[],[],[],[],[],[],[],[],[],[],[],[],[],[],[],[],[],[],[],[],[],[],[],[],[],[],[],[],[],[],[],["Strength Potion","EssenceOfSteel","Energy Potion","Swift Potion"],[]],"relics":["HolyWater","Singing Bowl","Ancient Tea Set","Unceasing Top","Lizard Tail","Happy Flower","VioletLotus","Orichalcum","Boot","Dream Catcher","Incense Burner","Potion Belt","Anchor","Centennial Puzzle","Ice Cream","Damaru"],"potions_floor_usage":[6,10,19,56,56,56,56],"damage_taken":[{"damage":0,"enemies":"Cultist","floor":1,"turns":2},{"damage":0,"enemies":"Jaw Worm","floor":3,"turns":2},{"damage":0,"enemies":"2 Louse","floor":4,"turns":1},{"damage":14,"enemies":"Lagavulin","floor":6,"turns":4},{"damage":16,"enemies":"Gremlin Nob","floor":8,"turns":3},{"damage":0,"enemies":"3 Sentries","floor":10,"turns":4},{"damage":4,"enemies":"Blue Slaver","floor":11,"turns":3},{"damage":7,"enemies":"Exordium Thugs","floor":13,"turns":3},{"damage":0,"enemies":"Lagavulin","floor":14,"turns":4},{"damage":0,"enemies":"Slime Boss","floor":16,"turns":5},{"damage":25,"enemies":"Shell Parasite","floor":18,"turns":4},{"damage":12,"enemies":"Chosen","floor":19,"turns":3},{"damage":6,"enemies":"3 Cultists","floor":21,"turns":5},{"damage":0,"enemies":"Gremlin Leader","floor":24,"turns":3},{"damage":21,"enemies":"Slavers","floor":27,"turns":3},{"damage":0,"enemies":"Snecko","floor":28,"turns":3},{"damage":7,"enemies":"Gremlin Leader","floor":29,"turns":3},{"damage":0,"enemies":"Snake Plant","floor":30,"turns":2},{"damage":0,"enemies":"Centurion and Healer","floor":31,"turns":4},{"damage":26,"enemies":"Automaton","floor":33,"turns":8},{"damage":0,"enemies":"3 Shapes","floor":35,"turns":3},{"damage":0,"enemies":"Reptomancer","floor":40,"turns":1},{"damage":0,"enemies":"Giant Head","floor":42,"turns":3},{"damage":0,"enemies":"3 Darklings","floor":44,"turns":1},{"damage":0,"enemies":"Transient","floor":45,"turns":6},{"damage":4,"enemies":"2 Orb Walkers","floor":46,"turns":3},{"damage":0,"enemies":"Sphere and 2 Shapes","floor":48,"turns":3},{"damage":6,"enemies":"Awakened One","floor":50,"turns":5},{"damage":0,"enemies":"Donu and Deca","floor":51,"turns":1},{"damage":0,"enemies":"Shield and Spear","floor":55,"turns":6},{"damage":4,"enemies":"The Heart","floor":56,"turns":5}],"green_key_taken_log":42,"seed_played":"-7242517560806833426","neow_bonus_log":{"cardsObtained":["FollowUp"],"cardsUpgraded":[],"cardsRemoved":[],"cardsTransformed":["Defend_P"],"relicsObtained":[],"maxHpGained":0,"goldGained":0,"damageTaken":0,"goldLost":0,"maxHpLost":0},"potions_obtained":[{"floor":1,"key":"BlessingOfTheForge"},{"floor":3,"key":"Ancient Potion"},{"floor":4,"key":"SteroidPotion"},{"floor":8,"key":"BlessingOfTheForge"},{"floor":10,"key":"SpeedPotion"},{"floor":13,"key":"Energy Potion"},{"floor":27,"key":"Swift Potion"},{"floor":42,"key":"Dexterity Potion"},{"floor":44,"key":"Strength Potion"},{"floor":45,"key":"EssenceOfSteel"}],"is_trial":false,"path_per_floor":["M","T","M","M","$","E","R","E","T","E","M","?","M","E","R","B",null,"M","M","$","M","$","R","E","R","T","E","M","E","M","M","R","B",null,"M","$","?","$","?","E","R","E","T","M","M","?","R","M","R","B","B",null,"R","$","E","B",null],"character_chosen":"WATCHER","basemod:card_modifiers":[null,null,null,null,null,null,null,null,null,null,null,null,null,null],"items_purchased":["Scrawl","Adaptation"],"campfire_rested":5,"item_purchase_floors":[20,22],"current_hp_per_floor":[61,61,61,61,61,49,49,33,33,33,31,31,26,28,28,28,64,41,31,31,27,27,51,53,53,53,34,36,31,33,35,35,11,75,77,77,77,77,77,79,97,99,99,101,103,99,105,107,109,103,103,108,111,111,113,109],"gold":70,"neow_bonus":"TRANSFORM_CARD","is_prod":false,"is_daily":false,"rewards_skipped":[{"floor":28,"relics":[],"potions":["FearPotion"]},{"floor":33,"relics":[],"potions":["FearPotion"]}],"chose_seed":false,"campfire_upgraded":3,"win_rate":0,"floor_exit_playtime":[60,64,81,109,119,183,190,235,240,325,357,369,406,458,467,523,558,628,687,702,775,784,789,858,865,867,934,985,1056,1112,1159,1170,1288,1300,1352,1371,1376,1400,1404,1464,1470,1539,1541,1583,1717,1787,1795,1852,1880,2075,2145,2156,2162,2172,2274,2440],"timestamp":1707447709,"blue_key_relic_skipped_log":{"floor":9,"relicID":"Bottled Flame"},"path_taken":["M","?","M","M","$","E","R","E","T","E","M","?","M","E","R","BOSS","M","M","$","M","?","R","E","R","T","E","M","E","M","M","R","BOSS","M","$","?","$","?","E","R","E","T","M","?","?","R","M","R","BOSS","BOSS","R","$","E","BOSS"],"build_version":"2022-12-18","purchased_purges":5,"victory":true,"max_hp_per_floor":[68,68,68,68,68,70,70,70,70,70,72,72,74,76,76,76,76,78,80,80,82,82,82,84,84,84,86,88,90,92,94,94,96,96,98,98,93,93,93,95,97,99,99,101,103,103,105,107,109,109,109,109,111,111,113,113],"relic_stats":{"Ice Cream":[141],"Singing Bowl":50,"Happy Flower":[26],"counters":[31,106],"Orichalcum":[42],"Ancient Tea Set":[18],"Boot":[899],"Lizard Tail":0,"Dream Catcher":4,"Centennial Puzzle":[8],"HolyWater":[33],"VioletLotus":[159],"obtain_stats":[{"Potion Belt":40,"Ice Cream":46,"Singing Bowl":2,"Happy Flower":14,"Damaru":55,"Incense Burner":29,"Orichalcum":24,"Ancient Tea Set":6,"Boot":26,"Lizard Tail":10,"Dream Catcher":27,"Anchor":42,"Centennial Puzzle":43,"HolyWater":34,"VioletLotus":17,"PureWater":0,"Unceasing Top":8},{"Potion Belt":22,"Ice Cream":26,"Singing Bowl":1,"Happy Flower":9,"Damaru":30,"Incense Burner":17,"Orichalcum":14,"Ancient Tea Set":4,"Boot":14,"Lizard Tail":6,"Dream Catcher":15,"Anchor":23,"Centennial Puzzle":23,"HolyWater":20,"VioletLotus":10,"PureWater":0,"Unceasing Top":5},{"Potion Belt":73,"Ice Cream":86,"Singing Bowl":2,"Happy Flower":26,"Damaru":101,"Incense Burner":55,"Orichalcum":46,"Ancient Tea Set":9,"Boot":46,"Lizard Tail":16,"Dream Catcher":49,"Anchor":76,"Centennial Puzzle":76,"HolyWater":69,"VioletLotus":31,"PureWater":0,"Unceasing Top":12}],"Unceasing Top":[4]},"card_choices":[{"not_picked":["EmptyMind","PathToVictory"],"picked":"CutThroughFate","floor":1},{"not_picked":["Perseverance","Consecrate"],"picked":"MentalFortress","floor":3},{"not_picked":["Halt","ClearTheMind"],"picked":"InnerPeace","floor":4},{"not_picked":["Alpha","CutThroughFate","BowlingBash"],"picked":"Singing Bowl","floor":6},{"not_picked":["Sanctity","EmptyBody"],"picked":"FlurryOfBlows","floor":8},{"not_picked":["Crescendo","DeusExMachina"],"picked":"Tantrum","floor":10},{"not_picked":["ClearTheMind","FlyingSleeves","Swivel"],"picked":"Singing Bowl","floor":11},{"not_picked":["PathToVictory","FlyingSleeves","WheelKick"],"picked":"Singing Bowl","floor":13},{"not_picked":["Nirvana","PathToVictory","Consecrate"],"picked":"Singing Bowl","floor":14},{"not_picked":["DeusExMachina","Alpha"],"picked":"LessonLearned","floor":16},{"not_picked":["ThirdEye","DeceiveReality","EmptyBody"],"picked":"Singing Bowl","floor":18},{"not_picked":["WreathOfFlame","Consecrate","FlyingSleeves"],"picked":"Singing Bowl","floor":19},{"not_picked":["PathToVictory","FlyingSleeves","Pray+1"],"picked":"Singing Bowl","floor":21},{"not_picked":["SashWhip","ConjureBlade","BowlingBash"],"picked":"Singing Bowl","floor":24},{"not_picked":["MentalFortress","DeceiveReality","Nirvana"],"picked":"Singing Bowl","floor":27},{"not_picked":["CrushJoints","SashWhip","Perseverance"],"picked":"Singing Bowl","floor":28},{"not_picked":["SandsOfTime+1","SignatureMove","Halt"],"picked":"Singing Bowl","floor":29},{"not_picked":["PathToVictory","TalkToTheHand","Evaluate"],"picked":"Singing Bowl","floor":30},{"not_picked":["Crescendo","Wallop+1","ClearTheMind"],"picked":"Singing Bowl","floor":31},{"not_picked":["Alpha","Wish","MasterReality"],"picked":"Singing Bowl","floor":33},{"not_picked":["BowlingBash+1","SignatureMove+1","Protect"],"picked":"Singing Bowl","floor":35},{"not_picked":["ThirdEye","Evaluate","Vengeance"],"picked":"Singing Bowl","floor":40},{"not_picked":["Crescendo","PathToVictory","FollowUp+1"],"picked":"Singing Bowl","floor":41},{"not_picked":["MentalFortress+1","MasterReality","Crescendo"],"picked":"Singing Bowl","floor":42},{"not_picked":["FlurryOfBlows+1","Crescendo+1","ThirdEye"],"picked":"Singing Bowl","floor":44},{"not_picked":["Consecrate","EmptyBody","LikeWater"],"picked":"Singing Bowl","floor":45},{"not_picked":["ReachHeaven","JustLucky"],"picked":"EmptyMind","floor":46},{"not_picked":["ClearTheMind","FlyingSleeves","Sanctity"],"picked":"Singing Bowl","floor":47},{"not_picked":["FlurryOfBlows","SpiritShield","Pray"],"picked":"Singing Bowl","floor":48},{"not_picked":["CrushJoints+1","EmptyBody","SashWhip+1"],"picked":"Singing Bowl","floor":49},{"not_picked":["Protect","Pray","Crescendo"],"picked":"Singing Bowl","floor":53},{"not_picked":["Prostrate","WheelKick","Consecrate+1"],"picked":"Singing Bowl","floor":55}],"player_experience":5938615,"relics_obtained":[{"floor":2,"key":"Singing Bowl"},{"floor":6,"key":"Ancient Tea Set"},{"floor":8,"key":"Unceasing Top"},{"floor":10,"key":"Lizard Tail"},{"floor":14,"key":"Happy Flower"},{"floor":24,"key":"Orichalcum"},{"floor":26,"key":"Boot"},{"floor":27,"key":"Dream Catcher"},{"floor":29,"key":"Incense Burner"},{"floor":40,"key":"Potion Belt"},{"floor":42,"key":"Anchor"},{"floor":43,"key":"Centennial Puzzle"},{"floor":46,"key":"Ice Cream"},{"floor":55,"key":"Damaru"}],"event_choices":[{"damage_healed":0,"gold_gain":0,"player_choice":"Forge","damage_taken":0,"max_hp_gain":0,"max_hp_loss":0,"event_name":"Accursed Blacksmith","floor":12,"gold_loss":0,"cards_upgraded":["FlurryOfBlows"]},{"damage_healed":0,"gold_gain":0,"player_choice":"Max HP","damage_taken":0,"max_hp_gain":0,"max_hp_loss":5,"event_name":"Winding Halls","floor":37,"gold_loss":0},{"cards_removed":["Strike_P"],"damage_healed":0,"gold_gain":0,"player_choice":"Purged","damage_taken":0,"max_hp_gain":0,"max_hp_loss":0,"event_name":"Purifier","floor":39,"gold_loss":0},{"damage_healed":0,"gold_gain":0,"player_choice":"Fight","damage_taken":0,"max_hp_gain":0,"max_hp_loss":0,"event_name":"Mysterious Sphere","floor":46,"gold_loss":0}],"is_beta":false,"boss_relics":[{"not_picked":["Busted Crown","Empty Cage"],"picked":"VioletLotus"},{"not_picked":["Snecko Eye","Black Star"],"picked":"HolyWater"}],"items_purged_floors":[5,20,36,38,54],"is_endless":false,"potions_floor_spawned":[1,3,4,8,10,13,27,28,33,42,44,45],"ascension_level":20,"potion_discard_per_floor":[[],[],[],["Ancient Potion"],[],[],[],[],[],[],[],[],["SpeedPotion"],[],[],[],[],[],[],[],[],[],[],[],[],[],[],[],[],[],[],[],[],[],[],[],[],[],[],[],[],[],[],[],["Dexterity Potion"],[],[],[],[],[],[],[],[],[],[],[],[]]}