{"neow_bonuses_skipped_log":["RANDOM_COLORLESS","TEN_PERCENT_HP_BONUS","TWO_FIFTY_GOLD"],"potions_obtained_entropic_brew":[[],[],[],[],[],[],[],[],[],[],[],[],[],[],[],[],[],[],[],[],[],[],[],[],[],[],[],[],[],[],[],[],[],[],[],[],[],[],[],[],[],[],[],[],[],[],[],[],[],[],[],[],[],[],[],[],[]],"neow_costs_skipped_log":["NONE","NONE","CURSE"],"gold_per_floor":[99,99,99,99,99,99,79,79,79,79,79,79,79,79,79,79,79,79,79,79,79,79,79,79,79,79,79,79,79,79,79,79,79,79,79,79,79,79,79,79,79,79,79,79,79,79,79,79,79,79,79,79,79,4,4,4],"floor_reached":57,"playtime":4343,"items_purged":["Conclude+1"],"score":3234,"play_id":"af3972c0-3819-4f27-87db-877165d1a8a8","local_time":"20240214180337","score_breakdown":["Floors Climbed (57): 285","Enemies Slain (21): 42","Exordium Elites Killed (4): 40","City Elites Killed (3): 60","Beyond Elites Killed (3): 90","Bosses Slain (5): 750","Champion (5): 125","Perfect (2): 100","Ascension (20): 1492","Heartbreaker: 250"],"is_ascension_mode":true,"potions_obtained_alchemize":[[],[],[],[],[],[],[],[],[],[],[],[],[],[],[],[],[],[],[],[],[],[],[],[],[],[],[],[],[],[],[],[],[],[],[],[],[],[],[],[],[],[],[],[],[],[],[],[],[],[],[],[],[],[],[],[],[]],"campfire_choices":[{"floor":8,"key":"REST"},{"data":"Conclude","floor":13,"key":"SMITH"},{"data":"Eruption","floor":15,"key":"SMITH"},{"floor":24,"key":"REST"},{"floor":32,"key":"REST"},{"floor":41,"key":"RECALL"},{"data":"MentalFortress","floor":44,"key":"SMITH"},{"floor":49,"key":"REST"},{"data":"Scrawl","floor":53,"key":"SMITH"}],"lesson_learned_per_floor":[[],[],[],[],[],[],[],[],[],["Strike_P"],[],[],[],[],[],["FollowUp"],[],["Crescendo"],[],["Strike_P"],["Strike_P"],["LessonLearned"],["EmptyFist"],[],[],[],["Vengeance"],[],["Defend_P"],["Scrawl"],["Meditate"],[],["CutThroughFate"],[],["Judgement"],["Establishment"],[],["FearNoEvil"],["Wireheading"],["EmptyBody"],[],["WheelKick"],[],[],["CutThroughFate"],[],["Halt"],["Vengeance"],[],["JustLucky"],["WheelKick"],[],[],[],["WaveOfTheHand"],[],[]],"neow_cost":"NONE","improvable_cards":{},"seed_source_timestamp":3309732438754,"shop_contents":[{"floor":54,"relics":["Boot","Kunai","Toolbox"],"cards":["BowlingBash","CutThroughFate","ClearTheMind","Halt","BattleHymn","Trip","Secret Technique"],"potions":["Strength Potion","DuplicationPotion","PowerPotion"]}],"circlet_count":0,"master_deck":["AscendersBane","Eruption+1","Vigilance+1","FollowUp+1","EmptyFist+1","Crescendo+1","LessonLearned+1","Scrawl+1","CutThroughFate+1","CutThroughFate+1","Vengeance+1","Scrawl+1","Halt+1","Wireheading+1","Meditate+1","EmptyBody+1","DeceiveReality","Establishment+1","WheelKick+1","JustLucky+1","Swivel","Vengeance+1","EmptyBody+1","Judgement+1","FearNoEvil+1","MentalFortress+1","WheelKick+1","Halt+1","WaveOfTheHand+1","InnerPeace"],"potion_use_per_floor":[[],[],[],[],[],[],[],[],[],[],[],[],[],[],[],["BlessingOfTheForge"],[],[],[],[],[],[],[],[],[],[],[],[],["GamblersBrew"],[],[],[],["CultistPotion"],[],[],[],["ColorlessPotion"],[],[],[],[],[],[],[],[],[],[],[],[],[],[],[],[],[],[],[],[]],"relics":["Ectoplasm","Art of War","HornCleat","Vajra","Mercury Hourglass","War Paint","Damaru","Philosopher\u0027s Stone","MawBank","Mummified Hand","Happy Flower","Pandora\u0027s Box","Darkstone Periapt","Oddly Smooth Stone","Bag of Marbles","Question Card","Centennial Puzzle"],"potions_floor_usage":[16,29,33,37],"damage_taken":[{"damage":0,"enemies":"Jaw Worm","floor":1,"turns":4},{"damage":6,"enemies":"Small Slimes","floor":4,"turns":2},{"damage":0,"enemies":"2 Louse","floor":5,"turns":2},{"damage":22,"enemies":"Gremlin Nob","floor":6,"turns":3},{"damage":1,"enemies":"Looter","floor":7,"turns":2},{"damage":10,"enemies":"Lagavulin","floor":10,"turns":5},{"damage":0,"enemies":"Gremlin Nob","floor":12,"turns":3},{"damage":0,"enemies":"3 Sentries","floor":14,"turns":3},{"damage":14,"enemies":"Hexaghost","floor":16,"turns":5},{"damage":0,"enemies":"Spheric Guardian","floor":18,"turns":3},{"damage":0,"enemies":"Chosen","floor":19,"turns":3},{"damage":0,"enemies":"Sentry and Sphere","floor":20,"turns":2},{"damage":7,"enemies":"Snake Plant","floor":21,"turns":2},{"damage":0,"enemies":"Chosen and Byrds","floor":22,"turns":2},{"damage":9,"enemies":"Gremlin Leader","floor":23,"turns":3},{"damage":16,"enemies":"Slavers","floor":25,"turns":2},{"damage":16,"enemies":"Book of Stabbing","floor":27,"turns":3},{"damage":0,"enemies":"Snecko","floor":28,"turns":2},{"damage":0,"enemies":"Snake Plant","floor":29,"turns":1},{"damage":14,"enemies":"Shelled Parasite and Fungi","floor":30,"turns":5},{"damage":0,"enemies":"Centurion and Healer","floor":31,"turns":3},{"damage":0,"enemies":"Collector","floor":33,"turns":6},{"damage":0,"enemies":"3 Shapes","floor":35,"turns":3},{"damage":0,"enemies":"Orb Walker","floor":36,"turns":2},{"damage":14,"enemies":"Transient","floor":37,"turns":6},{"damage":3,"enemies":"4 Shapes","floor":38,"turns":6},{"damage":0,"enemies":"3 Darklings","floor":39,"turns":2},{"damage":0,"enemies":"Giant Head","floor":40,"turns":4},{"damage":0,"enemies":"Reptomancer","floor":42,"turns":3},{"damage":0,"enemies":"Nemesis","floor":45,"turns":5},{"damage":0,"enemies":"Transient","floor":46,"turns":6},{"damage":0,"enemies":"Spire Growth","floor":47,"turns":3},{"damage":0,"enemies":"Writhing Mass","floor":48,"turns":6},{"damage":21,"enemies":"Donu and Deca","floor":50,"turns":8},{"damage":0,"enemies":"Awakened One","floor":51,"turns":9},{"damage":7,"enemies":"Shield and Spear","floor":55,"turns":5},{"damage":2,"enemies":"The Heart","floor":56,"turns":8}],"green_key_taken_log":12,"seed_played":"-1861159712602280566","neow_bonus_log":{"cardsObtained":[],"cardsUpgraded":[],"cardsRemoved":[],"cardsTransformed":[],"relicsObtained":["Ectoplasm"],"maxHpGained":0,"goldGained":0,"damageTaken":0,"goldLost":0,"maxHpLost":0},"potions_obtained":[{"floor":5,"key":"LiquidMemories"},{"floor":12,"key":"BlessingOfTheForge"},{"floor":16,"key":"GamblersBrew"},{"floor":29,"key":"CultistPotion"},{"floor":35,"key":"EssenceOfSteel"},{"floor":36,"key":"ColorlessPotion"},{"floor":46,"key":"PowerPotion"},{"floor":55,"key":"Weak Potion"}],"is_trial":false,"path_per_floor":["M","?","?","M","M","E","M","R","T","E","T","E","R","E","R","B",null,"M","M","M","M","M","E","R","E","T","E","M","M","M","M","R","B",null,"M","M","M","M","M","E","R","E","T","R","E","M","M","M","R","B","B",null,"R","$","E","B",null],"character_chosen":"WATCHER","basemod:card_modifiers":[null,null,null,null,null,null,null,null,null,null,null,null,null,null,null,null,null,null,null,null,null,null,null,null,null,null,null,null,null,null],"items_purchased":[],"campfire_rested":4,"item_purchase_floors":[],"current_hp_per_floor":[61,61,61,55,55,33,32,52,52,42,42,42,42,42,42,28,58,58,58,58,51,51,42,62,46,46,30,30,30,16,16,36,36,60,60,60,46,43,43,43,43,43,43,43,43,43,43,43,63,42,42,62,62,62,55,53],"gold":4,"neow_bonus":"BOSS_RELIC","is_prod":false,"is_daily":false,"rewards_skipped":[{"floor":18,"relics":[],"potions":["StancePotion"]},{"floor":20,"relics":[],"potions":["Fire Potion"]},{"floor":25,"relics":[],"potions":["StancePotion"]},{"floor":28,"relics":[],"potions":["ColorlessPotion"]},{"floor":31,"relics":[],"potions":["SteroidPotion"]},{"floor":47,"relics":[],"potions":["Dexterity Potion"]},{"floor":48,"relics":[],"potions":["Energy Potion"]}],"chose_seed":false,"campfire_upgraded":4,"win_rate":0,"floor_exit_playtime":[68,72,86,112,138,206,228,232,240,291,294,365,377,444,452,531,592,654,697,735,773,824,905,916,989,994,1054,1084,1121,1292,1374,1379,1560,1613,1735,1784,2029,2150,2211,2390,2422,2515,2519,2527,2662,2879,2958,3206,3217,3463,3757,3769,3777,3811,4003,4343],"timestamp":1707951817,"blue_key_relic_skipped_log":{"floor":26,"relicID":"Blood Vial"},"path_taken":["M","?","?","M","?","E","M","R","T","E","?","E","R","E","R","BOSS","M","M","M","M","?","E","R","E","T","E","M","M","M","M","R","BOSS","M","M","M","M","M","E","R","E","T","R","E","M","M","M","R","BOSS","BOSS","R","$","E","BOSS"],"build_version":"2022-12-18","purchased_purges":1,"victory":true,"max_hp_per_floor":[68,68,68,68,68,68,68,68,68,68,68,68,68,68,68,68,68,68,68,68,68,68,68,68,68,68,68,68,68,68,68,68,68,68,68,68,68,68,68,68,68,68,68,68,68,68,68,68,68,68,68,68,68,68,68,68],"relic_stats":{"Darkstone Periapt":0,"Happy Flower":[31],"counters":[37,141],"War Paint":["Vigilance","Defend_P"],"MawBank":0,"Question Card":4,"Mercury Hourglass":[454],"Centennial Puzzle":[3],"Mummified Hand":[56],"Pandora\u0027s Box":["WheelKick","JustLucky","Swivel","Vengeance","EmptyBody","Judgement"],"Ectoplasm":1379,"Art of War":[7],"obtain_stats":[{"Darkstone Periapt":40,"Happy Flower":27,"Vajra":10,"Damaru":14,"Oddly Smooth Stone":42,"War Paint":12,"MawBank":23,"Question Card":45,"Mercury Hourglass":11,"Centennial Puzzle":55,"HornCleat":9,"Mummified Hand":25,"Philosopher\u0027s Stone":17,"Pandora\u0027s Box":34,"Ectoplasm":0,"Art of War":6,"Bag of Marbles":43,"PureWater":0},{"Darkstone Periapt":28,"Happy Flower":17,"Vajra":6,"Damaru":8,"Oddly Smooth Stone":29,"War Paint":7,"MawBank":15,"Question Card":30,"Mercury Hourglass":6,"Centennial Puzzle":36,"HornCleat":5,"Mummified Hand":16,"Philosopher\u0027s Stone":9,"Pandora\u0027s Box":22,"Ectoplasm":0,"Art of War":4,"Bag of Marbles":29,"PureWater":0},{"Darkstone Periapt":88,"Happy Flower":48,"Vajra":18,"Damaru":24,"Oddly Smooth Stone":91,"War Paint":21,"MawBank":44,"Question Card":96,"Mercury Hourglass":18,"Centennial Puzzle":133,"HornCleat":13,"Mummified Hand":45,"Philosopher\u0027s Stone":29,"Pandora\u0027s Box":65,"Ectoplasm":0,"Art of War":11,"Bag of Marbles":91,"PureWater":0}]},"card_choices":[{"not_picked":["FlyingSleeves","Evaluate"],"picked":"Conclude","floor":1},{"not_picked":["TalkToTheHand","FlyingSleeves"],"picked":"EmptyFist","floor":4},{"not_picked":["ClearTheMind","BattleHymn"],"picked":"Crescendo","floor":5},{"not_picked":["FlurryOfBlows","ClearTheMind"],"picked":"LessonLearned","floor":7},{"not_picked":["Pray","JustLucky","FollowUp"],"picked":"SKIP","floor":10},{"not_picked":["Conclude","Protect","Brilliance"],"picked":"SKIP","floor":12},{"not_picked":["WreathOfFlame","Adaptation"],"picked":"Scrawl","floor":14},{"not_picked":["Omniscience","SpiritShield","Ragnarok"],"picked":"SKIP","floor":16},{"not_picked":["Halt","PathToVictory","FollowUp"],"picked":"SKIP","floor":18},{"not_picked":["ThirdEye","PathToVictory"],"picked":"CutThroughFate","floor":20},{"not_picked":["EmptyFist","Worship"],"picked":"CutThroughFate","floor":21},{"not_picked":["ThirdEye","Consecrate","WaveOfTheHand"],"picked":"SKIP","floor":22},{"not_picked":["CutThroughFate","CrushJoints"],"picked":"Vengeance","floor":23},{"not_picked":["InnerPeace","Nirvana"],"picked":"Scrawl","floor":25},{"not_picked":["Swivel","EmptyBody"],"picked":"Halt","floor":27},{"not_picked":["Indignation","Evaluate"],"picked":"Wireheading","floor":28},{"not_picked":["Study","EmptyBody+1"],"picked":"Meditate","floor":29},{"not_picked":["Prostrate","Consecrate"],"picked":"EmptyBody+1","floor":30},{"not_picked":["ClearTheMind","BowlingBash"],"picked":"DeceiveReality","floor":31},{"not_picked":["Judgement","MasterReality"],"picked":"Establishment","floor":33},{"not_picked":["ClearTheMind","Halt"],"picked":"FearNoEvil","floor":35},{"not_picked":["Collect","CrushJoints","BowlingBash+1"],"picked":"SKIP","floor":36},{"not_picked":["FlyingSleeves+1","LikeWater","SashWhip"],"picked":"SKIP","floor":37},{"not_picked":["Halt","FollowUp","Weave+1"],"picked":"SKIP","floor":38},{"not_picked":["Wallop","Evaluate"],"picked":"MentalFortress","floor":39},{"not_picked":["Protect","FlurryOfBlows+1"],"picked":"WheelKick","floor":40},{"not_picked":["Conclude","Perseverance","WheelKick"],"picked":"SKIP","floor":42},{"not_picked":["WreathOfFlame","LessonLearned","Prostrate"],"picked":"SKIP","floor":45},{"not_picked":["SashWhip","FlurryOfBlows+1","DeceiveReality"],"picked":"Halt+1","floor":46},{"not_picked":["Collect+1","Vengeance","Establishment","PathToVictory"],"picked":"SKIP","floor":47},{"not_picked":["Collect","Protect","SignatureMove"],"picked":"WaveOfTheHand","floor":48},{"not_picked":["Crescendo","Perseverance","CutThroughFate"],"picked":"InnerPeace","floor":55}],"player_experience":6073449,"relics_obtained":[{"floor":6,"key":"Art of War"},{"floor":9,"key":"HornCleat"},{"floor":10,"key":"Vajra"},{"floor":11,"key":"Mercury Hourglass"},{"floor":12,"key":"War Paint"},{"floor":14,"key":"Damaru"},{"floor":23,"key":"MawBank"},{"floor":25,"key":"Mummified Hand"},{"floor":27,"key":"Happy Flower"},{"floor":40,"key":"Darkstone Periapt"},{"floor":42,"key":"Oddly Smooth Stone"},{"floor":43,"key":"Bag of Marbles"},{"floor":45,"key":"Question Card"},{"floor":55,"key":"Centennial Puzzle"}],"event_choices":[{"damage_healed":0,"gold_gain":0,"cards_transformed":["Defend_P"],"player_choice":"Transformed","damage_taken":0,"max_hp_gain":0,"max_hp_loss":0,"event_name":"Transmorgrifier","floor":2,"gold_loss":0,"cards_obtained":["FollowUp"]},{"cards_removed":["Defend_P"],"damage_healed":0,"gold_gain":0,"player_choice":"Offered Basic","damage_taken":0,"max_hp_gain":0,"max_hp_loss":0,"event_name":"Bonfire Elementals","floor":3,"gold_loss":0}],"is_beta":false,"boss_relics":[{"not_picked":["Tiny House","Snecko Eye"],"picked":"Philosopher\u0027s Stone"},{"not_picked":["Astrolabe","Velvet Choker"],"picked":"Pandora\u0027s Box"}],"items_purged_floors":[54],"is_endless":false,"potions_floor_spawned":[5,12,16,18,20,25,28,29,31,35,36,46,47,48,55],"ascension_level":20,"potion_discard_per_floor":[[],[],[],[],[],[],[],[],[],[],[],[],[],[],[],[],[],[],[],[],[],[],[],[],[],[],[],[],[],[],[],[],[],[],[],["EssenceOfSteel"],[],[],[],[],[],[],[],[],[],[],[],[],[],[],[],[],[],[],["PowerPotion"],[],[]]}