{"neow_bonuses_skipped_log":["RANDOM_COLORLESS","TEN_PERCENT_HP_BONUS","RANDOM_COLORLESS_2"],"neow_costs_skipped_log":["NONE","NONE","CURSE"],"potions_obtained_entropic_brew":[[],[],[],[],[],[],[],[],[],[],[],[],[],[],[],[],[],[],[],[],[],[],[],[],[],[],[],[],[],[],[],[],[],[],[],[],[],[],[],[],[],[],[],[],[],[],[],[],[],[],[],[],[],[],[],[],[]],"gold_per_floor":[110,128,278,31,45,45,78,78,104,116,116,148,165,196,196,274,274,284,284,184,184,184,184,184,59,133,163,181,199,199,234,234,312,312,332,332,349,122,122,122,153,164,191,211,225,252,305,324,324,324,324,324,324,96,125,125],"floor_reached":57,"playtime":2727,"items_purged":["Doubt","Defend_P","Defend_P","Strike_P","ReachHeaven"],"score":2911,"play_id":"aa36db04-d423-4527-bbb9-2a90eb799b59","local_time":"20240204211455","score_breakdown":["Floors Climbed (57): 285","Enemies Slain (14): 28","Exordium Elites Killed (3): 30","City Elites Killed (2): 40","Beyond Elites Killed (2): 60","Bosses Slain (5): 750","Speedster: 25","Champion (4): 100","C-c-c-combo: 25","Ascension (20): 1318","Heartbreaker: 250"],"is_ascension_mode":true,"potions_obtained_alchemize":[[],[],[],[],[],[],[],[],[],[],[],[],[],[],[],[],[],[],[],[],[],[],[],[],[],[],[],[],[],[],[],[],[],[],[],[],[],[],[],[],[],[],[],[],[],[],[],[],[],[],[],[],[],[],[],[],[]],"campfire_choices":[{"data":"Eruption","floor":6,"key":"SMITH"},{"data":"Consecrate","floor":15,"key":"SMITH"},{"data":"TalkToTheHand","floor":23,"key":"SMITH"},{"data":"EmptyMind","floor":30,"key":"SMITH"},{"data":"Tantrum","floor":32,"key":"SMITH"},{"floor":40,"key":"RECALL"},{"floor":49,"key":"REST"},{"data":"Adaptation","floor":53,"key":"SMITH"}],"lesson_learned_per_floor":[[],[],[],[],[],[],[],[],[],[],[],[],[],[],[],[],[],[],[],[],[],[],[],[],[],[],[],[],[],[],[],[],[],[],[],[],[],[],[],[],[],[],[],[],[],[],[],[],[],[],[],[],[],[],[],[],[]],"neow_cost":"NONE","improvable_cards":{},"seed_source_timestamp":15493622168607,"shop_contents":[{"floor":4,"relics":["Vajra","OrangePellets"],"cards":["Ragnarok","ReachHeaven","Vengeance","Indignation","MasterReality","Finesse","Magnetism"],"potions":["BlessingOfTheForge","Explosive Potion","SpeedPotion"]},{"floor":20,"relics":["War Paint","Singing Bowl","PrismaticShard"],"cards":["CrushJoints","CarveReality","EmptyBody","Evaluate","Wireheading","Panacea","Mayhem"],"potions":["PowerPotion","Energy Potion","SpeedPotion"]},{"floor":25,"relics":["Mummified Hand","TungstenRod","Melange"],"cards":["FollowUp","Weave","ClearTheMind","Crescendo","MasterReality","Finesse","Magnetism"],"potions":["Ancient Potion","LiquidMemories","LiquidBronze"]},{"floor":38,"relics":["Unceasing Top","Pear","Cauldron"],"cards":["TalkToTheHand","FlurryOfBlows","ForeignInfluence","Pray","PanicButton","Metamorphosis"],"potions":["EssenceOfSteel","Weak Potion","StancePotion"]},{"floor":54,"relics":["Calipers","Bag of Preparation","Strange Spoon"],"cards":["CrushJoints","SashWhip","EmptyMind","Halt","Wireheading","Flash of Steel","Sadistic Nature"],"potions":["AttackPotion","BottledMiracle"]}],"circlet_count":0,"master_deck":["AscendersBane","Strike_P+1","Strike_P+1","Eruption+1","Vigilance","FearNoEvil","Consecrate+1","Tantrum+1","CutThroughFate","DeusExMachina","TalkToTheHand+1","InnerPeace","EmptyMind+1","InnerPeace","Dark Shackles","Adaptation+1","Vault","Halt"],"potion_use_per_floor":[[],[],[],[],[],[],["Explosive Potion"],[],[],[],[],[],[],[],[],[],[],[],[],[],[],[],[],[],[],[],["Fire Potion"],[],[],[],[],[],[],[],[],[],[],[],[],[],[],[],[],[],[],[],[],[],[],["Swift Potion"],[],[],[],[],[],["Swift Potion","LiquidMemories"],[]],"relics":["VioletLotus","Pen Nib","Nunchaku","Whetstone","StrikeDummy","Eternal Feather","Runic Pyramid","Gremlin Horn","Omamori","MealTicket","Empty Cage","Bronze Scales","Question Card","Pocketwatch","Ice Cream"],"potions_floor_usage":[7,27,50,56,56],"damage_taken":[{"damage":4,"enemies":"2 Louse","floor":1,"turns":4},{"damage":2,"enemies":"Jaw Worm","floor":2,"turns":3},{"damage":5,"enemies":"Small Slimes","floor":5,"turns":4},{"damage":2,"enemies":"3 Sentries","floor":7,"turns":3},{"damage":0,"enemies":"3 Louse","floor":10,"turns":2},{"damage":0,"enemies":"Gremlin Nob","floor":12,"turns":2},{"damage":0,"enemies":"Exordium Wildlife","floor":13,"turns":2},{"damage":0,"enemies":"Lagavulin","floor":14,"turns":4},{"damage":43,"enemies":"Hexaghost","floor":16,"turns":6},{"damage":0,"enemies":"3 Byrds","floor":18,"turns":2},{"damage":1,"enemies":"Slavers","floor":27,"turns":2},{"damage":0,"enemies":"Chosen","floor":28,"turns":3},{"damage":27,"enemies":"Shelled Parasite and Fungi","floor":29,"turns":2},{"damage":1,"enemies":"Gremlin Leader","floor":31,"turns":4},{"damage":11,"enemies":"Automaton","floor":33,"turns":5},{"damage":0,"enemies":"3 Darklings","floor":35,"turns":2},{"damage":2,"enemies":"Orb Walker","floor":37,"turns":2},{"damage":0,"enemies":"Reptomancer","floor":41,"turns":2},{"damage":14,"enemies":"3 Darklings","floor":42,"turns":3},{"damage":9,"enemies":"Writhing Mass","floor":44,"turns":5},{"damage":0,"enemies":"Transient","floor":45,"turns":7},{"damage":0,"enemies":"Nemesis","floor":46,"turns":4},{"damage":24,"enemies":"2 Orb Walkers","floor":47,"turns":2},{"damage":0,"enemies":"Spire Growth","floor":48,"turns":2},{"damage":21,"enemies":"Time Eater","floor":50,"turns":7},{"damage":11,"enemies":"Awakened One","floor":51,"turns":7},{"damage":25,"enemies":"Shield and Spear","floor":55,"turns":6},{"damage":13,"enemies":"The Heart","floor":56,"turns":7}],"green_key_taken_log":41,"seed_played":"2111119642300013733","neow_bonus_log":{"cardsObtained":[],"cardsUpgraded":[],"cardsRemoved":[],"cardsTransformed":[],"relicsObtained":["VioletLotus"],"maxHpGained":0,"goldGained":0,"damageTaken":0,"goldLost":0,"maxHpLost":0},"potions_obtained":[{"floor":2,"key":"DuplicationPotion"},{"floor":5,"key":"Explosive Potion"},{"floor":10,"key":"Fire Potion"},{"floor":28,"key":"LiquidMemories"},{"floor":35,"key":"Swift Potion"}],"is_trial":false,"path_per_floor":["M","M","?","$","M","R","E","?","T","M","?","E","M","E","R","B",null,"M","?","$","?","?","R","?","$","T","E","M","M","R","E","R","B",null,"M","?","M","$","?","R","E","M","T","M","M","E","?","M","R","B","B",null,"R","$","E","B",null],"character_chosen":"WATCHER","basemod:card_modifiers":[null,null,null,null,null,null,null,null,null,null,null,null,null,null,null,null,null,null],"items_purchased":["Pen Nib","Adaptation","Swift Potion"],"campfire_rested":1,"item_purchase_floors":[4,38,54],"current_hp_per_floor":[57,55,55,55,50,50,48,48,48,48,53,53,53,53,62,19,60,60,60,60,60,39,48,48,48,48,47,47,20,29,28,37,26,65,65,55,53,68,68,77,77,63,63,54,54,54,30,30,62,41,30,66,75,78,53,40],"gold":125,"neow_bonus":"BOSS_RELIC","is_prod":false,"is_daily":false,"rewards_skipped":[{"floor":13,"relics":[],"potions":["ColorlessPotion"]},{"floor":16,"relics":[],"potions":["SmokeBomb"]},{"floor":33,"relics":[],"potions":["LiquidBronze"]},{"floor":44,"relics":[],"potions":["Explosive Potion"]},{"floor":48,"relics":[],"potions":["Dexterity Potion"]}],"chose_seed":false,"campfire_upgraded":6,"win_rate":0,"floor_exit_playtime":[68,90,104,115,180,186,227,232,239,266,278,304,323,353,362,422,436,463,478,486,502,506,515,522,533,537,608,632,666,673,739,747,844,861,931,945,970,987,1004,1012,1087,1128,1132,1298,1402,1493,1610,1669,1683,1984,2204,2214,2224,2252,2392,2727],"timestamp":1707099295,"blue_key_relic_skipped_log":{"floor":43,"relicID":"Bag of Marbles"},"path_taken":["M","M","?","$","M","R","E","?","T","M","?","E","M","E","R","BOSS","M","?","$","?","?","R","?","$","T","E","M","?","R","E","R","BOSS","M","?","M","$","?","R","E","?","T","M","M","E","?","M","R","BOSS","BOSS","R","$","E","BOSS"],"build_version":"2022-12-18","purchased_purges":5,"victory":true,"max_hp_per_floor":[68,68,68,68,68,68,68,68,68,68,73,73,73,73,73,73,73,73,73,73,73,78,78,78,78,78,78,78,78,78,78,78,78,78,78,78,78,78,78,78,78,78,78,78,78,78,78,78,78,78,78,78,78,78,78,78],"relic_stats":{"Ice Cream":[23],"Gremlin Horn":[20,22],"counters":[28,104],"Eternal Feather":63,"Pen Nib":[44],"Omamori":0,"Whetstone":["Strike_P","Strike_P"],"Question Card":3,"Nunchaku":[42],"Bronze Scales":[139],"MealTicket":18,"VioletLotus":[168],"obtain_stats":[{"Ice Cream":55,"Gremlin Horn":26,"Eternal Feather":14,"Pen Nib":4,"Omamori":27,"Whetstone":9,"Empty Cage":34,"Question Card":46,"Nunchaku":7,"Bronze Scales":41,"MealTicket":31,"VioletLotus":0,"PureWater":0,"StrikeDummy":12,"Runic Pyramid":17,"Pocketwatch":47},{"Ice Cream":27,"Gremlin Horn":10,"Eternal Feather":8,"Pen Nib":2,"Omamori":11,"Whetstone":4,"Empty Cage":15,"Question Card":22,"Nunchaku":4,"Bronze Scales":18,"MealTicket":14,"VioletLotus":0,"PureWater":0,"StrikeDummy":6,"Runic Pyramid":9,"Pocketwatch":23},{"Ice Cream":97,"Gremlin Horn":32,"Eternal Feather":24,"Pen Nib":7,"Omamori":34,"Whetstone":14,"Empty Cage":48,"Question Card":73,"Nunchaku":14,"Bronze Scales":54,"MealTicket":43,"VioletLotus":0,"PureWater":0,"StrikeDummy":18,"Runic Pyramid":30,"Pocketwatch":75}],"Pocketwatch":[3]},"card_choices":[{"not_picked":["PathToVictory","SashWhip"],"picked":"ReachHeaven","floor":1},{"not_picked":["ClearTheMind","ReachHeaven"],"picked":"FearNoEvil","floor":2},{"not_picked":["PathToVictory","FollowUp"],"picked":"Consecrate","floor":5},{"not_picked":["SashWhip","FollowUp"],"picked":"Tantrum","floor":7},{"not_picked":["Perseverance","ReachHeaven","Study"],"picked":"SKIP","floor":12},{"not_picked":["Protect","FlyingSleeves"],"picked":"CutThroughFate","floor":13},{"not_picked":["Evaluate","Protect","SashWhip"],"picked":"SKIP","floor":14},{"not_picked":["Omniscience","Alpha"],"picked":"DeusExMachina","floor":16},{"not_picked":["PathToVictory","CrushJoints","CarveReality"],"picked":"SKIP","floor":18},{"not_picked":["SashWhip","FlyingSleeves","EmptyBody","Conclude","PathToVictory","Collect","Crescendo","CarveReality","CrushJoints","Study","Worship","FlurryOfBlows","Wallop","Consecrate","ThirdEye","WheelKick","Pray","SignatureMove","Prostrate"],"picked":"TalkToTheHand","floor":19},{"not_picked":["FlyingSleeves","Wish"],"picked":"InnerPeace","floor":27},{"not_picked":["JustLucky","Sanctity+1"],"picked":"EmptyMind","floor":28},{"not_picked":["Prostrate","Protect","PathToVictory"],"picked":"SKIP","floor":29},{"not_picked":["ClearTheMind","ForeignInfluence","CutThroughFate"],"picked":"SKIP","floor":31},{"not_picked":["DeusExMachina","Ragnarok","Wish"],"picked":"SKIP","floor":33},{"not_picked":["Prostrate+1","WheelKick+1"],"picked":"InnerPeace","floor":35},{"not_picked":["Thinking Ahead","Blind"],"picked":"Dark Shackles","floor":36},{"not_picked":["Good Instincts","PanicButton","Thinking Ahead"],"picked":"SKIP","floor":36},{"not_picked":["Dramatic Entrance","Blind","Panacea"],"picked":"SKIP","floor":36},{"not_picked":["CutThroughFate","Swivel","Collect"],"picked":"SKIP","floor":37},{"not_picked":["PathToVictory+1","EmptyFist"],"picked":"Vault","floor":41},{"not_picked":["Perseverance","EmptyBody+1","Protect+1"],"picked":"SKIP","floor":42},{"not_picked":["SashWhip+1","InnerPeace","Perseverance+1"],"picked":"SKIP","floor":44},{"not_picked":["JustLucky","Conclude","PathToVictory+1"],"picked":"SKIP","floor":45},{"not_picked":["EmptyFist+1","PathToVictory","FollowUp"],"picked":"SKIP","floor":46},{"not_picked":["Evaluate","EmptyBody+1","Wireheading"],"picked":"Halt","floor":47},{"not_picked":["ForeignInfluence","Sanctity+1","Study+1","EmptyBody"],"picked":"SKIP","floor":48},{"not_picked":["FollowUp+1","Study+1","WreathOfFlame","Protect"],"picked":"SKIP","floor":55}],"player_experience":5858265,"relics_obtained":[{"floor":7,"key":"Nunchaku"},{"floor":9,"key":"Whetstone"},{"floor":12,"key":"StrikeDummy"},{"floor":14,"key":"Eternal Feather"},{"floor":26,"key":"Gremlin Horn"},{"floor":27,"key":"Omamori"},{"floor":31,"key":"MealTicket"},{"floor":41,"key":"Bronze Scales"},{"floor":46,"key":"Question Card"},{"floor":47,"key":"Pocketwatch"},{"floor":55,"key":"Ice Cream"}],"event_choices":[{"damage_healed":0,"gold_gain":150,"player_choice":"AGREE","damage_taken":0,"max_hp_gain":0,"max_hp_loss":0,"event_name":"Liars Game","floor":3,"gold_loss":0,"cards_obtained":["Doubt"]},{"cards_removed":["Defend_P"],"damage_healed":0,"gold_gain":0,"player_choice":"Forget","damage_taken":0,"max_hp_gain":0,"max_hp_loss":0,"event_name":"Living Wall","floor":8,"gold_loss":0},{"damage_healed":0,"gold_gain":0,"player_choice":"Donut","damage_taken":0,"max_hp_gain":5,"max_hp_loss":0,"event_name":"Big Fish","floor":11,"gold_loss":0},{"damage_healed":0,"gold_gain":0,"player_choice":"Read","damage_taken":0,"max_hp_gain":0,"max_hp_loss":0,"event_name":"The Library","floor":19,"gold_loss":0,"cards_obtained":["TalkToTheHand"]},{"damage_healed":0,"gold_gain":0,"player_choice":"Shed Blood","damage_taken":26,"max_hp_gain":5,"max_hp_loss":0,"event_name":"Forgotten Altar","floor":22,"gold_loss":0},{"damage_healed":0,"gold_gain":0,"player_choice":"Ignored","damage_taken":0,"max_hp_gain":0,"max_hp_loss":0,"event_name":"N\u0027loth","floor":24,"gold_loss":0},{"damage_healed":0,"gold_gain":0,"player_choice":"Memory 3","damage_taken":10,"max_hp_gain":0,"max_hp_loss":0,"event_name":"SensoryStone","floor":36,"gold_loss":0},{"damage_healed":0,"gold_gain":0,"player_choice":"0 cards matched","damage_taken":0,"max_hp_gain":0,"max_hp_loss":0,"event_name":"Match and Keep!","floor":39,"gold_loss":0,"cards_obtained":[]},{"damage_healed":0,"gold_gain":0,"player_choice":"Fight","damage_taken":0,"max_hp_gain":0,"max_hp_loss":0,"event_name":"Mysterious Sphere","floor":47,"gold_loss":0}],"is_beta":false,"boss_relics":[{"not_picked":["Snecko Eye","Astrolabe"],"picked":"Runic Pyramid"},{"not_picked":["Velvet Choker","Black Star"],"picked":"Empty Cage"}],"items_purged_floors":[4,20,25,38,54],"is_endless":false,"potions_floor_spawned":[2,5,10,13,16,28,33,35,44,48],"ascension_level":20,"potion_discard_per_floor":[[],[],[],[],[],[],[],[],[],[],[],[],[],[],[],[],[],[],[],[],[],[],[],[],[],[],[],[],[],[],[],[],[],[],["DuplicationPotion"],[],[],[],[],[],[],[],[],[],[],[],[],[],[],[],[],[],[],[],[],[],[]]}