{"neow_bonuses_skipped_log":["RANDOM_COLORLESS","HUNDRED_GOLD","BOSS_RELIC"],"potions_obtained_entropic_brew":[[],[],[],[],[],[],[],[],[],[],[],[],[],[],[],[],[],[],[],[],[],[],[],[],[],[],[],[],[],[],[],[],[],[],[],[],[],[],[],[],[],[],[],[],[],[],[],[],[],[],[],[],[],[],[],[],[]],"neow_costs_skipped_log":["NONE","NONE","NONE"],"gold_per_floor":[114,128,2,2,16,49,49,60,60,71,71,71,105,105,105,179,179,196,196,241,25,35,63,63,78,101,115,40,74,74,87,87,161,161,178,189,189,200,216,216,245,259,286,318,318,335,381,414,414,414,414,414,414,32,64,64],"floor_reached":57,"playtime":3179,"items_purged":["Doubt","Strike_R+1","Whirlwind+1"],"score":2959,"play_id":"4243ddb3-01da-44de-8689-7ba67132d1a1","local_time":"20240203230940","falling_options_log":["Reaper+1","Corruption+1"],"score_breakdown":["Floors Climbed (57): 285","Enemies Slain (16): 32","Exordium Elites Killed (2): 20","City Elites Killed (2): 40","Beyond Elites Killed (3): 90","Bosses Slain (5): 750","Speedster: 25","Champion (2): 50","Perfect (1): 50","C-c-c-combo: 25","Ascension (20): 1342","Heartbreaker: 250"],"is_ascension_mode":true,"potions_obtained_alchemize":[[],[],[],[],[],[],[],[],[],[],[],[],[],[],[],[],[],[],[],[],[],[],[],[],[],[],[],[],[],[],[],[],[],[],[],[],[],[],[],[],[],[],[],[],[],[],[],[],[],[],[],[],[],[],[],[],[]],"campfire_choices":[{"data":"Pommel Strike","floor":7,"key":"SMITH"},{"data":"Shockwave","floor":12,"key":"SMITH"},{"data":"Corruption","floor":15,"key":"SMITH"},{"data":"Whirlwind","floor":24,"key":"SMITH"},{"data":"Pommel Strike","floor":30,"key":"SMITH"},{"data":"Feel No Pain","floor":32,"key":"SMITH"},{"floor":40,"key":"RECALL"},{"data":"Burning Pact","floor":45,"key":"SMITH"},{"data":"Offering","floor":49,"key":"SMITH"},{"data":"Offering","floor":53,"key":"SMITH"}],"lesson_learned_per_floor":[[],[],[],[],[],[],[],[],[],[],[],[],[],[],[],[],[],[],[],[],[],[],[],[],[],[],[],[],[],[],[],[],[],[],[],[],[],[],[],[],[],[],[],[],[],[],[],[],[],[],[],[],[],[],[],[],[]],"neow_cost":"CURSE","improvable_cards":{},"seed_source_timestamp":17267742898318,"shop_contents":[{"floor":3,"relics":["Mango","Ancient Tea Set","Frozen Eye"],"cards":["Dropkick","Flex","Seeing Red","Dark Embrace","Dramatic Entrance","Transmutation"],"potions":["ElixirPotion","Ancient Potion","Block Potion"]},{"floor":21,"relics":["Shuriken","Toy Ornithopter","Lee\u0027s Waffle"],"cards":["Cleave","Spot Weakness","Entrench","Good Instincts","Sadistic Nature"],"potions":["BlessingOfTheForge","FairyPotion","EssenceOfSteel"]},{"floor":54,"relics":["Gremlin Horn","Cauldron"],"cards":["Uppercut","Thunderclap","Armaments","Warcry","Combust","Discovery","Panache"],"potions":["SkillPotion","BloodPotion"]}],"circlet_count":0,"master_deck":["AscendersBane","Defend_R+1","Defend_R+1","Defend_R+1","Defend_R+1","Inflame+1","Pommel Strike+1","Headbutt+1","Reaper+1","Shockwave+1","Corruption+1","Offering+1","Feel No Pain+1","Blood for Blood","Shrug It Off","Pommel Strike+1","Second Wind","Shockwave","Offering+1","Clothesline+1","Reaper+1","Exhume+1","Feel No Pain+1","Power Through","Burning Pact+1"],"potion_use_per_floor":[[],[],[],[],[],[],[],[],[],[],[],[],[],[],[],[],[],[],[],[],[],[],["ColorlessPotion"],[],[],[],[],[],[],[],[],[],["Strength Potion"],[],[],[],[],[],[],[],[],[],[],[],[],[],[],[],[],[],[],[],[],[],[],["DuplicationPotion","BloodPotion"],[]],"relics":["Burning Blood","Bird Faced Urn","Akabeko","Regal Pillow","Darkstone Periapt","Sundial","Empty Cage","Vajra","Champion Belt","Du-Vu Doll","Astrolabe","Ornamental Fan","Whetstone","Art of War","Charon\u0027s Ashes","Blue Candle","Oddly Smooth Stone","Letter Opener"],"potions_floor_usage":[23,33,56,56],"damage_taken":[{"damage":8,"enemies":"Small Slimes","floor":1,"turns":5},{"damage":6,"enemies":"Cultist","floor":2,"turns":3},{"damage":9,"enemies":"Jaw Worm","floor":5,"turns":4},{"damage":15,"enemies":"Lagavulin","floor":6,"turns":5},{"damage":16,"enemies":"2 Fungi Beasts","floor":8,"turns":3},{"damage":7,"enemies":"Exordium Thugs","floor":10,"turns":4},{"damage":30,"enemies":"3 Sentries","floor":13,"turns":5},{"damage":23,"enemies":"Slime Boss","floor":16,"turns":8},{"damage":6,"enemies":"Spheric Guardian","floor":18,"turns":3},{"damage":23,"enemies":"Shell Parasite","floor":22,"turns":6},{"damage":45,"enemies":"Book of Stabbing","floor":23,"turns":4},{"damage":6,"enemies":"Snecko","floor":25,"turns":6},{"damage":15,"enemies":"Snake Plant","floor":27,"turns":5},{"damage":25,"enemies":"Gremlin Leader","floor":29,"turns":6},{"damage":26,"enemies":"Centurion and Healer","floor":31,"turns":3},{"damage":61,"enemies":"Automaton","floor":33,"turns":8},{"damage":57,"enemies":"3 Shapes","floor":35,"turns":6},{"damage":25,"enemies":"3 Darklings","floor":36,"turns":5},{"damage":12,"enemies":"Sphere and 2 Shapes","floor":38,"turns":1},{"damage":18,"enemies":"Maw","floor":39,"turns":5},{"damage":20,"enemies":"Giant Head","floor":41,"turns":5},{"damage":49,"enemies":"Writhing Mass","floor":42,"turns":7},{"damage":36,"enemies":"Reptomancer","floor":44,"turns":5},{"damage":17,"enemies":"Jaw Worm Horde","floor":46,"turns":2},{"damage":21,"enemies":"2 Orb Walkers","floor":47,"turns":4},{"damage":18,"enemies":"Giant Head","floor":48,"turns":4},{"damage":51,"enemies":"Time Eater","floor":50,"turns":16},{"damage":18,"enemies":"Awakened One","floor":51,"turns":4},{"damage":18,"enemies":"Shield and Spear","floor":55,"turns":2},{"damage":75,"enemies":"The Heart","floor":56,"turns":8}],"green_key_taken_log":23,"seed_played":"-7392948269980444707","neow_bonus_log":{"cardsObtained":["Doubt"],"cardsUpgraded":[],"cardsRemoved":[],"cardsTransformed":[],"relicsObtained":["Bird Faced Urn"],"maxHpGained":0,"goldGained":0,"damageTaken":0,"goldLost":0,"maxHpLost":0},"potions_obtained":[{"floor":2,"key":"ColorlessPotion"},{"floor":6,"key":"Dexterity Potion"},{"floor":16,"key":"ColorlessPotion"},{"floor":23,"key":"Strength Potion"},{"floor":33,"key":"SpeedPotion"},{"floor":38,"key":"SteroidPotion"},{"floor":55,"key":"BloodPotion"}],"is_trial":false,"path_per_floor":["M","M","$","?","M","E","R","M","T","M","?","R","E","T","R","B",null,"M","?","T","$","M","E","R","M","T","M","?","E","R","M","R","B",null,"M","M","?","M","M","R","E","M","T","E","R","M","?","E","R","B","B",null,"R","$","E","B",null],"character_chosen":"IRONCLAD","basemod:card_modifiers":[null,null,null,null,null,null,null,null,null,null,null,null,null,null,null,null,null,null,null,null,null,null,null,null,null],"items_purchased":["Anger","Feel No Pain","Blood for Blood","DuplicationPotion","Oddly Smooth Stone"],"campfire_rested":0,"item_purchase_floors":[3,21,21,54,54],"current_hp_per_floor":[66,68,68,68,67,60,60,62,62,70,70,70,61,61,61,69,74,75,75,75,75,75,40,40,64,64,66,66,56,56,71,71,20,61,72,75,75,73,75,75,75,67,67,75,75,65,75,75,75,57,75,75,75,75,75,54],"gold":64,"neow_bonus":"ONE_RARE_RELIC","is_prod":false,"is_daily":false,"rewards_skipped":[{"floor":29,"relics":[],"potions":["Dexterity Potion"]},{"floor":35,"relics":[],"potions":["EssenceOfSteel"]},{"floor":44,"relics":[],"potions":["BloodPotion"]},{"floor":46,"relics":[],"potions":["FearPotion"]},{"floor":47,"relics":[],"potions":["HeartOfIron"]}],"chose_seed":false,"campfire_upgraded":9,"win_rate":0,"floor_exit_playtime":[80,107,118,137,166,222,228,253,258,295,309,315,382,398,404,490,531,582,589,592,650,715,774,784,845,847,922,930,1018,1024,1051,1059,1190,1313,1438,1528,1547,1592,1705,1710,1820,1973,1976,2082,2091,2125,2202,2320,2327,2692,2819,2829,2835,2880,2963,3179],"timestamp":1707019780,"blue_key_relic_skipped_log":{"floor":26,"relicID":"Juzu Bracelet"},"path_taken":["M","M","$","?","?","E","R","M","T","M","?","R","E","?","R","BOSS","M","?","?","?","M","E","R","?","T","M","?","E","R","M","R","BOSS","M","M","?","M","M","R","E","M","T","E","R","M","?","E","R","BOSS","BOSS","R","$","E","BOSS"],"build_version":"2022-12-18","purchased_purges":3,"victory":true,"max_hp_per_floor":[75,75,75,75,75,75,75,75,75,75,75,75,75,75,75,75,75,75,75,75,75,75,75,75,75,75,75,75,75,75,75,75,75,75,75,75,75,75,75,75,75,75,75,75,75,75,75,75,75,75,75,75,75,75,75,75],"relic_stats":{"Darkstone Periapt":0,"Regal Pillow":0,"counters":[30,152],"Astrolabe":["Clothesline","Reaper","Exhume"],"Blue Candle":[0],"Charon\u0027s Ashes":[455],"Whetstone":["Reaper","Headbutt"],"Letter Opener":[40],"Burning Blood":139,"Sundial":[174],"Ornamental Fan":[148],"Bird Faced Urn":[121],"Art of War":[8],"Champion Belt":[47],"obtain_stats":[{"Darkstone Periapt":13,"Regal Pillow":9,"Astrolabe":34,"Blue Candle":48,"Vajra":20,"Oddly Smooth Stone":54,"Charon\u0027s Ashes":47,"Whetstone":43,"Letter Opener":55,"Empty Cage":17,"Burning Blood":0,"Akabeko":6,"Du-Vu Doll":29,"Sundial":14,"Ornamental Fan":41,"Bird Faced Urn":0,"Art of War":44,"Champion Belt":23},{"Darkstone Periapt":7,"Regal Pillow":5,"Astrolabe":16,"Blue Candle":26,"Vajra":9,"Oddly Smooth Stone":28,"Charon\u0027s Ashes":25,"Whetstone":22,"Letter Opener":29,"Empty Cage":8,"Burning Blood":0,"Akabeko":4,"Du-Vu Doll":14,"Sundial":7,"Ornamental Fan":21,"Bird Faced Urn":0,"Art of War":23,"Champion Belt":11},{"Darkstone Periapt":29,"Regal Pillow":20,"Astrolabe":78,"Blue Candle":122,"Vajra":40,"Oddly Smooth Stone":142,"Charon\u0027s Ashes":118,"Whetstone":107,"Letter Opener":144,"Empty Cage":37,"Burning Blood":0,"Akabeko":17,"Du-Vu Doll":67,"Sundial":29,"Ornamental Fan":100,"Bird Faced Urn":0,"Art of War":112,"Champion Belt":50}]},"card_choices":[{"not_picked":["Dark Embrace","Cleave"],"picked":"Inflame","floor":1},{"not_picked":["Body Slam","Havoc"],"picked":"Pommel Strike","floor":2},{"not_picked":["Anger","Sword Boomerang"],"picked":"Headbutt","floor":5},{"not_picked":["Twin Strike","Perfected Strike"],"picked":"Reaper","floor":6},{"not_picked":["Havoc","Warcry","Sword Boomerang"],"picked":"SKIP","floor":8},{"not_picked":["Shrug It Off","Flex"],"picked":"Shockwave","floor":10},{"not_picked":["Dropkick","Flex"],"picked":"Corruption","floor":13},{"not_picked":["Juggernaut","Bludgeon"],"picked":"Offering","floor":16},{"not_picked":["Clothesline","True Grit"],"picked":"Whirlwind","floor":18},{"not_picked":["Thunderclap","Carnage","Whirlwind"],"picked":"SKIP","floor":22},{"not_picked":["Body Slam","Flex+1"],"picked":"Shrug It Off","floor":23},{"not_picked":["Twin Strike+1","Infernal Blade"],"picked":"Pommel Strike","floor":25},{"not_picked":["Blood for Blood","Twin Strike"],"picked":"Second Wind","floor":27},{"not_picked":["Flex","Havoc","Reckless Charge"],"picked":"SKIP","floor":29},{"not_picked":["Flex","Havoc","Reckless Charge"],"picked":"SKIP","floor":29},{"not_picked":["Inflame","Infernal Blade"],"picked":"Shockwave","floor":31},{"not_picked":["Reaper","Brutality"],"picked":"Offering","floor":33},{"not_picked":["Pommel Strike","Clothesline+1","Heavy Blade"],"picked":"SKIP","floor":35},{"not_picked":["Pommel Strike","Clothesline+1","Heavy Blade"],"picked":"SKIP","floor":35},{"not_picked":["Body Slam","Wild Strike"],"picked":"Shrug It Off+1","floor":36},{"not_picked":["Blood for Blood","Twin Strike+1","Clash"],"picked":"SKIP","floor":38},{"not_picked":["Headbutt","Iron Wave"],"picked":"Feel No Pain+1","floor":41},{"not_picked":["Sword Boomerang+1","Pommel Strike"],"picked":"Power Through","floor":42},{"not_picked":["Dropkick","Havoc"],"picked":"Burning Pact","floor":44},{"not_picked":["Rage","Wild Strike","Flex"],"picked":"SKIP","floor":46},{"not_picked":["Headbutt+1","Second Wind","Carnage"],"picked":"SKIP","floor":47},{"not_picked":["Dropkick","Pommel Strike","Thunderclap"],"picked":"SKIP","floor":48},{"not_picked":["Iron Wave","Clothesline","True Grit"],"picked":"SKIP","floor":55}],"player_experience":5841004,"relics_obtained":[{"floor":6,"key":"Akabeko"},{"floor":9,"key":"Regal Pillow"},{"floor":13,"key":"Darkstone Periapt"},{"floor":14,"key":"Sundial"},{"floor":20,"key":"Vajra"},{"floor":23,"key":"Champion Belt"},{"floor":29,"key":"Du-Vu Doll"},{"floor":41,"key":"Ornamental Fan"},{"floor":43,"key":"Whetstone"},{"floor":44,"key":"Art of War"},{"floor":47,"key":"Charon\u0027s Ashes"},{"floor":48,"key":"Blue Candle"},{"floor":55,"key":"Letter Opener"}],"event_choices":[{"damage_healed":0,"gold_gain":0,"player_choice":"Upgraded","damage_taken":0,"max_hp_gain":0,"max_hp_loss":0,"event_name":"Upgrade Shrine","floor":4,"gold_loss":0,"cards_upgraded":["Inflame"]},{"damage_healed":0,"gold_gain":0,"player_choice":"Leave","damage_taken":0,"max_hp_gain":0,"max_hp_loss":0,"event_name":"The Cleric","floor":11,"gold_loss":0},{"damage_healed":0,"gold_gain":0,"player_choice":"Simplicity","damage_taken":0,"max_hp_gain":0,"max_hp_loss":0,"event_name":"Back to Basics","floor":19,"gold_loss":0,"cards_upgraded":["Strike_R","Strike_R","Strike_R","Defend_R","Defend_R","Defend_R","Defend_R"]},{"cards_removed":["Strike_R"],"damage_healed":0,"gold_gain":0,"player_choice":"Gave Gold","damage_taken":0,"max_hp_gain":0,"max_hp_loss":0,"event_name":"Beggar","floor":28,"gold_loss":75},{"cards_removed":["Shrug It Off"],"damage_healed":0,"gold_gain":0,"player_choice":"Removed Skill","damage_taken":0,"max_hp_gain":0,"max_hp_loss":0,"event_name":"Falling","floor":37,"gold_loss":0},{"damage_healed":0,"gold_gain":0,"player_choice":"Fight","damage_taken":0,"max_hp_gain":0,"max_hp_loss":0,"event_name":"Mysterious Sphere","floor":47,"gold_loss":0}],"is_beta":false,"boss_relics":[{"not_picked":["Snecko Eye","SacredBark"],"picked":"Empty Cage"},{"not_picked":["Philosopher\u0027s Stone","Sozu"],"picked":"Astrolabe"}],"items_purged_floors":[3,21,54],"is_endless":false,"potions_floor_spawned":[2,6,16,23,29,33,35,38,44,46,47,55],"ascension_level":20,"potion_discard_per_floor":[[],[],[],[],[],[],[],[],[],[],[],[],[],[],[],["Dexterity Potion"],[],[],[],[],[],[],[],[],[],[],[],[],[],[],[],[],[],[],[],[],[],["SpeedPotion"],[],[],[],[],[],[],[],[],[],[],[],[],[],[],[],["SteroidPotion"],["ColorlessPotion"],[],[]]}