{"neow_bonuses_skipped_log":["REMOVE_CARD","THREE_SMALL_POTIONS","BOSS_RELIC"],"potions_obtained_entropic_brew":[[],[],[],[],[],[],[],[],[],[],[],[],[],[],[],[],[],[],[],[],[],[],[],[],[],[],[],[],[],[],[],[],[],[],[],[],[],[],[],[],[],[],[],[],[],["Fire Potion"],[],[],[],[],[],[],[],[],[],[],[]],"neow_costs_skipped_log":["NONE","NONE","NONE"],"gold_per_floor":[364,379,8,8,27,27,45,62,62,89,89,89,108,120,120,201,273,293,321,321,321,39,39,73,73,122,122,156,156,174,73,73,155,155,167,179,199,212,229,264,264,299,299,316,341,357,195,220,220,220,220,220,220,16,49,49],"floor_reached":57,"playtime":4722,"items_purged":[],"score":2962,"play_id":"37ab7d5f-8e3c-4fb8-a858-fe1fc4b3e21a","local_time":"20240213225539","score_breakdown":["Floors Climbed (57): 285","Enemies Slain (18): 36","Exordium Elites Killed (1): 10","City Elites Killed (2): 40","Beyond Elites Killed (2): 60","Bosses Slain (5): 750","Money Money (1169): 25","Librarian: 25","Champion (3): 75","Perfect (1): 50","Overkill: 25","Ascension (20): 1331","Heartbreaker: 250"],"is_ascension_mode":true,"potions_obtained_alchemize":[[],[],[],[],[],[],[],[],[],[],[],[],[],[],[],[],[],[],[],[],[],[],[],[],[],[],[],[],[],[],[],[],[],[],[],[],[],[],[],[],[],[],[],[],[],[],[],[],[],[],[],[],[],[],[],[],[]],"campfire_choices":[{"data":"Apotheosis","floor":6,"key":"SMITH"},{"data":"Consume","floor":11,"key":"SMITH"},{"floor":15,"key":"REST"},{"data":"Seek","floor":23,"key":"SMITH"},{"data":"Loop","floor":25,"key":"SMITH"},{"data":"Buffer","floor":27,"key":"SMITH"},{"data":"Skim","floor":29,"key":"SMITH"},{"data":"Capacitor","floor":32,"key":"SMITH"},{"floor":41,"key":"RECALL"},{"data":"Aggregate","floor":49,"key":"SMITH"},{"data":"Biased Cognition","floor":53,"key":"SMITH"}],"lesson_learned_per_floor":[[],[],[],[],[],[],[],[],[],[],[],[],[],[],[],[],[],[],[],[],[],[],[],[],[],[],[],[],[],[],[],[],[],[],[],[],[],[],[],[],[],[],[],[],[],[],[],[],[],[],[],[],[],[],[],[],[]],"neow_cost":"PERCENT_DAMAGE","improvable_cards":{},"seed_source_timestamp":28866048368839,"shop_contents":[{"floor":3,"relics":["Shovel","Cauldron"],"cards":["Sunder","Go for the Eyes","Stack","Heatsinks","Good Instincts"],"potions":["ColorlessPotion","SkillPotion","SpeedPotion"]},{"floor":22,"relics":["Strawberry","Ice Cream"],"cards":["Go for the Eyes","Scrape","Turbo","Madness","HandOfGreed"],"potions":["LiquidBronze","Weak Potion","LiquidBronze"]},{"floor":31,"relics":["Toy Ornithopter","Prayer Wheel","Chemical X"],"cards":["Go for the Eyes","Lockon","Aggregate","Impatience","The Bomb"],"potions":["AttackPotion","PotionOfCapacity","Swift Potion"]},{"floor":47,"relics":["Dream Catcher","Art of War","Medical Kit"],"cards":["Go for the Eyes","Barrage","Aggregate","Steam","Jack Of All Trades","Panache"],"potions":["AttackPotion","FocusPotion","Weak Potion"]},{"floor":54,"relics":["Boot","Mummified Hand"],"cards":["Rip and Tear","Go for the Eyes","Tempest","Capacitor","Trip","Mayhem"],"potions":["SkillPotion","EssenceOfSteel","FocusPotion"]}],"circlet_count":0,"master_deck":["AscendersBane","Zap","Dualcast","Chill","Streamline","Apotheosis+1","Conserve Battery","BootSequence","Consume+1","Ball Lightning","Chill","Biased Cognition+1","Aggregate+1","Buffer+1","Multi-Cast","Go for the Eyes","Consume","Static Discharge","Hologram","Loop+1","Sweeping Beam","Seek+1","Turbo+1","Skim+1","FTL","Glacier","Self Repair","Darkness","Redo","Capacitor+1","Glacier","All For One","Compile Driver","Hologram","Parasite","Echo Form","Coolheaded","Seek+1"],"potion_use_per_floor":[[],[],[],[],[],[],["SneckoOil"],[],[],[],[],[],[],["DistilledChaos"],[],[],[],[],[],[],[],[],[],["AttackPotion"],[],[],[],[],[],[],[],[],[],[],[],[],[],[],[],[],[],[],[],[],[],["EntropicBrew"],[],[],[],[],[],[],[],[],["DuplicationPotion"],["Ancient Potion","Ancient Potion"],[]],"relics":["Cracked Core","Pen Nib","Thread and Needle","CeramicFish","Pandora\u0027s Box","Orrery","Orichalcum","Lantern","Matryoshka","Black Star","Blood Vial","White Beast Statue","DataDisk","Regal Pillow","PreservedInsect","Du-Vu Doll","DollysMirror","Akabeko","StoneCalendar"],"potions_floor_usage":[7,14,24,46,55,56,56],"damage_taken":[{"damage":1,"enemies":"2 Louse","floor":1,"turns":4},{"damage":0,"enemies":"Cultist","floor":2,"turns":4},{"damage":4,"enemies":"Small Slimes","floor":5,"turns":4},{"damage":10,"enemies":"Gremlin Gang","floor":7,"turns":5},{"damage":1,"enemies":"Red Slaver","floor":8,"turns":3},{"damage":0,"enemies":"3 Sentries","floor":10,"turns":11},{"damage":0,"enemies":"Lots of Slimes","floor":13,"turns":4},{"damage":0,"enemies":"Gremlin Gang","floor":14,"turns":5},{"damage":23,"enemies":"Slime Boss","floor":16,"turns":9},{"damage":0,"enemies":"Shell Parasite","floor":18,"turns":8},{"damage":0,"enemies":"3 Byrds","floor":19,"turns":4},{"damage":4,"enemies":"Gremlin Leader","floor":24,"turns":12},{"damage":2,"enemies":"Slavers","floor":28,"turns":7},{"damage":10,"enemies":"Shelled Parasite and Fungi","floor":30,"turns":7},{"damage":0,"enemies":"Automaton","floor":33,"turns":8},{"damage":0,"enemies":"3 Darklings","floor":35,"turns":7},{"damage":0,"enemies":"3 Shapes","floor":36,"turns":9},{"damage":0,"enemies":"Maw","floor":37,"turns":10},{"damage":18,"enemies":"Writhing Mass","floor":38,"turns":5},{"damage":0,"enemies":"Spire Growth","floor":39,"turns":8},{"damage":0,"enemies":"Nemesis","floor":40,"turns":13},{"damage":0,"enemies":"Giant Head","floor":42,"turns":10},{"damage":0,"enemies":"3 Darklings","floor":44,"turns":9},{"damage":0,"enemies":"Writhing Mass","floor":45,"turns":13},{"damage":17,"enemies":"Jaw Worm Horde","floor":46,"turns":9},{"damage":0,"enemies":"Mind Bloom Boss Battle","floor":48,"turns":6},{"damage":8,"enemies":"Donu and Deca","floor":50,"turns":18},{"damage":1,"enemies":"Awakened One","floor":51,"turns":34},{"damage":66,"enemies":"Shield and Spear","floor":55,"turns":19},{"damage":13,"enemies":"The Heart","floor":56,"turns":12}],"green_key_taken_log":40,"seed_played":"-6405667525057643640","neow_bonus_log":{"cardsObtained":[],"cardsUpgraded":[],"cardsRemoved":[],"cardsTransformed":[],"relicsObtained":[],"maxHpGained":0,"goldGained":250,"damageTaken":18,"goldLost":0,"maxHpLost":0},"potions_obtained":[{"floor":1,"key":"SneckoOil"},{"floor":8,"key":"CultistPotion"},{"floor":10,"key":"SkillPotion"},{"floor":13,"key":"DistilledChaos"},{"floor":19,"key":"AttackPotion"},{"floor":21,"key":"EssenceOfDarkness"},{"floor":33,"key":"EntropicBrew"},{"floor":45,"key":"Ancient Potion"},{"floor":46,"key":"DuplicationPotion"},{"floor":55,"key":"Ancient Potion"}],"is_trial":false,"path_per_floor":["M","M","$","?","M","R","M","M","T","E","R","?","M","M","R","B",null,"M","M","?","?","$","R","E","R","T","R","E","R","M","$","R","B",null,"M","M","M","M","M","E","R","E","T","M","M","M","$","?","R","B","B",null,"R","$","E","B",null],"character_chosen":"DEFECT","basemod:card_modifiers":[null,null,null,null,null,null,null,null,null,null,null,null,null,null,null,null,null,null,null,null,null,null,null,null,null,null,null,null,null,null,null,null,null,null,null,null,null,null],"items_purchased":["Apotheosis","Conserve Battery","Pen Nib","Orrery","Glacier","Self Repair","Capacitor","Glacier","Echo Form","Coolheaded","DollysMirror"],"campfire_rested":1,"item_purchase_floors":[3,3,3,22,22,22,31,31,47,54,54],"current_hp_per_floor":[45,45,45,45,41,41,31,30,30,30,30,30,30,30,51,28,60,60,60,60,60,60,60,66,66,66,66,71,71,71,71,71,71,71,71,71,71,63,71,71,71,71,71,71,71,64,64,71,71,71,71,71,71,71,25,24],"gold":49,"neow_bonus":"TWO_FIFTY_GOLD","is_prod":false,"is_daily":false,"rewards_skipped":[{"floor":21,"relics":[],"potions":["BlessingOfTheForge"]},{"floor":35,"relics":[],"potions":["Block Potion"]},{"floor":42,"relics":[],"potions":["Explosive Potion"]},{"floor":44,"relics":[],"potions":["LiquidBronze"]},{"floor":48,"relics":[],"potions":["LiquidBronze"]}],"chose_seed":false,"campfire_upgraded":9,"win_rate":0,"floor_exit_playtime":[37,64,82,103,131,137,213,238,243,339,347,351,394,459,472,566,594,669,734,737,744,777,785,1023,1032,1035,1044,1171,1190,1271,1289,1294,1478,1502,1629,1772,1907,2022,2100,2281,2286,2482,2486,2676,2836,2977,3010,3090,3099,3392,3741,3751,3765,3813,4411,4722],"timestamp":1707882939,"blue_key_relic_skipped_log":{"floor":43,"relicID":"HornCleat"},"path_taken":["M","M","$","?","M","R","M","?","T","E","R","?","M","M","R","BOSS","M","M","?","?","$","R","E","R","T","R","E","R","M","?","R","BOSS","M","M","M","?","M","E","R","E","T","M","M","M","$","?","R","BOSS","BOSS","R","$","E","BOSS"],"build_version":"2022-12-18","purchased_purges":0,"victory":true,"max_hp_per_floor":[71,71,71,71,71,71,71,71,71,71,71,71,71,71,71,71,71,71,71,71,71,71,71,71,71,71,71,71,71,71,71,71,71,71,71,71,71,71,71,71,71,71,71,71,71,71,71,71,71,71,71,71,71,71,71,71],"relic_stats":{"Regal Pillow":0,"counters":[30,276],"CeramicFish":252,"StoneCalendar":[52],"Pen Nib":[30],"PreservedInsect":77,"Orichalcum":[78],"White Beast Statue":[0.0,0.0,0.0,0.4,0.0,0.6000000000000001,0.0,0.0,0.0,0.0,0.0,3.9084800000000004],"Blood Vial":4,"Matryoshka":1,"Pandora\u0027s Box":["Aggregate","Buffer","Multi-Cast","Go for the Eyes","Consume","Static Discharge","Hologram","Loop"],"Black Star":3,"obtain_stats":[{"Lantern":26,"Regal Pillow":42,"CeramicFish":10,"Thread and Needle":9,"StoneCalendar":55,"Pen Nib":3,"PreservedInsect":43,"Orichalcum":24,"White Beast Statue":40,"Akabeko":55,"Blood Vial":40,"Du-Vu Doll":48,"DataDisk":42,"Matryoshka":28,"DollysMirror":54,"Orrery":22,"Pandora\u0027s Box":17,"Black Star":34,"Cracked Core":0},{"Lantern":12,"Regal Pillow":22,"CeramicFish":6,"Thread and Needle":5,"StoneCalendar":29,"Pen Nib":2,"PreservedInsect":22,"Orichalcum":12,"White Beast Statue":21,"Akabeko":29,"Blood Vial":21,"Du-Vu Doll":26,"DataDisk":22,"Matryoshka":13,"DollysMirror":28,"Orrery":11,"Pandora\u0027s Box":9,"Black Star":15,"Cracked Core":0},{"Lantern":73,"Regal Pillow":156,"CeramicFish":31,"Thread and Needle":20,"StoneCalendar":264,"Pen Nib":8,"PreservedInsect":156,"Orichalcum":73,"White Beast Statue":146,"Akabeko":264,"Blood Vial":146,"Du-Vu Doll":193,"DataDisk":156,"Matryoshka":79,"DollysMirror":245,"Orrery":61,"Pandora\u0027s Box":49,"Black Star":94,"Cracked Core":0}]},"card_choices":[{"not_picked":["Stack","Leap"],"picked":"Chill","floor":1},{"not_picked":["Aggregate","Turbo"],"picked":"Streamline","floor":2},{"not_picked":["Redo","Streamline"],"picked":"BootSequence","floor":5},{"not_picked":["Steam Power","Chaos"],"picked":"Consume","floor":7},{"not_picked":["BootSequence","Recycle"],"picked":"Ball Lightning","floor":8},{"not_picked":["Hyperbeam","Rebound","Stack"],"picked":"SKIP","floor":10},{"not_picked":["Hologram","Ball Lightning"],"picked":"Chill","floor":13},{"not_picked":["BootSequence","Steam","Gash"],"picked":"SKIP","floor":14},{"not_picked":["Seek","Meteor Strike"],"picked":"Biased Cognition","floor":16},{"not_picked":["Redo","Aggregate"],"picked":"Sweeping Beam","floor":19},{"not_picked":["Turbo","Skim"],"picked":"Seek","floor":22},{"not_picked":["Reprogram","Scrape"],"picked":"Turbo+1","floor":22},{"not_picked":["Melter","Lockon"],"picked":"Skim","floor":22},{"not_picked":["Gash","Storm"],"picked":"FTL","floor":22},{"not_picked":["Redo","Aggregate","Rip and Tear+1"],"picked":"SKIP","floor":22},{"not_picked":["Stack+1","Streamline"],"picked":"Darkness","floor":24},{"not_picked":["Go for the Eyes","Darkness"],"picked":"Redo","floor":28},{"not_picked":["Turbo+1","Go for the Eyes+1","Chaos+1"],"picked":"SKIP","floor":30},{"not_picked":["Multi-Cast","Buffer"],"picked":"All For One","floor":33},{"not_picked":["Redo","Turbo","Ball Lightning"],"picked":"SKIP","floor":35},{"not_picked":["Rebound","Turbo"],"picked":"Compile Driver","floor":37},{"not_picked":["Darkness","Redo","Streamline"],"picked":"SKIP","floor":38},{"not_picked":["Gash+1","Turbo","Rebound"],"picked":"SKIP","floor":39},{"not_picked":["BootSequence","Steam Power","Go for the Eyes"],"picked":"SKIP","floor":40},{"not_picked":["Leap","Reinforced Body+1"],"picked":"Hologram","floor":42},{"not_picked":["Ball Lightning+1","Sweeping Beam","Go for the Eyes"],"picked":"SKIP","floor":46},{"not_picked":["Redo","Leap+1","Lockon"],"picked":"SKIP","floor":48},{"not_picked":["Hologram","Aggregate","Beam Cell"],"picked":"SKIP","floor":55}],"player_experience":6068727,"relics_obtained":[{"floor":9,"key":"Thread and Needle"},{"floor":10,"key":"CeramicFish"},{"floor":24,"key":"Orichalcum"},{"floor":26,"key":"Lantern"},{"floor":28,"key":"Matryoshka"},{"floor":40,"key":"Blood Vial"},{"floor":40,"key":"White Beast Statue"},{"floor":42,"key":"DataDisk"},{"floor":42,"key":"Regal Pillow"},{"floor":43,"key":"PreservedInsect"},{"floor":48,"key":"Du-Vu Doll"},{"floor":55,"key":"Akabeko"},{"floor":55,"key":"StoneCalendar"}],"event_choices":[{"damage_healed":0,"gold_gain":0,"player_choice":"0 cards matched","damage_taken":0,"max_hp_gain":0,"max_hp_loss":0,"event_name":"Match and Keep!","floor":4,"gold_loss":0,"cards_obtained":[]},{"damage_healed":0,"gold_gain":0,"player_choice":"Ignored","damage_taken":0,"max_hp_gain":0,"max_hp_loss":0,"event_name":"Liars Game","floor":12,"gold_loss":0},{"damage_healed":0,"gold_gain":0,"player_choice":"Ignored","damage_taken":0,"max_hp_gain":0,"max_hp_loss":0,"event_name":"Vampires","floor":20,"gold_loss":0},{"damage_healed":0,"gold_gain":0,"player_choice":"Got Potions","damage_taken":0,"max_hp_gain":0,"max_hp_loss":0,"event_name":"Lab","floor":21,"gold_loss":0},{"damage_healed":0,"gold_gain":0,"player_choice":"Fight","damage_taken":0,"max_hp_gain":0,"max_hp_loss":0,"event_name":"MindBloom","floor":48,"gold_loss":0}],"is_beta":false,"boss_relics":[{"not_picked":["Empty Cage","Busted Crown"],"picked":"Pandora\u0027s Box"},{"not_picked":["Tiny House","Runic Dome"],"picked":"Black Star"}],"items_purged_floors":[],"is_endless":false,"potions_floor_spawned":[1,8,10,13,19,33,35,42,44,45,46,48,55],"ascension_level":20,"potion_discard_per_floor":[[],[],[],[],[],[],[],[],[],[],[],[],["SkillPotion"],[],[],[],[],[],[],[],["CultistPotion"],[],[],[],[],[],[],[],[],[],[],[],[],[],[],[],[],[],[],[],[],[],[],[],["EssenceOfDarkness"],["Fire Potion"],[],[],[],[],[],[],[],[],[],[],[]]}