{"neow_bonuses_skipped_log":["ONE_RANDOM_RARE_CARD","THREE_ENEMY_KILL","BOSS_RELIC"],"potions_obtained_entropic_brew":[[],[],[],[],[],[],[],[],[],[],[],[],[],[],[],[],[],[],[],[],[],[],[],[],[],[],[],[],[],[],[],[],[],[],[],[],[],[],[],[],[],[],[],[],[],[],[],[],[],[],[],[],[],[],[],[]],"neow_costs_skipped_log":["NONE","NONE","NONE"],"gold_per_floor":[15,15,36,59,59,90,90,113,113,156,156,99,99,120,120,218,218,241,241,254,277,277,316,316,361,386,24,24,43,52,86,86,191,191,214,234,184,184,206,241,241,289,314,350,350,683,712,340,340,340,340,340,340,26,59,59],"floor_reached":56,"playtime":3168,"items_purged":["Strike_R","Strike_R","Strike_R"],"score":2077,"play_id":"1f9ba9cf-a88f-44d0-b8fd-2b1a6aaa2a82","local_time":"20240206203903","score_breakdown":["Floors Climbed (56): 280","Enemies Slain (13): 26","Exordium Elites Killed (2): 20","City Elites Killed (3): 60","Beyond Elites Killed (3): 90","Bosses Slain (4): 500","Money Money (1259): 25","Champion (1): 25","C-c-c-combo: 25","Ascension (20): 1026"],"is_ascension_mode":true,"potions_obtained_alchemize":[[],[],[],[],[],[],[],[],[],[],[],[],[],[],[],[],[],[],[],[],[],[],[],[],[],[],[],[],[],[],[],[],[],[],[],[],[],[],[],[],[],[],[],[],[],[],[],[],[],[],[],[],[],[],[],[]],"campfire_choices":[{"data":"Fiend Fire","floor":7,"key":"SMITH"},{"data":"Dark Embrace","floor":11,"key":"SMITH"},{"data":"Bash","floor":13,"key":"SMITH"},{"data":"Fiend Fire","floor":15,"key":"SMITH"},{"data":"Shockwave","floor":24,"key":"SMITH"},{"floor":28,"key":"REST"},{"data":"Apotheosis","floor":32,"key":"SMITH"},{"floor":41,"key":"RECALL"},{"data":"Corruption","floor":45,"key":"SMITH"},{"data":"Feel No Pain","floor":49,"key":"SMITH"},{"data":"Shockwave","floor":53,"key":"SMITH"}],"lesson_learned_per_floor":[[],[],[],[],[],[],[],[],[],[],[],[],[],[],[],[],[],[],[],[],[],[],[],[],[],[],[],[],[],[],[],[],[],[],[],[],[],[],[],[],[],[],[],[],[],[],[],[],[],[],[],[],[],[],[],[]],"neow_cost":"NO_GOLD","improvable_cards":{},"seed_source_timestamp":6488275294765,"shop_contents":[{"floor":12,"relics":["Whetstone","Red Skull","ClockworkSouvenir"],"cards":["Headbutt","Twin Strike","Flex","Infernal Blade","Dark Embrace","Mind Blast","Secret Weapon"],"potions":["Explosive Potion","Energy Potion"]},{"floor":27,"relics":["Art of War","Oddly Smooth Stone","OrangePellets"],"cards":["Pommel Strike","Fire Breathing","Blind"],"potions":["Weak Potion","Explosive Potion","SpeedPotion"]},{"floor":37,"relics":["Charon\u0027s Ashes","PreservedInsect","Cauldron"],"cards":["Pommel Strike+1","Body Slam+1","Shockwave","Havoc","Dark Embrace","Bandage Up","Sadistic Nature"],"potions":["DistilledChaos","Swift Potion","HeartOfIron"]},{"floor":48,"relics":["Pear","Brimstone"],"cards":["Body Slam+1","Whirlwind+1","Ghostly Armor","Intimidate","Juggernaut","Jack Of All Trades","Metamorphosis"],"potions":["LiquidBronze","BloodPotion","SpeedPotion"]},{"floor":54,"relics":["Vajra","Pocketwatch"],"cards":["Thunderclap+1","Whirlwind+1","Flex","True Grit","Inflame","Sadistic Nature"],"potions":["GamblersBrew","Energy Potion","Block Potion"]}],"circlet_count":0,"master_deck":["AscendersBane","Strike_R","Strike_R","Defend_R+1","Defend_R","Defend_R","Defend_R+1","Bash+1","Fiend Fire+1","Twin Strike","Anger","Fiend Fire+1","Dark Embrace+1","Reaper","Infernal Blade+1","Shrug It Off","Shockwave+1","Feel No Pain+1","Spot Weakness","Apotheosis+1","Burning Pact","Dropkick","Dual Wield","Burning Pact","Corruption+1","Shockwave+1","Disarm","Burning Pact","Offering","Flash of Steel+1"],"potion_use_per_floor":[[],[],[],[],[],["Regen Potion"],[],[],[],[],[],[],[],[],[],["ColorlessPotion"],[],[],[],[],["Explosive Potion"],[],[],[],["GamblersBrew"],[],[],[],[],[],["PowerPotion"],[],[],[],[],[],[],[],[],[],[],[],[],[],[],[],[],[],[],[],[],[],[],[],[],["ElixirPotion","FairyPotion"]],"relics":["Burning Blood","Bag of Marbles","Blood Vial","HornCleat","Mark of Pain","Question Card","CeramicFish","Smiling Mask","Molten Egg 2","Runic Pyramid","Akabeko","Incense Burner","Regal Pillow","Calipers","Frozen Eye","Shuriken"],"potions_floor_usage":[6,16,21,25,31,56],"damage_taken":[{"damage":9,"enemies":"Jaw Worm","floor":1,"turns":5},{"damage":7,"enemies":"Small Slimes","floor":3,"turns":3},{"damage":1,"enemies":"Cultist","floor":4,"turns":4},{"damage":35,"enemies":"Lagavulin","floor":6,"turns":7},{"damage":0,"enemies":"3 Louse","floor":8,"turns":4},{"damage":19,"enemies":"3 Sentries","floor":10,"turns":8},{"damage":0,"enemies":"Blue Slaver","floor":14,"turns":1},{"damage":35,"enemies":"Hexaghost","floor":16,"turns":9},{"damage":0,"enemies":"Spheric Guardian","floor":18,"turns":3},{"damage":0,"enemies":"Chosen","floor":20,"turns":3},{"damage":16,"enemies":"Snake Plant","floor":21,"turns":4},{"damage":10,"enemies":"Book of Stabbing","floor":23,"turns":3},{"damage":52,"enemies":"Gremlin Leader","floor":25,"turns":10},{"damage":11,"enemies":"Centurion and Healer","floor":29,"turns":7},{"damage":27,"enemies":"Book of Stabbing","floor":31,"turns":4},{"damage":20,"enemies":"Champ","floor":33,"turns":11},{"damage":17,"enemies":"3 Shapes","floor":35,"turns":6},{"damage":9,"enemies":"3 Darklings","floor":36,"turns":5},{"damage":0,"enemies":"Sphere and 2 Shapes","floor":39,"turns":4},{"damage":2,"enemies":"Nemesis","floor":40,"turns":5},{"damage":0,"enemies":"Giant Head","floor":42,"turns":3},{"damage":12,"enemies":"Nemesis","floor":44,"turns":9},{"damage":0,"enemies":"Writhing Mass","floor":47,"turns":7},{"damage":24,"enemies":"Time Eater","floor":50,"turns":6},{"damage":26,"enemies":"Donu and Deca","floor":51,"turns":6},{"damage":9,"enemies":"Shield and Spear","floor":55,"turns":6},{"damage":143,"enemies":"The Heart","floor":56,"turns":8}],"green_key_taken_log":25,"seed_played":"-1585461301609915287","neow_bonus_log":{"cardsObtained":[],"cardsUpgraded":[],"cardsRemoved":[],"cardsTransformed":[],"relicsObtained":[],"maxHpGained":0,"goldGained":0,"damageTaken":0,"goldLost":99,"maxHpLost":0},"potions_obtained":[{"floor":1,"key":"Regen Potion"},{"floor":8,"key":"FearPotion"},{"floor":18,"key":"Explosive Potion"},{"floor":20,"key":"GamblersBrew"},{"floor":29,"key":"PowerPotion"},{"floor":39,"key":"ElixirPotion"},{"floor":42,"key":"Energy Potion"},{"floor":47,"key":"FairyPotion"}],"is_trial":false,"path_per_floor":["M","?","M","M","?","E","R","M","T","E","R","$","R","M","R","B",null,"M","?","M","M","?","E","R","E","T","$","R","M","?","E","R","B",null,"M","M","$","?","M","E","R","E","T","E","R","?","M","$","R","B","B",null,"R","$","E","B"],"character_chosen":"IRONCLAD","basemod:card_modifiers":[null,null,null,null,null,null,null,null,null,null,null,null,null,null,null,null,null,null,null,null,null,null,null,null,null,null,null,null,null,null],"items_purchased":["ColorlessPotion","Apotheosis","Burning Pact","Dropkick","Dual Wield","Calipers","Frozen Eye","Flash of Steel+1"],"campfire_rested":1,"item_purchase_floors":[12,27,27,27,27,48,54,54],"current_hp_per_floor":[65,65,64,68,48,34,34,40,40,29,29,29,29,37,37,10,54,62,56,68,62,62,60,60,22,22,22,42,47,47,28,28,21,56,62,68,68,65,65,65,65,65,65,65,65,65,65,65,65,60,65,65,65,65,62,0],"gold":59,"neow_bonus":"THREE_RARE_CARDS","is_prod":false,"is_daily":false,"rewards_skipped":[{"floor":14,"relics":[],"potions":["FearPotion"]}],"chose_seed":false,"campfire_upgraded":9,"win_rate":0,"floor_exit_playtime":[118,122,144,194,197,244,255,303,306,403,409,447,453,475,483,608,636,705,716,756,816,820,857,867,1039,1053,1086,1090,1169,1184,1260,1267,1473,1493,1603,1704,1746,1753,1815,1911,1915,2039,2046,2163,2170,2175,2280,2297,2304,2444,2574,2589,2599,2620,2762],"timestamp":1707269943,"blue_key_relic_skipped_log":{"floor":43,"relicID":"War Paint"},"path_taken":["M","?","M","M","?","E","R","M","T","E","R","?","R","M","R","BOSS","M","?","M","?","?","E","R","E","T","$","R","M","?","E","R","BOSS","M","M","$","?","M","E","R","E","T","E","R","?","M","$","R","BOSS","BOSS","R","$","E","BOSS"],"build_version":"2022-12-18","purchased_purges":3,"victory":false,"max_hp_per_floor":[75,68,68,68,68,68,68,68,68,68,68,68,68,68,68,68,68,68,68,68,68,68,68,68,68,68,68,68,68,68,68,68,68,68,68,68,68,65,65,65,65,65,65,65,65,65,65,65,65,65,65,65,65,65,65,65],"relic_stats":{"Blood Vial":28,"Frozen Eye":43.425835,"Regal Pillow":0,"Calipers":[417],"counters":[27,151],"Shuriken":[10],"CeramicFish":108,"Question Card":12,"Smiling Mask":150,"obtain_stats":[{"Regal Pillow":44,"Calipers":48,"Golden Idol":2,"CeramicFish":25,"Incense Burner":42,"Question Card":23,"Smiling Mask":26,"Burning Blood":0,"Akabeko":40,"Blood Vial":9,"Frozen Eye":54,"HornCleat":10,"Shuriken":55,"Molten Egg 2":31,"Mark of Pain":17,"Bag of Marbles":6,"Runic Pyramid":34},{"Regal Pillow":22,"Calipers":23,"Golden Idol":1,"CeramicFish":13,"Incense Burner":21,"Question Card":12,"Smiling Mask":13,"Burning Blood":0,"Akabeko":20,"Blood Vial":5,"Frozen Eye":25,"HornCleat":6,"Shuriken":26,"Molten Egg 2":15,"Mark of Pain":8,"Bag of Marbles":4,"Runic Pyramid":16},{"Regal Pillow":118,"Calipers":125,"Golden Idol":5,"CeramicFish":64,"Incense Burner":109,"Question Card":54,"Smiling Mask":64,"Burning Blood":0,"Akabeko":106,"Blood Vial":23,"Frozen Eye":137,"HornCleat":31,"Shuriken":143,"Molten Egg 2":75,"Mark of Pain":41,"Bag of Marbles":19,"Runic Pyramid":86}],"Burning Blood":112},"card_choices":[{"not_picked":["Corruption","Demon Form"],"picked":"Fiend Fire","floor":0},{"not_picked":["Bloodletting","Sever Soul"],"picked":"Twin Strike","floor":1},{"not_picked":["Thunderclap","Iron Wave"],"picked":"Anger","floor":3},{"not_picked":["Clothesline","Clash"],"picked":"Fiend Fire","floor":4},{"not_picked":["Bloodletting","Clash","Flex"],"picked":"SKIP","floor":6},{"not_picked":["Thunderclap","Cleave"],"picked":"Dark Embrace","floor":8},{"not_picked":["Perfected Strike","Body Slam","Clash"],"picked":"SKIP","floor":14},{"not_picked":["Impervious","Limit Break"],"picked":"Reaper","floor":16},{"not_picked":["Wild Strike","Pummel"],"picked":"Infernal Blade+1","floor":18},{"not_picked":["Sword Boomerang","Perfected Strike","Shrug It Off"],"picked":"SKIP","floor":20},{"not_picked":["Sword Boomerang","Perfected Strike"],"picked":"Shrug It Off","floor":20},{"not_picked":["Heavy Blade","Flex"],"picked":"Shockwave","floor":21},{"not_picked":["Evolve","Dual Wield"],"picked":"Feel No Pain","floor":23},{"not_picked":["Headbutt","Clothesline","Immolate"],"picked":"Spot Weakness","floor":25},{"not_picked":["Rampage+1","Reckless Charge","Anger","Fire Breathing"],"picked":"SKIP","floor":29},{"not_picked":["Bludgeon+1","Barricade","Exhume"],"picked":"Corruption","floor":33},{"not_picked":["Twin Strike+1","Clothesline+1","Power Through"],"picked":"Shockwave","floor":35},{"not_picked":["Battle Trance","Heavy Blade+1","Perfected Strike+1","Headbutt+1"],"picked":"SKIP","floor":36},{"not_picked":["Thunderclap+1","Rupture","Spot Weakness"],"picked":"Disarm","floor":39},{"not_picked":["True Grit","Entrench","Flame Barrier","Sever Soul+1"],"picked":"SKIP","floor":40},{"not_picked":["Disarm+1","Pommel Strike+1","Warcry"],"picked":"Burning Pact","floor":42},{"not_picked":["Clothesline+1","Flame Barrier","Pommel Strike+1","Havoc"],"picked":"SKIP","floor":44},{"not_picked":["Clothesline+1","Cleave+1","Heavy Blade+1"],"picked":"Offering","floor":47},{"not_picked":["Iron Wave+1","Hemokinesis+1","Battle Trance","Combust"],"picked":"SKIP","floor":55}],"player_experience":5895266,"relics_obtained":[{"floor":6,"key":"Bag of Marbles"},{"floor":9,"key":"Blood Vial"},{"floor":10,"key":"HornCleat"},{"floor":23,"key":"Question Card"},{"floor":25,"key":"CeramicFish"},{"floor":26,"key":"Smiling Mask"},{"floor":31,"key":"Molten Egg 2"},{"floor":40,"key":"Akabeko"},{"floor":42,"key":"Incense Burner"},{"floor":44,"key":"Regal Pillow"},{"floor":55,"key":"Shuriken"}],"event_choices":[{"damage_healed":0,"gold_gain":0,"player_choice":"Lose Max HP","damage_taken":0,"relics_obtained":["Golden Idol"],"max_hp_gain":0,"max_hp_loss":7,"event_name":"Golden Idol","floor":2,"gold_loss":0},{"damage_healed":0,"gold_gain":0,"player_choice":"Entered Light","damage_taken":20,"max_hp_gain":0,"max_hp_loss":0,"event_name":"Shining Light","floor":5,"gold_loss":0,"cards_upgraded":["Defend_R","Defend_R"]},{"damage_healed":0,"gold_gain":0,"player_choice":"","damage_taken":6,"max_hp_gain":0,"max_hp_loss":0,"event_name":"Knowing Skull","floor":19,"potions_obtained":[],"gold_loss":0,"cards_obtained":[]},{"damage_healed":0,"gold_gain":0,"player_choice":"Ignored","damage_taken":0,"max_hp_gain":0,"max_hp_loss":0,"event_name":"Ghosts","floor":22,"gold_loss":0},{"damage_healed":0,"gold_gain":0,"player_choice":"Copied","damage_taken":0,"max_hp_gain":0,"max_hp_loss":0,"event_name":"Duplicator","floor":30,"gold_loss":0,"cards_obtained":["Burning Pact"]},{"damage_healed":0,"gold_gain":0,"player_choice":"Max HP","damage_taken":0,"max_hp_gain":0,"max_hp_loss":3,"event_name":"Winding Halls","floor":38,"gold_loss":0},{"damage_healed":0,"gold_gain":333,"player_choice":"Gave Idol","damage_taken":0,"max_hp_gain":0,"max_hp_loss":0,"event_name":"The Moai Head","floor":46,"relics_lost":["Golden Idol"],"gold_loss":0}],"is_beta":false,"boss_relics":[{"not_picked":["Empty Cage","Tiny House"],"picked":"Mark of Pain"},{"not_picked":["Black Star","Sozu"],"picked":"Runic Pyramid"}],"items_purged_floors":[37,48,54],"is_endless":false,"potions_floor_spawned":[1,8,14,18,20,29,39,42,47],"killed_by":"The Heart","ascension_level":20,"potion_discard_per_floor":[[],[],[],[],[],[],[],[],[],[],[],[],[],[],[],[],[],[],[],["FearPotion"],[],[],[],[],[],[],[],[],[],[],[],[],[],[],[],[],[],[],[],[],[],[],[],[],[],[],["Energy Potion"],[],[],[],[],[],[],[],[],[]]}