{"neow_bonuses_skipped_log":["RANDOM_COLORLESS","THREE_RARE_CARDS","BOSS_RELIC"],"neow_costs_skipped_log":["NONE","PERCENT_DAMAGE","NONE"],"potions_obtained_entropic_brew":[[],[],[],[],[],[],[],[],[],[],[],[],[],[],[],[],[],[],[],[],[]],"gold_per_floor":[117,135,154,114,127,127,137,168,191,191,202,215,244,244,244,315,315,327,337,337,337],"floor_reached":21,"playtime":1372,"items_purged":[],"score":386,"play_id":"6dfcd601-366e-42c2-9e64-777f0c856e23","local_time":"20240205001453","score_breakdown":["Floors Climbed (21): 105","Enemies Slain (9): 18","Exordium Elites Killed (2): 20","City Elites Killed (0): 0","Bosses Slain (1): 50","Ascension (20): 193"],"is_ascension_mode":true,"potions_obtained_alchemize":[[],[],[],[],[],[],[],[],[],[],[],[],[],[],[],[],[],[],[],[],[]],"campfire_choices":[{"data":"Sweeping Beam","floor":6,"key":"SMITH"},{"data":"Zap","floor":10,"key":"SMITH"},{"data":"Capacitor","floor":15,"key":"SMITH"}],"lesson_learned_per_floor":[[],[],[],[],[],[],[],[],[],[],[],[],[],[],[],[],[],[],[],[],[]],"neow_cost":"NONE","improvable_cards":{},"seed_source_timestamp":27684421213908,"shop_contents":[],"circlet_count":0,"master_deck":["AscendersBane","Strike_B+1","Strike_B","Strike_B","Strike_B+1","Defend_B","Defend_B","Defend_B","Defend_B","Zap+1","Dualcast","Hello World","Chill","Sweeping Beam+1","Cold Snap","Compile Driver","Cold Snap","Hologram","Capacitor+1","Skim","Seek","Static Discharge"],"potion_use_per_floor":[[],[],[],[],["Block Potion"],[],[],["SkillPotion"],[],[],["Regen Potion"],[],[],[],[],["Strength Potion"],[],[],[],[],["Block Potion","FocusPotion"]],"relics":["Cracked Core","Whetstone","Blue Candle","Lantern","Strawberry","Cursed Key","Happy Flower"],"potions_floor_usage":[5,8,11,16,21,21],"damage_taken":[{"damage":2,"enemies":"Jaw Worm","floor":1,"turns":3},{"damage":1,"enemies":"Cultist","floor":2,"turns":3},{"damage":13,"enemies":"Small Slimes","floor":3,"turns":4},{"damage":7,"enemies":"Gremlin Gang","floor":5,"turns":5},{"damage":0,"enemies":"3 Louse","floor":7,"turns":3},{"damage":7,"enemies":"Lagavulin","floor":8,"turns":8},{"damage":8,"enemies":"Exordium Thugs","floor":11,"turns":6},{"damage":0,"enemies":"Lots of Slimes","floor":12,"turns":4},{"damage":20,"enemies":"3 Sentries","floor":13,"turns":10},{"damage":16,"enemies":"Hexaghost","floor":16,"turns":8},{"damage":23,"enemies":"Shell Parasite","floor":18,"turns":6},{"damage":37,"enemies":"2 Thieves","floor":19,"turns":3},{"damage":2,"enemies":"Snecko","floor":21,"turns":4}],"green_key_taken_log":13,"seed_played":"-6463616315466543293","neow_bonus_log":{"cardsObtained":[],"cardsUpgraded":[],"cardsRemoved":[],"cardsTransformed":[],"relicsObtained":["Whetstone"],"maxHpGained":0,"goldGained":0,"damageTaken":0,"goldLost":0,"maxHpLost":0},"potions_obtained":[{"floor":1,"key":"Block Potion"},{"floor":4,"key":"Strength Potion"},{"floor":7,"key":"SkillPotion"},{"floor":8,"key":"Regen Potion"},{"floor":18,"key":"FocusPotion"},{"floor":19,"key":"Block Potion"}],"is_trial":false,"path_per_floor":["M","M","M","?","M","R","M","E","T","R","M","M","E","?","R","B",null,"M","M","?","M"],"character_chosen":"DEFECT","basemod:card_modifiers":[null,null,null,null,null,null,null,null,null,null,null,null,null,null,null,null,null,null,null,null,null,null],"items_purchased":[],"campfire_rested":0,"item_purchase_floors":[],"current_hp_per_floor":[62,61,48,48,41,41,41,34,34,34,41,41,28,28,28,12,62,39,2,2,0],"gold":337,"neow_bonus":"RANDOM_COMMON_RELIC","is_prod":false,"is_daily":false,"rewards_skipped":[{"floor":4,"relics":[],"potions":["Weak Potion","ColorlessPotion"]}],"chose_seed":false,"campfire_upgraded":3,"win_rate":0,"floor_exit_playtime":[239,262,300,342,428,434,480,550,553,569,619,714,814,831,839,915,952,1061,1211,1233],"timestamp":1707110093,"path_taken":["M","M","M","?","M","R","M","E","T","R","?","M","E","?","R","BOSS","M","?","?","M"],"build_version":"2022-12-18","purchased_purges":0,"victory":false,"max_hp_per_floor":[71,71,71,71,71,71,71,71,71,71,71,71,78,78,78,78,78,78,78,78,78],"relic_stats":{"Happy Flower":[1],"counters":[13,67],"Blue Candle":[0],"Whetstone":["Strike_B","Strike_B"],"Cursed Key":0,"obtain_stats":[{"Lantern":9,"Happy Flower":20,"Blue Candle":8,"Strawberry":13,"Whetstone":0,"Cracked Core":0,"Cursed Key":17},{"Lantern":6,"Happy Flower":12,"Blue Candle":6,"Strawberry":9,"Whetstone":0,"Cracked Core":0,"Cursed Key":10},{"Lantern":26,"Happy Flower":63,"Blue Candle":26,"Strawberry":46,"Whetstone":0,"Cracked Core":0,"Cursed Key":54}]},"card_choices":[{"not_picked":["Leap","Streamline"],"picked":"Hello World","floor":1},{"not_picked":["Cold Snap","Loop"],"picked":"Chill","floor":2},{"not_picked":["Steam","Hello World"],"picked":"Sweeping Beam","floor":3},{"not_picked":["Steam","Ball Lightning"],"picked":"Cold Snap","floor":5},{"not_picked":["Machine Learning","Fusion"],"picked":"Compile Driver","floor":7},{"not_picked":["Redo","Go for the Eyes"],"picked":"Cold Snap","floor":8},{"not_picked":["Leap","Tempest"],"picked":"Hologram","floor":11},{"not_picked":["Ball Lightning","Melter"],"picked":"Capacitor","floor":12},{"not_picked":["Machine Learning","Hyperbeam"],"picked":"Skim","floor":13},{"not_picked":["Multi-Cast","Machine Learning"],"picked":"Seek","floor":16},{"not_picked":["Cold Snap","Redo"],"picked":"Static Discharge","floor":18}],"player_experience":5870151,"relics_obtained":[{"floor":8,"key":"Blue Candle"},{"floor":9,"key":"Lantern"},{"floor":13,"key":"Strawberry"},{"floor":20,"key":"Happy Flower"}],"event_choices":[{"damage_healed":0,"gold_gain":0,"player_choice":"Bought 3 Potions","damage_taken":0,"max_hp_gain":0,"max_hp_loss":0,"event_name":"The Woman in Blue","floor":4,"gold_loss":0},{"damage_healed":0,"gold_gain":0,"player_choice":"0 cards matched","damage_taken":0,"max_hp_gain":0,"max_hp_loss":0,"event_name":"Match and Keep!","floor":14,"gold_loss":0,"cards_obtained":[]},{"damage_healed":0,"gold_gain":0,"player_choice":"Relic","damage_taken":0,"max_hp_gain":0,"max_hp_loss":0,"event_name":"Wheel of Change","floor":20,"gold_loss":0}],"is_beta":false,"boss_relics":[{"not_picked":["Runic Dome","Velvet Choker"],"picked":"Cursed Key"}],"items_purged_floors":[],"is_endless":false,"potions_floor_spawned":[1,7,8,18,19],"killed_by":"Snecko","ascension_level":20,"potion_discard_per_floor":[[],[],[],[],[],[],[],[],[],[],[],[],[],[],[],[],[],[],[],[],[]]}