{"neow_bonuses_skipped_log":["THREE_SMALL_POTIONS","TWENTY_PERCENT_HP_BONUS","BOSS_RELIC"],"potions_obtained_entropic_brew":[[],[],[],[],[],[],[],[],[],[],[],[],[],[],[],[],[],[],[],[],[],[],[],[],[],[],[],[],[],[],[],[],[],[],[],[],[],[],[],[],[],[],[],[],[],[],[],[],[],[],[],[],[],[],[],[],[]],"neow_costs_skipped_log":["NONE","PERCENT_DAMAGE","NONE"],"gold_per_floor":[109,109,34,48,64,64,96,115,115,144,109,109,109,144,144,233,233,258,258,258,258,276,276,316,357,357,357,380,163,181,201,201,291,291,309,309,322,322,112,126,126,157,238,238,273,273,308,332,332,332,332,332,332,9,42,62],"floor_reached":57,"playtime":2603,"items_purged":["Defend_P","Defend_P","Pray"],"score":3192,"play_id":"ad79efb0-4a77-43f5-b51a-6cbc4619dd58","local_time":"20240214203957","score_breakdown":["Floors Climbed (57): 285","Enemies Slain (13): 26","Exordium Elites Killed (3): 30","City Elites Killed (1): 20","Beyond Elites Killed (2): 60","Bosses Slain (5): 750","Light Speed: 50","Pauper: 50","Champion (5): 125","Perfect (2): 100","C-c-c-combo: 25","Ascension (20): 1421","Heartbreaker: 250"],"is_ascension_mode":true,"potions_obtained_alchemize":[[],[],[],[],[],[],[],[],[],[],[],[],[],[],[],[],[],[],[],[],[],[],[],[],[],[],[],[],[],[],[],[],[],[],[],[],[],[],[],[],[],[],[],[],[],[],[],[],[],[],[],[],[],[],[],[],[]],"campfire_choices":[{"data":"Eruption","floor":6,"key":"SMITH"},{"floor":13,"key":"DIG"},{"data":"Strike_P","floor":15,"key":"PURGE"},{"floor":23,"key":"REST"},{"data":"Strike_P","floor":27,"key":"PURGE"},{"data":"Defend_P","floor":32,"key":"PURGE"},{"floor":41,"key":"RECALL"},{"data":"ReachHeaven","floor":44,"key":"PURGE"},{"data":"Consecrate+1","floor":46,"key":"PURGE"},{"data":"EmptyMind","floor":49,"key":"SMITH"},{"data":"Halt","floor":53,"key":"PURGE"}],"lesson_learned_per_floor":[[],[],[],[],[],[],[],[],[],[],[],[],[],[],[],[],[],[],[],[],[],[],[],[],[],[],[],[],[],[],[],[],[],[],[],[],[],[],[],[],[],[],[],[],[],[],[],[],[],[],[],[],[],[],[],[],[]],"neow_cost":"NONE","improvable_cards":{},"seed_source_timestamp":14483906361210,"shop_contents":[{"floor":3,"relics":["Art of War","Damaru","Orrery"],"cards":["Consecrate","CarveReality","Evaluate","PathToVictory","Wireheading","Deep Breath","Secret Weapon"],"potions":["Block Potion","Dexterity Potion","Fire Potion"]},{"floor":29,"relics":["MealTicket","Strawberry","Strange Spoon"],"cards":["Wallop","Crescendo","Nirvana","Purity","Apotheosis"],"potions":["LiquidBronze","StancePotion","BottledMiracle"]},{"floor":39,"relics":["Akabeko","InkBottle","Lee\u0027s Waffle"],"cards":["FollowUp","SignatureMove","Halt","DeceiveReality","Mind Blast","Thinking Ahead"],"potions":["Swift Potion","Strength Potion","Explosive Potion"]},{"floor":54,"relics":["Du-Vu Doll","Blood Vial"],"cards":["ReachHeaven","FlyingSleeves","Protect","SpiritShield","BattleHymn","Trip","HandOfGreed"],"potions":["PowerPotion"]}],"circlet_count":0,"master_deck":["AscendersBane","Eruption+1","Vigilance","EmptyMind","Adaptation","EmptyMind+1","ClearTheMind+1","CutThroughFate+1","FearNoEvil","Fasting2","MentalFortress","Study+1"],"potion_use_per_floor":[[],[],[],[],[],[],[],[],[],["AttackPotion"],[],[],[],["Fire Potion"],[],[],[],[],[],[],[],[],[],["Fruit Juice"],[],[],[],[],[],[],[],[],[],[],[],[],[],[],[],[],[],[],[],[],[],[],["BottledMiracle","LiquidMemories"],[],[],[],[],[],[],[],[],["Ancient Potion","BlessingOfTheForge","DistilledChaos","ColorlessPotion"],[]],"relics":["PureWater","Juzu Bracelet","Peace Pipe","Gremlin Horn","Shovel","Golden Idol","Yang","Whetstone","SlaversCollar","HornCleat","TeardropLocket","Red Mask","Pear","VioletLotus","Thread and Needle","Omamori","Potion Belt","ClockworkSouvenir","Anchor"],"potions_floor_usage":[10,14,24,47,47,56,56,56,56],"damage_taken":[{"damage":7,"enemies":"Jaw Worm","floor":1,"turns":4},{"damage":3,"enemies":"Small Slimes","floor":4,"turns":2},{"damage":8,"enemies":"2 Louse","floor":5,"turns":2},{"damage":0,"enemies":"Gremlin Nob","floor":7,"turns":2},{"damage":0,"enemies":"Gremlin Gang","floor":8,"turns":2},{"damage":0,"enemies":"Lagavulin","floor":10,"turns":2},{"damage":10,"enemies":"3 Sentries","floor":14,"turns":4},{"damage":18,"enemies":"Slime Boss","floor":16,"turns":7},{"damage":14,"enemies":"Spheric Guardian","floor":18,"turns":4},{"damage":29,"enemies":"Shell Parasite","floor":22,"turns":4},{"damage":0,"enemies":"Gremlin Leader","floor":24,"turns":3},{"damage":3,"enemies":"Masked Bandits","floor":25,"turns":3},{"damage":5,"enemies":"Centurion and Healer","floor":28,"turns":3},{"damage":0,"enemies":"3 Cultists","floor":30,"turns":2},{"damage":7,"enemies":"Snecko","floor":31,"turns":5},{"damage":0,"enemies":"Automaton","floor":33,"turns":6},{"damage":0,"enemies":"3 Darklings","floor":35,"turns":2},{"damage":3,"enemies":"Orb Walker","floor":37,"turns":3},{"damage":0,"enemies":"Transient","floor":40,"turns":3},{"damage":0,"enemies":"Mind Bloom Boss Battle","floor":42,"turns":2},{"damage":0,"enemies":"Giant Head","floor":45,"turns":2},{"damage":3,"enemies":"Nemesis","floor":47,"turns":5},{"damage":0,"enemies":"Maw","floor":48,"turns":2},{"damage":7,"enemies":"Donu and Deca","floor":50,"turns":2},{"damage":0,"enemies":"Awakened One","floor":51,"turns":2},{"damage":0,"enemies":"Shield and Spear","floor":55,"turns":2},{"damage":40,"enemies":"The Heart","floor":56,"turns":6}],"green_key_taken_log":10,"seed_played":"-2355975967608162456","neow_bonus_log":{"cardsObtained":["Pray"],"cardsUpgraded":[],"cardsRemoved":[],"cardsTransformed":["Defend_P"],"relicsObtained":[],"maxHpGained":0,"goldGained":0,"damageTaken":0,"goldLost":0,"maxHpLost":0},"potions_obtained":[{"floor":1,"key":"AttackPotion"},{"floor":4,"key":"FearPotion"},{"floor":8,"key":"Fire Potion"},{"floor":14,"key":"Fruit Juice"},{"floor":22,"key":"BottledMiracle"},{"floor":24,"key":"AttackPotion"},{"floor":30,"key":"SteroidPotion"},{"floor":42,"key":"LiquidMemories"},{"floor":47,"key":"BlessingOfTheForge"},{"floor":48,"key":"ColorlessPotion"}],"is_trial":false,"path_per_floor":["M","?","$","M","M","R","E","M","T","E","?","?","R","E","R","B",null,"M","?","?","T","M","R","E","?","T","R","M","$","M","M","R","B",null,"M","?","M","?","$","M","R","?","T","R","E","R","E","M","R","B","B",null,"R","$","E","B",null],"character_chosen":"WATCHER","basemod:card_modifiers":[null,null,null,null,null,null,null,null,null,null,null,null],"items_purchased":["FearNoEvil","Halt","MentalFortress","ClockworkSouvenir","Ancient Potion","DistilledChaos"],"campfire_rested":1,"item_purchase_floors":[29,29,39,54,54,54],"current_hp_per_floor":[54,28,28,25,17,17,17,17,17,17,34,34,34,24,24,6,48,34,34,34,34,5,23,28,25,35,35,30,30,30,23,23,23,64,64,64,61,61,61,61,61,61,61,61,61,61,58,58,58,51,51,68,68,68,68,28],"gold":62,"neow_bonus":"TRANSFORM_CARD","is_prod":false,"is_daily":false,"rewards_skipped":[{"floor":40,"relics":[],"potions":["Energy Potion"]}],"chose_seed":false,"campfire_upgraded":2,"win_rate":0,"floor_exit_playtime":[35,41,51,79,104,109,140,172,177,213,223,228,233,324,332,428,463,513,518,521,523,579,584,641,703,708,716,767,813,862,947,956,1110,1125,1180,1192,1230,1235,1252,1444,1448,1593,1596,1605,1680,1690,1908,2010,2044,2160,2276,2287,2294,2308,2376,2603],"timestamp":1707961197,"blue_key_relic_skipped_log":{"floor":43,"relicID":"Darkstone Periapt"},"path_taken":["M","?","$","M","M","R","E","M","T","E","?","?","R","E","R","BOSS","M","?","?","?","M","R","E","?","T","R","M","$","M","M","R","BOSS","M","?","M","?","$","M","R","?","T","R","E","R","E","M","R","BOSS","BOSS","R","$","E","BOSS"],"build_version":"2022-12-18","purchased_purges":3,"victory":true,"max_hp_per_floor":[68,68,68,68,68,68,68,68,68,68,68,62,62,62,62,62,62,62,62,62,62,62,62,67,67,77,77,77,77,77,77,77,77,77,77,77,77,73,73,73,73,73,73,73,73,73,73,73,73,73,73,73,73,73,73,73],"relic_stats":{"Peace Pipe":7,"Shovel":1,"Gremlin Horn":[21,23],"counters":[27,86],"Golden Idol":182,"Yang":[447],"VioletLotus":[172],"Juzu Bracelet":0,"Omamori":0,"Whetstone":["Strike_P","Consecrate"],"PureWater":[18],"obtain_stats":[{"Potion Belt":47,"Pear":26,"Gremlin Horn":9,"Golden Idol":12,"Yang":13,"Thread and Needle":42,"Juzu Bracelet":2,"Omamori":45,"Whetstone":14,"TeardropLocket":24,"ClockworkSouvenir":54,"Peace Pipe":7,"SlaversCollar":17,"Anchor":55,"Shovel":10,"HornCleat":21,"VioletLotus":34,"Red Mask":25,"PureWater":0},{"Potion Belt":22,"Pear":12,"Gremlin Horn":5,"Golden Idol":6,"Yang":6,"Thread and Needle":20,"Juzu Bracelet":1,"Omamori":21,"Whetstone":7,"TeardropLocket":11,"ClockworkSouvenir":25,"Peace Pipe":4,"SlaversCollar":8,"Anchor":26,"Shovel":6,"HornCleat":9,"VioletLotus":16,"Red Mask":12,"PureWater":0},{"Potion Belt":72,"Pear":39,"Gremlin Horn":12,"Golden Idol":14,"Yang":14,"Thread and Needle":65,"Juzu Bracelet":4,"Omamori":67,"Whetstone":18,"TeardropLocket":36,"ClockworkSouvenir":78,"Peace Pipe":10,"SlaversCollar":25,"Anchor":80,"Shovel":14,"HornCleat":29,"VioletLotus":55,"Red Mask":39,"PureWater":0}]},"card_choices":[{"not_picked":["Evaluate","PathToVictory"],"picked":"ReachHeaven","floor":1},{"not_picked":["ForeignInfluence","SashWhip"],"picked":"EmptyMind","floor":4},{"not_picked":["WaveOfTheHand","ForeignInfluence"],"picked":"Consecrate","floor":5},{"not_picked":["EmptyBody","DeceiveReality"],"picked":"Adaptation","floor":7},{"not_picked":["PathToVictory","Nirvana"],"picked":"EmptyMind","floor":10},{"not_picked":["WreathOfFlame","JustLucky","EmptyFist"],"picked":"SKIP","floor":14},{"not_picked":["Omniscience","DevaForm","SpiritShield"],"picked":"SKIP","floor":16},{"not_picked":["SashWhip","Fasting2"],"picked":"ClearTheMind+1","floor":18},{"not_picked":["FlurryOfBlows","Wireheading"],"picked":"CutThroughFate+1","floor":22},{"not_picked":["ClearTheMind","WaveOfTheHand+1","ReachHeaven"],"picked":"SKIP","floor":24},{"not_picked":["Crescendo","WaveOfTheHand","WreathOfFlame"],"picked":"SKIP","floor":25},{"not_picked":["Protect","ClearTheMind","Evaluate"],"picked":"SKIP","floor":28},{"not_picked":["ClearTheMind","CutThroughFate","SashWhip"],"picked":"SKIP","floor":30},{"not_picked":["FollowUp","PathToVictory","Evaluate"],"picked":"SKIP","floor":31},{"not_picked":["Establishment","LessonLearned","Ragnarok"],"picked":"SKIP","floor":33},{"not_picked":["Protect","Wireheading+1","WindmillStrike"],"picked":"SKIP","floor":35},{"not_picked":["SignatureMove","ThirdEye","TalkToTheHand"],"picked":"SKIP","floor":37},{"not_picked":["EmptyMind","Vengeance","Protect"],"picked":"SKIP","floor":40},{"not_picked":["ClearTheMind+1","Halt+1","CrushJoints"],"picked":"SKIP","floor":42},{"not_picked":["FlurryOfBlows","EmptyBody","Weave"],"picked":"SKIP","floor":45},{"not_picked":["FlurryOfBlows+1","ThirdEye","Evaluate+1"],"picked":"SKIP","floor":47},{"not_picked":["SashWhip","Consecrate+1"],"picked":"Study+1","floor":48},{"not_picked":["Meditate","WindmillStrike","Alpha"],"picked":"SKIP","floor":55}],"player_experience":6084287,"relics_obtained":[{"floor":7,"key":"Peace Pipe"},{"floor":9,"key":"Gremlin Horn"},{"floor":10,"key":"Shovel"},{"floor":13,"key":"Yang"},{"floor":14,"key":"Whetstone"},{"floor":21,"key":"HornCleat"},{"floor":24,"key":"TeardropLocket"},{"floor":25,"key":"Red Mask"},{"floor":26,"key":"Pear"},{"floor":42,"key":"Thread and Needle"},{"floor":45,"key":"Omamori"},{"floor":47,"key":"Potion Belt"},{"floor":55,"key":"Anchor"}],"event_choices":[{"damage_healed":0,"gold_gain":0,"player_choice":"Success","damage_taken":26,"relics_obtained":["Juzu Bracelet"],"max_hp_gain":0,"max_hp_loss":0,"event_name":"Scrap Ooze","floor":2,"gold_loss":0},{"damage_healed":17,"gold_gain":0,"player_choice":"Healed","damage_taken":0,"max_hp_gain":0,"max_hp_loss":0,"event_name":"The Cleric","floor":11,"gold_loss":35},{"damage_healed":0,"gold_gain":0,"player_choice":"Lose Max HP","damage_taken":0,"relics_obtained":["Golden Idol"],"max_hp_gain":0,"max_hp_loss":6,"event_name":"Golden Idol","floor":12,"gold_loss":0},{"cards_removed":["Strike_P"],"damage_healed":0,"gold_gain":0,"player_choice":"Elegance","damage_taken":0,"max_hp_gain":0,"max_hp_loss":0,"event_name":"Back to Basics","floor":19,"gold_loss":0},{"damage_healed":0,"gold_gain":0,"player_choice":"Ignored","damage_taken":0,"max_hp_gain":0,"max_hp_loss":0,"event_name":"Vampires","floor":20,"gold_loss":0},{"damage_healed":0,"gold_gain":0,"player_choice":"Fought Bandits","damage_taken":0,"max_hp_gain":0,"max_hp_loss":0,"event_name":"Masked Bandits","floor":25,"gold_loss":0},{"damage_healed":0,"gold_gain":0,"cards_transformed":["Strike_P"],"player_choice":"Transformed","damage_taken":0,"max_hp_gain":0,"max_hp_loss":0,"event_name":"Transmorgrifier","floor":36,"gold_loss":0,"cards_obtained":["Fasting2"]},{"damage_healed":0,"gold_gain":0,"player_choice":"Max HP","damage_taken":0,"max_hp_gain":0,"max_hp_loss":4,"event_name":"Winding Halls","floor":38,"gold_loss":0},{"damage_healed":0,"gold_gain":0,"player_choice":"Fight","damage_taken":0,"max_hp_gain":0,"max_hp_loss":0,"event_name":"MindBloom","floor":42,"gold_loss":0}],"is_beta":false,"boss_relics":[{"not_picked":["Empty Cage","Snecko Eye"],"picked":"SlaversCollar"},{"not_picked":["Calling Bell","Black Star"],"picked":"VioletLotus"}],"items_purged_floors":[3,29,39],"is_endless":false,"potions_floor_spawned":[1,4,8,14,22,24,30,40,42,47,48],"ascension_level":20,"potion_discard_per_floor":[[],[],[],[],[],[],[],["FearPotion"],[],[],[],[],[],[],[],[],[],[],[],[],[],[],[],[],[],[],[],[],[],["AttackPotion"],[],[],[],[],[],[],[],[],[],[],[],["SteroidPotion"],[],[],[],[],[],[],[],[],[],[],[],[],[],[],[]]}