{"neow_bonuses_skipped_log":["THREE_SMALL_POTIONS","TRANSFORM_TWO_CARDS","BOSS_RELIC"],"potions_obtained_entropic_brew":[[],[],[],[],[],[],[],[],[],[],[],[],[],[],[],[]],"neow_costs_skipped_log":["NONE","CURSE","NONE"],"gold_per_floor":[117,135,214,229,240,267,267,285,311,3,3,42,55,99,99,99],"floor_reached":16,"playtime":879,"items_purged":[],"score":244,"play_id":"ba3c7477-96d9-4023-9b11-baffe421fd34","local_time":"20240211020726","score_breakdown":["Floors Climbed (16): 80","Enemies Slain (6): 12","Exordium Elites Killed (3): 30","Bosses Slain (0): 0","Ascension (20): 122"],"is_ascension_mode":true,"potions_obtained_alchemize":[[],[],[],[],[],[],[],[],[],[],[],[],[],[],[],[]],"campfire_choices":[{"data":"Hemokinesis","floor":11,"key":"SMITH"},{"data":"Pommel Strike","floor":15,"key":"SMITH"}],"lesson_learned_per_floor":[[],[],[],[],[],[],[],[],[],[],[],[],[],[],[],[]],"neow_cost":"NONE","improvable_cards":{},"seed_source_timestamp":20025367110298,"shop_contents":[{"floor":10,"relics":["Toxic Egg 2","Lee\u0027s Waffle"],"cards":["Thunderclap","Rampage","Flex","Seeing Red","Jack Of All Trades","Master of Strategy"],"potions":["Weak Potion","Dexterity Potion"]}],"circlet_count":0,"master_deck":["AscendersBane","Strike_R","Strike_R","Strike_R","Strike_R","Defend_R","Defend_R","Defend_R","Defend_R","Bash","Corruption","Pommel Strike+1","Shockwave","Infernal Blade","Headbutt","Hemokinesis+1","Feel No Pain","Burning Pact","Burning Pact"],"potion_use_per_floor":[[],[],[],[],[],[],[],[],[],[],[],["ColorlessPotion"],[],[],[],["EssenceOfSteel","Swift Potion"]],"relics":["Burning Blood","Meat on the Bone","Blood Vial","Golden Idol","Toy Ornithopter","Bag of Preparation","Eternal Feather"],"potions_floor_usage":[12,16,16],"damage_taken":[{"damage":22,"enemies":"Cultist","floor":1,"turns":5},{"damage":11,"enemies":"2 Louse","floor":2,"turns":3},{"damage":2,"enemies":"Jaw Worm","floor":4,"turns":5},{"damage":14,"enemies":"Exordium Thugs","floor":5,"turns":3},{"damage":35,"enemies":"3 Sentries","floor":6,"turns":9},{"damage":9,"enemies":"3 Louse","floor":8,"turns":4},{"damage":15,"enemies":"Gremlin Nob","floor":12,"turns":3},{"damage":11,"enemies":"Red Slaver","floor":13,"turns":4},{"damage":20,"enemies":"3 Sentries","floor":14,"turns":13},{"damage":73,"enemies":"The Guardian","floor":16,"turns":16}],"seed_played":"-1386740771098407538","neow_bonus_log":{"cardsObtained":["Corruption"],"cardsUpgraded":[],"cardsRemoved":[],"cardsTransformed":["Strike_R"],"relicsObtained":[],"maxHpGained":0,"goldGained":0,"damageTaken":0,"goldLost":0,"maxHpLost":0},"potions_obtained":[{"floor":5,"key":"EssenceOfSteel"},{"floor":12,"key":"Weak Potion"},{"floor":14,"key":"Swift Potion"}],"is_trial":false,"path_per_floor":["M","M","T","M","M","E","?","M","T","$","R","E","M","E","R","B"],"character_chosen":"IRONCLAD","basemod:card_modifiers":[null,null,null,null,null,null,null,null,null,null,null,null,null,null,null,null,null,null,null],"items_purchased":["Feel No Pain","Toy Ornithopter","ColorlessPotion"],"campfire_rested":0,"item_purchase_floors":[10,10,10],"current_hp_per_floor":[52,47,47,51,55,38,38,49,49,49,49,47,44,44,53,0],"gold":99,"neow_bonus":"TRANSFORM_CARD","is_prod":false,"is_daily":false,"rewards_skipped":[],"chose_seed":false,"campfire_upgraded":2,"win_rate":0,"floor_exit_playtime":[67,107,112,143,168,252,270,310,313,343,349,409,441,587,597],"timestamp":1707635246,"blue_key_relic_skipped_log":{"floor":9,"relicID":"Boot"},"path_taken":["M","M","?","M","M","E","?","M","T","?","R","E","M","E","R","BOSS"],"build_version":"2022-12-18","purchased_purges":0,"victory":false,"max_hp_per_floor":[75,75,75,75,75,75,68,68,68,68,68,68,68,68,68,68],"relic_stats":{"Blood Vial":10,"counters":[10,65],"Golden Idol":24,"Eternal Feather":9,"Bag of Preparation":[6],"obtain_stats":[{"Blood Vial":6,"Golden Idol":7,"Eternal Feather":14,"Bag of Preparation":12,"Burning Blood":0,"Toy Ornithopter":10,"Meat on the Bone":3},{"Blood Vial":5,"Golden Idol":5,"Eternal Feather":9,"Bag of Preparation":7,"Burning Blood":0,"Toy Ornithopter":6,"Meat on the Bone":2},{"Blood Vial":25,"Golden Idol":25,"Eternal Feather":49,"Bag of Preparation":32,"Burning Blood":0,"Toy Ornithopter":29,"Meat on the Bone":8}],"Burning Blood":54,"Toy Ornithopter":15,"Meat on the Bone":48},"card_choices":[{"not_picked":["True Grit","Armaments"],"picked":"Pommel Strike","floor":1},{"not_picked":["Dropkick","Thunderclap"],"picked":"Shockwave","floor":2},{"not_picked":["Flex","Wild Strike"],"picked":"Infernal Blade","floor":4},{"not_picked":["Body Slam","Flex"],"picked":"Headbutt","floor":5},{"not_picked":["Bloodletting","Headbutt"],"picked":"Hemokinesis","floor":8},{"not_picked":["Sword Boomerang","Reckless Charge"],"picked":"Burning Pact","floor":13},{"not_picked":["Pommel Strike","Cleave"],"picked":"Burning Pact","floor":14}],"player_experience":6000905,"relics_obtained":[{"floor":3,"key":"Meat on the Bone"},{"floor":6,"key":"Blood Vial"},{"floor":12,"key":"Bag of Preparation"},{"floor":14,"key":"Eternal Feather"}],"event_choices":[{"damage_healed":0,"gold_gain":0,"player_choice":"Lose Max HP","damage_taken":0,"relics_obtained":["Golden Idol"],"max_hp_gain":0,"max_hp_loss":7,"event_name":"Golden Idol","floor":7,"gold_loss":0}],"is_beta":false,"boss_relics":[],"items_purged_floors":[],"is_endless":false,"potions_floor_spawned":[5,12,14],"killed_by":"The Guardian","ascension_level":20,"potion_discard_per_floor":[[],[],[],[],[],[],[],[],[],[],[],[],[],["Weak Potion"],[],[]]}