{"neow_bonuses_skipped_log":["THREE_SMALL_POTIONS","TWENTY_PERCENT_HP_BONUS","BOSS_RELIC"],"potions_obtained_entropic_brew":[[],[],[],[],[],[],[],[],[],[],[],[],[],[],[],[],[],[],[],[],[],[],[],[],[]],"neow_costs_skipped_log":["NONE","CURSE","NONE"],"gold_per_floor":[112,59,75,85,104,104,138,138,138,211,211,211,251,268,268,352,352,371,380,380,106,133,133,159,159],"floor_reached":25,"playtime":798,"items_purged":["Writhe"],"score":472,"play_id":"cc3e38ba-6d59-4be2-ad99-0f75733e33ad","local_time":"20240206222536","score_breakdown":["Floors Climbed (25): 125","Enemies Slain (8): 16","Exordium Elites Killed (2): 20","City Elites Killed (0): 0","Bosses Slain (1): 50","Champion (1): 25","Ascension (20): 236"],"is_ascension_mode":true,"potions_obtained_alchemize":[[],[],[],[],[],[],[],[],[],[],[],[],[],[],[],[],[],[],[],[],[],[],[],[],[]],"campfire_choices":[{"data":"Hyperbeam","floor":6,"key":"SMITH"},{"data":"Loop","floor":12,"key":"SMITH"},{"data":"1","floor":15,"key":"LIFT"},{"floor":23,"key":"REST"}],"lesson_learned_per_floor":[[],[],[],[],[],[],[],[],[],[],[],[],[],[],[],[],[],[],[],[],[],[],[],[],[]],"neow_cost":"NONE","improvable_cards":{},"seed_source_timestamp":15264565305120,"shop_contents":[{"floor":2,"relics":["Mercury Hourglass","Orichalcum","OrangePellets"],"cards":["Go for the Eyes","Gash","Turbo","Rainbow","Loop","Swift Strike","Apotheosis"],"potions":["Dexterity Potion","FairyPotion"]},{"floor":21,"relics":["Potion Belt","Prayer Wheel"],"cards":["Barrage","Stack","Leap","Loop","Finesse","Mayhem"],"potions":["LiquidBronze","LiquidMemories","EssenceOfSteel"]}],"circlet_count":0,"master_deck":["AscendersBane","Strike_B+1","Strike_B+1","Strike_B+1","Strike_B+1","Defend_B+1","Defend_B+1","Defend_B+1","Defend_B+1","Zap","Dualcast","Panacea","Defragment+1","Loop+1","Hyperbeam+1","Ball Lightning","Doom and Gloom","Echo Form","Skim","FTL","Hologram+1","Go for the Eyes+1"],"potion_use_per_floor":[[],[],[],[],[],[],[],[],[],["AttackPotion"],[],[],[],[],[],["EssenceOfSteel"],[],[],[],[],[],[],[],[],["GamblersBrew","PowerPotion"]],"relics":["Cracked Core","CeramicFish","Cables","Unceasing Top","Girya","Nuclear Battery","StrikeDummy","Runic Capacitor"],"potions_floor_usage":[10,16,25,25],"damage_taken":[{"damage":6,"enemies":"Jaw Worm","floor":1,"turns":4},{"damage":4,"enemies":"2 Louse","floor":3,"turns":4},{"damage":10,"enemies":"Small Slimes","floor":4,"turns":3},{"damage":0,"enemies":"3 Louse","floor":5,"turns":1},{"damage":15,"enemies":"Lagavulin","floor":7,"turns":5},{"damage":6,"enemies":"Gremlin Nob","floor":10,"turns":3},{"damage":0,"enemies":"3 Sentries","floor":13,"turns":2},{"damage":12,"enemies":"Looter","floor":14,"turns":3},{"damage":23,"enemies":"Hexaghost","floor":16,"turns":7},{"damage":18,"enemies":"2 Thieves","floor":18,"turns":3},{"damage":25,"enemies":"Shell Parasite","floor":22,"turns":5},{"damage":17,"enemies":"Centurion and Healer","floor":24,"turns":4},{"damage":26,"enemies":"Slavers","floor":25,"turns":1}],"seed_played":"-5104854919259479062","neow_bonus_log":{"cardsObtained":[],"cardsUpgraded":[],"cardsRemoved":[],"cardsTransformed":[],"relicsObtained":[],"maxHpGained":0,"goldGained":0,"damageTaken":0,"goldLost":0,"maxHpLost":0},"potions_obtained":[{"floor":3,"key":"AttackPotion"},{"floor":5,"key":"PowerPotion"},{"floor":13,"key":"EssenceOfSteel"},{"floor":18,"key":"CultistPotion"},{"floor":22,"key":"GamblersBrew"}],"is_trial":false,"path_per_floor":["M","$","M","M","M","R","E","?","T","?","?","R","E","M","R","B",null,"M","?","?","$","M","R","M","E"],"character_chosen":"DEFECT","basemod:card_modifiers":[null,null,null,null,null,null,null,null,null,null,null,null,null,null,null,null,null,null,null,null,null,null],"items_purchased":["FearPotion","Runic Capacitor","FTL"],"campfire_rested":1,"item_purchase_floors":[2,21,21],"current_hp_per_floor":[58,58,54,44,44,44,29,52,52,46,46,46,46,34,34,11,56,38,38,38,38,13,34,17,0],"gold":159,"neow_bonus":"RANDOM_COLORLESS","is_prod":false,"is_daily":false,"rewards_skipped":[{"floor":4,"relics":[],"potions":["FearPotion"]}],"chose_seed":false,"campfire_upgraded":2,"win_rate":0,"floor_exit_playtime":[69,87,129,155,172,185,232,236,238,322,327,332,373,393,403,456,489,532,543,549,636,709,712,758],"timestamp":1707276336,"path_taken":["M","$","M","M","M","R","E","?","T","?","?","R","E","M","R","BOSS","M","?","?","$","M","R","M","E"],"build_version":"2022-12-18","purchased_purges":1,"victory":false,"max_hp_per_floor":[71,71,71,71,71,71,71,71,71,71,71,71,71,71,71,71,71,71,71,71,71,71,71,71,71],"relic_stats":{"Girya":1,"counters":[13,45],"CeramicFish":72,"obtain_stats":[{"Girya":13,"CeramicFish":7,"Runic Capacitor":21,"Cracked Core":0,"StrikeDummy":19,"Unceasing Top":10,"Cables":9,"Nuclear Battery":17},{"Girya":7,"CeramicFish":5,"Runic Capacitor":10,"Cracked Core":0,"StrikeDummy":10,"Unceasing Top":6,"Cables":5,"Nuclear Battery":9},{"Girya":22,"CeramicFish":17,"Runic Capacitor":35,"Cracked Core":0,"StrikeDummy":35,"Unceasing Top":20,"Cables":17,"Nuclear Battery":32}],"Unceasing Top":[0],"Cables":[21,16,0,2,3]},"card_choices":[{"not_picked":["Madness","Enlightenment"],"picked":"Panacea","floor":0},{"not_picked":["Chill","Stack"],"picked":"Defragment","floor":1},{"not_picked":["Gash","Redo"],"picked":"Loop","floor":3},{"not_picked":["Redo","Sweeping Beam"],"picked":"Hyperbeam","floor":4},{"not_picked":["Heatsinks","Stack","Fusion"],"picked":"SKIP","floor":5},{"not_picked":["Reprogram","Barrage","Gash"],"picked":"SKIP","floor":7},{"not_picked":["Rebound","Go for the Eyes"],"picked":"Ball Lightning","floor":10},{"not_picked":["Leap","Hologram"],"picked":"Doom and Gloom","floor":13},{"not_picked":["Hyperbeam","Fission"],"picked":"Echo Form","floor":16},{"not_picked":["Rebound","Conserve Battery"],"picked":"Skim","floor":18},{"not_picked":["Static Discharge","Redo"],"picked":"Hologram+1","floor":22},{"not_picked":["Rebound","Amplify"],"picked":"Go for the Eyes+1","floor":24}],"player_experience":5903873,"relics_obtained":[{"floor":7,"key":"CeramicFish"},{"floor":9,"key":"Cables"},{"floor":10,"key":"Unceasing Top"},{"floor":13,"key":"Girya"}],"event_choices":[{"damage_healed":23,"gold_gain":0,"player_choice":"Banana","damage_taken":0,"max_hp_gain":0,"max_hp_loss":0,"event_name":"Big Fish","floor":8,"gold_loss":0},{"damage_healed":0,"gold_gain":0,"player_choice":"Searched \u00271\u0027 times","damage_taken":0,"max_hp_gain":0,"max_hp_loss":0,"event_name":"Dead Adventurer","floor":10,"gold_loss":0},{"damage_healed":0,"gold_gain":0,"player_choice":"Grow","damage_taken":0,"max_hp_gain":0,"max_hp_loss":0,"event_name":"Living Wall","floor":11,"gold_loss":0,"cards_upgraded":["Defragment"]},{"damage_healed":0,"gold_gain":0,"player_choice":"Opened","damage_taken":0,"relics_obtained":["StrikeDummy"],"max_hp_gain":0,"max_hp_loss":0,"event_name":"The Mausoleum","floor":19,"gold_loss":0,"cards_obtained":["Writhe"]},{"damage_healed":0,"gold_gain":0,"player_choice":"Simplicity","damage_taken":0,"max_hp_gain":0,"max_hp_loss":0,"event_name":"Back to Basics","floor":20,"gold_loss":0,"cards_upgraded":["Strike_B","Strike_B","Strike_B","Strike_B","Defend_B","Defend_B","Defend_B","Defend_B"]}],"is_beta":false,"boss_relics":[{"not_picked":["Black Star","Philosopher\u0027s Stone"],"picked":"Nuclear Battery"}],"items_purged_floors":[21],"is_endless":false,"potions_floor_spawned":[3,4,5,13,18,22],"killed_by":"Slavers","ascension_level":20,"potion_discard_per_floor":[[],[],[],[],["FearPotion"],[],[],[],[],[],[],[],[],[],[],[],[],[],[],[],[],["CultistPotion"],[],[],[]]}