{"neow_bonuses_skipped_log":["UPGRADE_CARD","THREE_ENEMY_KILL","BOSS_RELIC"],"potions_obtained_entropic_brew":[[],[],[],[],[],[],[],[],[],[],[],[],[],[],[],[],[],[],[],[],[],[],[],[],[],[],[],[],[],[],[],[],[],[],[],[],[],[],[],[],[]],"neow_costs_skipped_log":["NONE","NONE","NONE"],"gold_per_floor":[110,123,123,6,6,6,39,58,137,157,157,173,173,194,194,284,284,260,260,185,198,212,212,235,235,317,173,208,208,242,260,260,356,356,377,390,414,101,114,114,114],"floor_reached":41,"playtime":2234,"items_purged":["Strike_B","Gash"],"score":1020,"play_id":"008f2202-801c-4201-a759-ba3dc294c29f","local_time":"20240203210955","score_breakdown":["Floors Climbed (41): 205","Enemies Slain (15): 30","Exordium Elites Killed (1): 10","City Elites Killed (2): 40","Beyond Elites Killed (0): 0","Bosses Slain (2): 150","Perfect (1): 50","Overkill: 25","Ascension (20): 510"],"is_ascension_mode":true,"potions_obtained_alchemize":[[],[],[],[],[],[],[],[],[],[],[],[],[],[],[],[],[],[],[],[],[],[],[],[],[],[],[],[],[],[],[],[],[],[],[],[],[],[],[],[],[]],"campfire_choices":[{"data":"Chaos","floor":6,"key":"SMITH"},{"data":"Consume","floor":11,"key":"SMITH"},{"data":"Capacitor","floor":13,"key":"SMITH"},{"data":"Coolheaded","floor":15,"key":"SMITH"},{"data":"Defragment","floor":23,"key":"SMITH"},{"floor":29,"key":"REST"},{"floor":32,"key":"REST"},{"floor":40,"key":"REST"}],"lesson_learned_per_floor":[[],[],[],[],[],[],[],[],[],[],[],[],[],[],[],[],[],[],[],[],[],[],[],[],[],[],[],[],[],[],[],[],[],[],[],[],[],[],[],[],[]],"neow_cost":"TEN_PERCENT_HP_LOSS","improvable_cards":{},"seed_source_timestamp":11078261861114,"shop_contents":[{"floor":4,"relics":["Anchor","Regal Pillow","Chemical X"],"cards":["Rebound","Beam Cell","Redo","Loop","Impatience","Mayhem"],"potions":["Block Potion","LiquidMemories","SmokeBomb"]},{"floor":27,"relics":["Art of War","Unceasing Top","HandDrill"],"cards":["Melter","Go for the Eyes","Stack+1","Heatsinks","Enlightenment+1","Chrysalis+1"],"potions":["SkillPotion","Fire Potion","Regen Potion"]},{"floor":38,"relics":["Nunchaku","Akabeko"],"cards":["Meteor Strike","Thunder Strike","Multi-Cast+1","Turbo+1","Dramatic Entrance","Secret Weapon+1"],"potions":["Strength Potion","DistilledChaos","SkillPotion"]}],"circlet_count":0,"master_deck":["AscendersBane","Defend_B","Defend_B","Defend_B","Dualcast","Coolheaded+1","Capacitor+1","Rebound","Consume+1","Chaos+1","Cold Snap","Conserve Battery","Skim","Coolheaded","Biased Cognition","Undo","Skim","Defragment+1","Sweeping Beam","Aggregate+1","Core Surge","Compile Driver","Multi-Cast+1","Sunder+1","Hologram+1","Electrodynamics","Defragment+1","Darkness+1"],"potion_use_per_floor":[[],[],[],[],[],[],[],[],[],[],[],[],[],[],[],["EssenceOfSteel"],[],[],[],[],[],[],[],[],[],[],[],[],[],["Fire Potion"],["LiquidMemories"],[],[],[],[],[],[],[],[],[],["ColorlessPotion"]],"relics":["Cracked Core","Golden Idol","Bag of Marbles","Velvet Choker","Toxic Egg 2","Orichalcum","HornCleat","Nuclear Battery","DollysMirror"],"potions_floor_usage":[16,30,31,41],"damage_taken":[{"damage":5,"enemies":"Jaw Worm","floor":1,"turns":4},{"damage":0,"enemies":"Small Slimes","floor":2,"turns":2},{"damage":4,"enemies":"Lagavulin","floor":7,"turns":9},{"damage":1,"enemies":"2 Louse","floor":8,"turns":3},{"damage":13,"enemies":"Exordium Wildlife","floor":10,"turns":7},{"damage":1,"enemies":"Blue Slaver","floor":12,"turns":5},{"damage":14,"enemies":"3 Louse","floor":14,"turns":3},{"damage":24,"enemies":"Slime Boss","floor":16,"turns":10},{"damage":17,"enemies":"2 Thieves","floor":18,"turns":4},{"damage":1,"enemies":"Spheric Guardian","floor":21,"turns":5},{"damage":0,"enemies":"Snecko","floor":22,"turns":7},{"damage":0,"enemies":"3 Cultists","floor":24,"turns":7},{"damage":11,"enemies":"Book of Stabbing","floor":28,"turns":7},{"damage":18,"enemies":"Slavers","floor":30,"turns":9},{"damage":17,"enemies":"Shelled Parasite and Fungi","floor":31,"turns":9},{"damage":0,"enemies":"Automaton","floor":33,"turns":13},{"damage":0,"enemies":"Orb Walker","floor":35,"turns":3},{"damage":0,"enemies":"3 Darklings","floor":36,"turns":8},{"damage":21,"enemies":"Transient","floor":37,"turns":6},{"damage":17,"enemies":"Writhing Mass","floor":39,"turns":12},{"damage":43,"enemies":"Nemesis","floor":41,"turns":3}],"seed_played":"7344570461112138838","neow_bonus_log":{"cardsObtained":["Coolheaded","Capacitor"],"cardsUpgraded":[],"cardsRemoved":[],"cardsTransformed":["Defend_B","Strike_B"],"relicsObtained":[],"maxHpGained":0,"goldGained":0,"damageTaken":0,"goldLost":0,"maxHpLost":7},"potions_obtained":[{"floor":1,"key":"EssenceOfSteel"},{"floor":2,"key":"SneckoOil"},{"floor":14,"key":"LiquidMemories"},{"floor":16,"key":"SpeedPotion"},{"floor":21,"key":"Swift Potion"},{"floor":22,"key":"Fire Potion"},{"floor":31,"key":"LiquidBronze"},{"floor":33,"key":"Swift Potion"},{"floor":35,"key":"ColorlessPotion"}],"is_trial":false,"path_per_floor":["M","M","?","$","?","R","E","M","T","M","R","M","R","M","R","B",null,"M","?","?","M","M","R","M","?","T","$","E","R","E","M","R","B",null,"M","M","M","$","M","R","E"],"character_chosen":"DEFECT","basemod:card_modifiers":[null,null,null,null,null,null,null,null,null,null,null,null,null,null,null,null,null,null,null,null,null,null,null,null,null,null,null,null],"items_purchased":["Chaos","Aggregate+1","Electrodynamics","DollysMirror"],"campfire_rested":3,"item_purchase_floors":[4,27,38,38],"current_hp_per_floor":[59,59,58,58,63,63,59,58,58,45,45,44,44,30,30,6,49,32,32,32,31,31,31,31,31,31,31,20,38,20,3,21,21,53,53,53,32,32,15,33,0],"gold":114,"neow_bonus":"TRANSFORM_TWO_CARDS","is_prod":false,"is_daily":false,"rewards_skipped":[{"floor":37,"relics":[],"potions":["Block Potion"]}],"chose_seed":false,"campfire_upgraded":5,"win_rate":0,"floor_exit_playtime":[61,78,82,147,151,157,255,279,285,355,361,413,426,461,484,638,692,752,759,781,854,926,938,1037,1041,1043,1072,1159,1163,1281,1427,1433,1630,1656,1722,1852,1962,2004,2163,2167],"timestamp":1707012595,"blue_key_relic_skipped_log":{"floor":9,"relicID":"Matryoshka"},"path_taken":["M","M","?","$","?","R","E","M","T","M","R","M","R","M","R","BOSS","M","?","?","M","M","R","M","?","T","$","E","R","E","M","R","BOSS","M","M","M","$","M","R","E"],"build_version":"2022-12-18","purchased_purges":2,"victory":false,"max_hp_per_floor":[64,64,58,58,63,63,63,63,63,63,63,63,63,63,63,63,63,63,63,63,63,63,63,63,63,63,63,63,63,63,63,63,63,63,63,63,63,63,63,63,63],"relic_stats":{"counters":[21,136],"Golden Idol":106,"Orichalcum":[102],"obtain_stats":[{"HornCleat":30,"Golden Idol":3,"DollysMirror":38,"Velvet Choker":17,"Bag of Marbles":7,"Toxic Egg 2":26,"Orichalcum":28,"Cracked Core":0,"Nuclear Battery":34},{"HornCleat":14,"Golden Idol":2,"DollysMirror":19,"Velvet Choker":8,"Bag of Marbles":3,"Toxic Egg 2":12,"Orichalcum":13,"Cracked Core":0,"Nuclear Battery":16},{"HornCleat":82,"Golden Idol":6,"DollysMirror":121,"Velvet Choker":43,"Bag of Marbles":15,"Toxic Egg 2":66,"Orichalcum":73,"Cracked Core":0,"Nuclear Battery":104}]},"card_choices":[{"not_picked":["Tempest","Barrage"],"picked":"Rebound","floor":1},{"not_picked":["Aggregate","Go for the Eyes"],"picked":"Consume","floor":2},{"not_picked":["Steam","Undo"],"picked":"Cold Snap","floor":7},{"not_picked":["Force Field","All For One"],"picked":"Conserve Battery","floor":8},{"not_picked":["Hologram","Go for the Eyes"],"picked":"Skim","floor":10},{"not_picked":["Reinforced Body","Gash","Scrape"],"picked":"SKIP","floor":12},{"not_picked":["Conserve Battery","Leap"],"picked":"Coolheaded","floor":14},{"not_picked":["Reboot","Seek"],"picked":"Biased Cognition","floor":16},{"not_picked":["Hologram","Static Discharge+1"],"picked":"Undo","floor":18},{"not_picked":["Compile Driver+1","Barrage"],"picked":"Defragment","floor":21},{"not_picked":["FTL","Barrage","Gash"],"picked":"SKIP","floor":22},{"not_picked":["Gash","Ball Lightning"],"picked":"Sweeping Beam","floor":24},{"not_picked":["Turbo+1","Steam+1","All For One"],"picked":"SKIP","floor":28},{"not_picked":["Turbo+1","Ball Lightning+1"],"picked":"Core Surge","floor":30},{"not_picked":["Consume+1","Force Field+1"],"picked":"Compile Driver","floor":31},{"not_picked":["Machine Learning","Meteor Strike"],"picked":"Multi-Cast+1","floor":33},{"not_picked":["Turbo+1","Double Energy+1"],"picked":"Sunder+1","floor":35},{"not_picked":["Beam Cell","Gash"],"picked":"Hologram+1","floor":36},{"not_picked":["Gash","Stack+1","Ball Lightning"],"picked":"SKIP","floor":37},{"not_picked":["Leap+1","FTL"],"picked":"Darkness+1","floor":39}],"player_experience":5835135,"relics_obtained":[{"floor":7,"key":"Bag of Marbles"},{"floor":26,"key":"Toxic Egg 2"},{"floor":28,"key":"Orichalcum"},{"floor":30,"key":"HornCleat"}],"event_choices":[{"damage_healed":0,"gold_gain":0,"player_choice":"Lose Max HP","damage_taken":0,"relics_obtained":["Golden Idol"],"max_hp_gain":0,"max_hp_loss":6,"event_name":"Golden Idol","floor":3,"gold_loss":0},{"damage_healed":0,"gold_gain":0,"player_choice":"Donut","damage_taken":0,"max_hp_gain":5,"max_hp_loss":0,"event_name":"Big Fish","floor":5,"gold_loss":0},{"damage_healed":0,"gold_gain":0,"cards_transformed":["Strike_B","Strike_B"],"player_choice":"Became Test Subject","damage_taken":0,"max_hp_gain":0,"max_hp_loss":0,"event_name":"Drug Dealer","floor":19,"gold_loss":0,"cards_obtained":["Skim","Gash"]},{"cards_removed":["Zap"],"damage_healed":0,"gold_gain":0,"player_choice":"Gave Gold","damage_taken":0,"max_hp_gain":0,"max_hp_loss":0,"event_name":"Beggar","floor":20,"gold_loss":75},{"damage_healed":0,"gold_gain":0,"player_choice":"Ignored","damage_taken":0,"max_hp_gain":0,"max_hp_loss":0,"event_name":"Cursed Tome","floor":25,"gold_loss":0}],"is_beta":false,"boss_relics":[{"not_picked":["Snecko Eye","Philosopher\u0027s Stone"],"picked":"Velvet Choker"},{"not_picked":["SlaversCollar","Coffee Dripper"],"picked":"Nuclear Battery"}],"items_purged_floors":[4,27],"is_endless":false,"potions_floor_spawned":[1,2,14,16,21,22,31,33,35,37],"killed_by":"Nemesis","ascension_level":20,"potion_discard_per_floor":[[],[],[],[],[],[],[],[],[],[],[],[],[],["SneckoOil"],[],[],[],[],[],[],["SpeedPotion"],["Swift Potion"],[],[],[],[],[],[],[],[],[],[],[],[],["LiquidBronze"],[],[],[],[],[],[]]}