{"neow_bonuses_skipped_log":["THREE_CARDS","HUNDRED_GOLD","BOSS_RELIC"],"neow_costs_skipped_log":["NONE","NONE","NONE"],"potions_obtained_entropic_brew":[[],[],[],[],[],[],[],[],[],[],[],[],[],[],[],[],[],[],[],[],[],[],[],[],[],[],[],[],[],[],[],[],[],[],[],[],[],[],[],[],[],[],[],[],[],[],[],[],[],[],[],[],[],[],[],[],[]],"gold_per_floor":[12,27,42,52,68,94,94,125,149,175,213,213,237,256,256,342,342,364,386,67,89,89,89,133,157,233,259,285,285,307,317,317,399,399,411,440,462,483,507,548,60,60,110,144,144,171,198,227,227,227,227,227,227,65,97,97],"floor_reached":57,"playtime":6752,"items_purged":["Strike_B"],"score":3099,"play_id":"7625ac82-7c1f-436e-a05a-cd811eeed344","local_time":"20240212160016","score_breakdown":["Floors Climbed (57): 285","Enemies Slain (21): 42","Exordium Elites Killed (3): 30","City Elites Killed (2): 40","Beyond Elites Killed (3): 90","Bosses Slain (5): 750","Money Money (1215): 25","Collector (1): 25","Librarian: 25","Champion (1): 25","Perfect (2): 100","Overkill: 25","Ascension (20): 1387","Heartbreaker: 250"],"is_ascension_mode":true,"potions_obtained_alchemize":[[],[],[],[],[],[],[],[],[],[],[],[],[],[],[],[],[],[],[],[],[],[],[],[],[],[],[],[],[],[],[],[],[],[],[],[],[],[],[],[],[],[],[],[],[],[],[],[],[],[],[],[],[],[],[],[],[]],"campfire_choices":[{"floor":7,"key":"REST"},{"data":"Sweeping Beam","floor":12,"key":"SMITH"},{"data":"Loop","floor":15,"key":"SMITH"},{"floor":23,"key":"REST"},{"data":"Biased Cognition","floor":29,"key":"SMITH"},{"data":"Coolheaded","floor":32,"key":"SMITH"},{"floor":42,"key":"RECALL"},{"data":"Aggregate","floor":45,"key":"SMITH"},{"data":"Coolheaded","floor":49,"key":"SMITH"},{"data":"Coolheaded","floor":53,"key":"SMITH"}],"lesson_learned_per_floor":[[],[],[],[],[],[],[],[],[],[],[],[],[],[],[],[],[],[],[],[],[],[],[],[],[],[],[],[],[],[],[],[],[],[],[],[],[],[],[],[],[],[],[],[],[],[],[],[],[],[],[],[],[],[],[],[],[]],"neow_cost":"NO_GOLD","improvable_cards":{},"seed_source_timestamp":4265413768007,"shop_contents":[{"floor":20,"relics":["White Beast Statue","Mango","PrismaticShard"],"cards":["Ball Lightning","FTL","Trip","Panache"],"potions":["FearPotion","LiquidBronze"]},{"floor":41,"relics":["Akabeko"],"cards":["Rebound","Sunder","White Noise","Darkness","Storm","Trip","The Bomb"],"potions":["Explosive Potion","Fire Potion","Block Potion"]},{"floor":54,"relics":["Toy Ornithopter","Cauldron"],"cards":["Meteor Strike","Blizzard","Stack","Redo","Biased Cognition","Purity","Metamorphosis"],"potions":["Swift Potion","ColorlessPotion","DuplicationPotion"]}],"circlet_count":0,"master_deck":["AscendersBane","Defend_B","Defend_B","Defend_B","Zap","Dualcast","BootSequence","Blizzard","Darkness","Coolheaded+1","Core Surge","Coolheaded+1","Undo","Cold Snap","Sweeping Beam+1","Steam","Loop+1","Coolheaded+1","Biased Cognition+1","Redo","Beam Cell+1","Self Repair","Chill","Turbo","Glacier","Hologram","Recycle","Doom and Gloom","Biased Cognition","Rainbow","Fission","Turbo","Skim+1","Compile Driver+1","Coolheaded","Aggregate+1","Secret Technique","Dark Shackles","Apotheosis","Coolheaded+1"],"potion_use_per_floor":[[],[],[],[],[],["PowerPotion"],[],["AttackPotion"],[],[],[],[],[],[],[],["EssenceOfDarkness","SkillPotion"],[],[],[],[],[],[],[],["Explosive Potion"],[],[],[],[],[],[],[],[],[],[],[],[],[],[],[],[],[],[],[],[],[],[],[],[],[],[],[],[],[],[],[],["FocusPotion","LiquidMemories"],[]],"relics":["Cracked Core","Incense Burner","Shuriken","CeramicFish","Omamori","Runic Pyramid","Nilry\u0027s Codex","Bird Faced Urn","Question Card","Bottled Lightning","Empty Cage","Prayer Wheel","Runic Capacitor","Torii","DataDisk","Mummified Hand","Bag of Preparation","Strawberry"],"potions_floor_usage":[6,8,16,16,24,56,56],"damage_taken":[{"damage":7,"enemies":"Jaw Worm","floor":1,"turns":3},{"damage":1,"enemies":"Cultist","floor":2,"turns":3},{"damage":7,"enemies":"Small Slimes","floor":3,"turns":3},{"damage":12,"enemies":"Exordium Thugs","floor":4,"turns":5},{"damage":7,"enemies":"Blue Slaver","floor":5,"turns":5},{"damage":13,"enemies":"3 Sentries","floor":6,"turns":9},{"damage":8,"enemies":"Gremlin Nob","floor":8,"turns":4},{"damage":1,"enemies":"Lots of Slimes","floor":10,"turns":6},{"damage":11,"enemies":"Lagavulin","floor":11,"turns":5},{"damage":0,"enemies":"Exordium Wildlife","floor":13,"turns":6},{"damage":1,"enemies":"Blue Slaver","floor":14,"turns":6},{"damage":0,"enemies":"The Guardian","floor":16,"turns":10},{"damage":0,"enemies":"Chosen","floor":18,"turns":5},{"damage":19,"enemies":"2 Thieves","floor":19,"turns":4},{"damage":7,"enemies":"Shelled Parasite and Fungi","floor":21,"turns":7},{"damage":16,"enemies":"Slavers","floor":24,"turns":9},{"damage":18,"enemies":"Chosen and Byrds","floor":25,"turns":74},{"damage":2,"enemies":"Centurion and Healer","floor":27,"turns":6},{"damage":1,"enemies":"Book of Stabbing","floor":28,"turns":9},{"damage":4,"enemies":"Snake Plant","floor":30,"turns":9},{"damage":25,"enemies":"Cultist and Chosen","floor":31,"turns":26},{"damage":2,"enemies":"Automaton","floor":33,"turns":16},{"damage":10,"enemies":"3 Darklings","floor":35,"turns":6},{"damage":0,"enemies":"Orb Walker","floor":36,"turns":6},{"damage":13,"enemies":"4 Shapes","floor":37,"turns":12},{"damage":0,"enemies":"Sphere and 2 Shapes","floor":38,"turns":12},{"damage":25,"enemies":"Jaw Worm Horde","floor":39,"turns":24},{"damage":42,"enemies":"Nemesis","floor":40,"turns":54},{"damage":15,"enemies":"Giant Head","floor":44,"turns":18},{"damage":0,"enemies":"Spire Growth","floor":47,"turns":6},{"damage":0,"enemies":"Reptomancer","floor":48,"turns":6},{"damage":6,"enemies":"Awakened One","floor":50,"turns":12},{"damage":0,"enemies":"Donu and Deca","floor":51,"turns":12},{"damage":7,"enemies":"Shield and Spear","floor":55,"turns":12},{"damage":9,"enemies":"The Heart","floor":56,"turns":11}],"green_key_taken_log":44,"seed_played":"8900526488320513552","neow_bonus_log":{"cardsObtained":["BootSequence","Blizzard"],"cardsUpgraded":[],"cardsRemoved":[],"cardsTransformed":["Strike_B","Defend_B"],"relicsObtained":[],"maxHpGained":0,"goldGained":0,"damageTaken":0,"goldLost":99,"maxHpLost":0},"potions_obtained":[{"floor":3,"key":"PowerPotion"},{"floor":4,"key":"Ancient Potion"},{"floor":5,"key":"AttackPotion"},{"floor":10,"key":"EssenceOfDarkness"},{"floor":11,"key":"SkillPotion"},{"floor":21,"key":"LiquidMemories"},{"floor":25,"key":"FocusPotion"}],"is_trial":false,"path_per_floor":["M","M","M","M","M","E","R","E","T","M","E","R","M","M","R","B",null,"M","M","$","M","?","R","E","M","T","M","E","R","M","M","R","B",null,"M","M","M","M","M","E","$","R","T","E","R","?","M","E","R","B","B",null,"R","$","E","B",null],"character_chosen":"DEFECT","basemod:card_modifiers":[null,null,null,null,null,null,null,null,null,null,null,null,null,null,null,null,null,null,null,null,null,null,null,null,null,null,null,null,null,null,null,null,null,null,null,null,null,null,null,null],"items_purchased":["Self Repair","Chill","Turbo","Explosive Potion","Runic Capacitor","Torii","Bag of Preparation"],"campfire_rested":2,"item_purchase_floors":[20,20,20,20,41,41,54],"current_hp_per_floor":[57,56,49,37,30,17,38,30,30,29,18,18,18,17,17,17,58,58,39,39,39,18,39,30,71,71,71,71,71,71,71,71,71,71,71,71,71,71,71,71,71,71,71,71,71,61,71,71,71,71,71,71,71,71,78,78],"gold":97,"neow_bonus":"TRANSFORM_TWO_CARDS","is_prod":false,"is_daily":false,"rewards_skipped":[{"floor":13,"relics":[],"potions":["Ancient Potion"]},{"floor":28,"relics":[],"potions":["SneckoOil"]},{"floor":30,"relics":[],"potions":["EssenceOfSteel"]},{"floor":33,"relics":[],"potions":["Strength Potion"]},{"floor":36,"relics":[],"potions":["Weak Potion"]},{"floor":38,"relics":[],"potions":["Regen Potion"]},{"floor":44,"relics":[],"potions":["DistilledChaos"]},{"floor":47,"relics":[],"potions":["SkillPotion"]},{"floor":48,"relics":[],"potions":["EssenceOfSteel"]}],"chose_seed":false,"campfire_upgraded":7,"win_rate":0,"floor_exit_playtime":[75,97,120,207,252,383,388,452,454,558,620,628,697,756,778,907,929,987,1068,1093,1229,1256,1261,1463,2606,2610,2711,2884,2896,3021,3339,3348,3648,3701,3827,3908,4070,4230,4598,5208,5223,5226,5230,5495,5515,5529,5649,5780,5802,6029,6196,6206,6216,6232,6494,6752],"timestamp":1707771616,"blue_key_relic_skipped_log":{"floor":43,"relicID":"Art of War"},"path_taken":["M","M","M","M","M","E","R","E","T","M","E","R","M","M","R","BOSS","M","M","$","M","?","R","E","M","T","M","E","R","M","M","R","BOSS","M","?","M","M","M","E","$","R","T","E","R","?","M","E","R","BOSS","BOSS","R","$","E","BOSS"],"build_version":"2022-12-18","purchased_purges":1,"victory":true,"max_hp_per_floor":[71,71,71,71,71,71,71,71,71,71,71,71,71,71,71,71,71,71,71,71,71,71,71,71,71,71,71,71,71,71,71,71,71,71,71,71,71,71,71,71,71,71,71,71,71,71,71,71,71,71,71,71,71,71,78,78],"relic_stats":{"Torii":0,"counters":[35,420],"Nilry\u0027s Codex":[13,57,37,214],"CeramicFish":234,"Omamori":0,"Bag of Preparation":[4],"Question Card":19,"Shuriken":[26],"Mummified Hand":[18],"Bird Faced Urn":[178],"Prayer Wheel":1,"Bottled Lightning":"Coolheaded","obtain_stats":[{"Torii":41,"Nilry\u0027s Codex":22,"CeramicFish":9,"Incense Burner":6,"Omamori":11,"Runic Capacitor":41,"Bag of Preparation":54,"Question Card":26,"Empty Cage":34,"DataDisk":44,"Shuriken":8,"Mummified Hand":48,"Bird Faced Urn":24,"Strawberry":55,"Prayer Wheel":40,"Bottled Lightning":28,"Cracked Core":0,"Runic Pyramid":17},{"Torii":28,"Nilry\u0027s Codex":15,"CeramicFish":7,"Incense Burner":6,"Omamori":9,"Runic Capacitor":28,"Bag of Preparation":33,"Question Card":17,"Empty Cage":22,"DataDisk":29,"Shuriken":7,"Mummified Hand":31,"Bird Faced Urn":16,"Strawberry":34,"Prayer Wheel":28,"Bottled Lightning":19,"Cracked Core":0,"Runic Pyramid":12},{"Torii":343,"Nilry\u0027s Codex":80,"CeramicFish":32,"Incense Burner":28,"Omamori":43,"Runic Capacitor":343,"Bag of Preparation":397,"Question Card":163,"Empty Cage":229,"DataDisk":361,"Shuriken":32,"Mummified Hand":373,"Bird Faced Urn":89,"Strawberry":409,"Prayer Wheel":343,"Bottled Lightning":178,"Cracked Core":0,"Runic Pyramid":64}]},"card_choices":[{"not_picked":["Turbo","Barrage"],"picked":"Darkness","floor":2},{"not_picked":["Tempest","Turbo"],"picked":"Coolheaded","floor":3},{"not_picked":["Reprogram","Leap"],"picked":"Core Surge","floor":4},{"not_picked":["Melter","Beam Cell"],"picked":"Coolheaded","floor":5},{"not_picked":["Barrage","Hologram"],"picked":"Undo","floor":6},{"not_picked":["FTL","Rip and Tear"],"picked":"Cold Snap","floor":8},{"not_picked":["Leap","Barrage"],"picked":"Sweeping Beam","floor":10},{"not_picked":["Creative AI","Barrage"],"picked":"Steam","floor":11},{"not_picked":["Hello World","Force Field"],"picked":"Loop","floor":13},{"not_picked":["Turbo","Go for the Eyes"],"picked":"Coolheaded","floor":14},{"not_picked":["All For One","Seek"],"picked":"Biased Cognition","floor":16},{"not_picked":["Hologram","Steam"],"picked":"Redo","floor":18},{"not_picked":["Steam","Compile Driver"],"picked":"Beam Cell+1","floor":19},{"not_picked":["Cold Snap","Leap"],"picked":"Glacier","floor":21},{"not_picked":["Thunder Strike","Auto Shields+1"],"picked":"Hologram","floor":24},{"not_picked":["Conserve Battery","Barrage"],"picked":"Recycle","floor":25},{"not_picked":["Redo","Streamline","Turbo"],"picked":"Doom and Gloom","floor":27},{"not_picked":["Rip and Tear","Auto Shields+1","BootSequence","Leap"],"picked":"SKIP","floor":28},{"not_picked":["Streamline","Steam","Coolheaded"],"picked":"Biased Cognition","floor":30},{"not_picked":["Melter","Rebound","White Noise","Ball Lightning"],"picked":"SKIP","floor":31},{"not_picked":["Reboot","All For One","Biased Cognition"],"picked":"Rainbow","floor":33},{"not_picked":["Darkness","Turbo","Streamline","Beam Cell"],"picked":"SKIP","floor":35},{"not_picked":["Rebound+1","Tempest","Stack"],"picked":"Fission","floor":36},{"not_picked":["Beam Cell","Lockon","Compile Driver"],"picked":"Turbo","floor":37},{"not_picked":["Stack","Leap","Cold Snap"],"picked":"Skim+1","floor":38},{"not_picked":["Blizzard","Go for the Eyes","Chaos"],"picked":"Compile Driver+1","floor":39},{"not_picked":["Streamline","Tempest","BootSequence"],"picked":"Coolheaded","floor":40},{"not_picked":["BootSequence","Sweeping Beam","Coolheaded"],"picked":"Aggregate","floor":44},{"not_picked":["Enlightenment","Good Instincts","PanicButton"],"picked":"Secret Technique","floor":46},{"not_picked":["Mind Blast","Panache","Chrysalis"],"picked":"Dark Shackles","floor":46},{"not_picked":["Mind Blast","Deep Breath","Discovery"],"picked":"Apotheosis","floor":46},{"not_picked":["Leap","Fusion","Heatsinks"],"picked":"Coolheaded+1","floor":47},{"not_picked":["Gash+1","Redo","Darkness","Turbo"],"picked":"SKIP","floor":47},{"not_picked":["Storm","White Noise","Beam Cell+1","Glacier"],"picked":"SKIP","floor":55}],"player_experience":6030148,"relics_obtained":[{"floor":6,"key":"Incense Burner"},{"floor":8,"key":"Shuriken"},{"floor":9,"key":"CeramicFish"},{"floor":11,"key":"Omamori"},{"floor":22,"key":"Nilry\u0027s Codex"},{"floor":24,"key":"Bird Faced Urn"},{"floor":26,"key":"Question Card"},{"floor":28,"key":"Bottled Lightning"},{"floor":40,"key":"Prayer Wheel"},{"floor":44,"key":"DataDisk"},{"floor":48,"key":"Mummified Hand"},{"floor":55,"key":"Strawberry"}],"event_choices":[{"damage_healed":0,"gold_gain":0,"player_choice":"Obtained Book","damage_taken":21,"max_hp_gain":0,"max_hp_loss":0,"event_name":"Cursed Tome","floor":22,"gold_loss":0},{"damage_healed":0,"gold_gain":0,"player_choice":"Memory 3","damage_taken":10,"max_hp_gain":0,"max_hp_loss":0,"event_name":"SensoryStone","floor":46,"gold_loss":0}],"is_beta":false,"boss_relics":[{"not_picked":["SlaversCollar","Cursed Key"],"picked":"Runic Pyramid"},{"not_picked":["FrozenCore","Velvet Choker"],"picked":"Empty Cage"}],"items_purged_floors":[20],"is_endless":false,"potions_floor_spawned":[3,4,5,10,11,13,21,25,28,30,33,36,38,44,47,48],"ascension_level":20,"potion_discard_per_floor":[[],[],[],[],["Ancient Potion"],[],[],[],[],[],[],[],[],[],[],[],[],[],[],[],[],[],[],[],[],[],[],[],[],[],[],[],[],[],[],[],[],[],[],[],[],[],[],[],[],[],[],[],[],[],[],[],[],[],[],[],[]]}