{"neow_bonuses_skipped_log":["THREE_CARDS","THREE_SMALL_POTIONS","BOSS_RELIC"],"neow_costs_skipped_log":["NONE","NONE","NONE"],"potions_obtained_entropic_brew":[[],[],[],[],[],[],[],[],[],[],[],[],[],[],[],[],[],[],[],[],[],[],[],[],[],[],[],[],[],[],[],[],[],[],[],[],[],[],[],[],[],[],[],["Block Potion"],[],[],[],[],[],[],["Dexterity Potion","GamblersBrew"],[],[],[],[],[],[]],"gold_per_floor":[118,129,129,129,145,145,156,156,156,156,176,210,210,235,235,312,312,330,61,61,79,98,126,126,158,211,227,241,254,274,288,288,366,366,386,436,452,472,482,511,511,544,544,556,556,556,591,167,167,167,167,167,167,21,46,46],"floor_reached":57,"playtime":6279,"items_purged":["Strike_G"],"score":2967,"play_id":"49f21012-d7b9-4a6f-8381-b53934b1092a","local_time":"20240205214644","falling_options_log":["PiercingWail+1","Accuracy"],"score_breakdown":["Floors Climbed (57): 285","Enemies Slain (18): 36","Exordium Elites Killed (2): 20","City Elites Killed (2): 40","Beyond Elites Killed (3): 90","Bosses Slain (5): 750","Librarian: 25","Champion (1): 25","Perfect (1): 50","Overkill: 25","C-c-c-combo: 25","Ascension (20): 1346","Heartbreaker: 250"],"is_ascension_mode":true,"potions_obtained_alchemize":[[],[],[],[],[],[],[],[],[],[],[],[],[],[],[],[],[],["BlessingOfTheForge"],[],[],["PowerPotion"],["Ancient Potion"],["FearPotion"],[],["DuplicationPotion"],[],["Swift Potion"],["DuplicationPotion"],["ColorlessPotion"],["Block Potion"],["GhostInAJar"],[],["SteroidPotion"],[],["Swift Potion"],[],[],["DistilledChaos"],["PowerPotion"],["Regen Potion"],[],["PowerPotion"],[],["EntropicBrew"],[],[],["ColorlessPotion"],[],[],["AttackPotion"],["SpeedPotion","SneckoOil","Block Potion","SkillPotion","AttackPotion","EntropicBrew","DistilledChaos","CultistPotion","Block Potion","DuplicationPotion","Strength Potion","FearPotion","Weak Potion","EssenceOfSteel","Poison Potion","Block Potion","DistilledChaos","SteroidPotion","FearPotion","AttackPotion","Dexterity Potion","Fire Potion","LiquidBronze","Energy Potion","FearPotion","Explosive Potion","LiquidMemories","AttackPotion","AttackPotion","Ancient Potion","Dexterity Potion","SneckoOil","Block Potion","SteroidPotion","Poison Potion","Poison Potion","ColorlessPotion","BlessingOfTheForge","SpeedPotion","Block Potion","Fire Potion","Poison Potion","DuplicationPotion","LiquidMemories","Swift Potion","GhostInAJar"],[],[],[],[],["Poison Potion"],[]],"campfire_choices":[{"data":"Blade Dance","floor":6,"key":"SMITH"},{"data":"Envenom","floor":8,"key":"SMITH"},{"data":"Choke","floor":10,"key":"SMITH"},{"data":"Cloak And Dagger","floor":13,"key":"SMITH"},{"data":"Catalyst","floor":15,"key":"SMITH"},{"data":"Calculated Gamble","floor":24,"key":"SMITH"},{"data":"Neutralize","floor":32,"key":"SMITH"},{"floor":45,"key":"RECALL"},{"data":"Wraith Form v2","floor":49,"key":"SMITH"},{"data":"Malaise","floor":53,"key":"SMITH"}],"lesson_learned_per_floor":[[],[],[],[],[],[],[],[],[],[],[],[],[],[],[],[],[],[],[],[],[],[],[],[],[],[],[],[],[],[],[],[],[],[],[],[],[],[],[],[],[],[],[],[],[],[],[],[],[],[],[],[],[],[],[],[],[]],"neow_cost":"PERCENT_DAMAGE","improvable_cards":{},"seed_source_timestamp":20580681622336,"shop_contents":[{"floor":19,"relics":["Girya","Chemical X"],"cards":["Poisoned Stab","Underhanded Strike","Deadly Poison","Finesse","Secret Weapon"],"potions":["BlessingOfTheForge","ColorlessPotion","PowerPotion"]},{"floor":48,"relics":["InkBottle","Pen Nib"],"cards":["Sucker Punch+1","Skewer+1","Blade Dance+1","Noxious Fumes","Master of Strategy+1"],"potions":["Block Potion","SteroidPotion","Dexterity Potion"]},{"floor":54,"relics":["Anchor","Art of War","Cauldron"],"cards":["Endless Agony+1","Flying Knee+1","Calculated Gamble+1","Madness+1","Violence+1"],"potions":["Regen Potion","Swift Potion","Energy Potion"]}],"circlet_count":0,"master_deck":["AscendersBane","Strike_G","Strike_G","Strike_G","Defend_G","Defend_G","Defend_G","Defend_G","Survivor","Neutralize+1","Choke+1","Leg Sweep","Calculated Gamble+1","Blade Dance+1","Envenom+1","Catalyst+1","Cloak And Dagger+1","Venomology","Accuracy","PiercingWail","Setup+1","Blade Dance","Blade Dance","Backflip","Noxious Fumes","Dodge and Roll+1","Wraith Form v2+1","CurseOfTheBell","Terror","PiercingWail+1","Calculated Gamble+1","Backflip","Malaise+1","Calculated Gamble+1","Catalyst+1","Leg Sweep+1","PanicButton+1","Footwork","Outmaneuver+1"],"potion_use_per_floor":[[],[],[],[],[],[],[],[],[],[],[],["DistilledChaos"],[],[],[],[],[],["Poison Potion"],[],[],["BlessingOfTheForge"],["PowerPotion"],["Strength Potion"],[],["FearPotion","Ancient Potion"],[],["Swift Potion"],[],["DuplicationPotion"],["ColorlessPotion","Block Potion"],["Fire Potion"],[],["DuplicationPotion"],[],["SteroidPotion"],[],[],["CunningPotion"],["DistilledChaos"],["PowerPotion","Regen Potion"],[],["PowerPotion"],[],["EntropicBrew"],[],[],["Poison Potion"],[],[],["ColorlessPotion","AttackPotion"],["GhostInAJar","SpeedPotion","SneckoOil","Block Potion","SkillPotion","AttackPotion","EntropicBrew","Dexterity Potion","CultistPotion","Block Potion","DuplicationPotion","Strength Potion","FearPotion","Weak Potion","EssenceOfSteel","Block Potion","SteroidPotion","Dexterity Potion","Energy Potion","Ancient Potion","Dexterity Potion","Block Potion","SteroidPotion","ColorlessPotion","BlessingOfTheForge","SpeedPotion","Block Potion","Fire Potion","DuplicationPotion"],[],[],[],[],["GamblersBrew","GhostInAJar","Poison Potion"],[]],"relics":["Ring of the Snake","Ninja Scroll","Matryoshka","Toy Ornithopter","Coffee Dripper","Lantern","Enchiridion","Snake Skull","Turnip","Boot","Blood Vial","Calling Bell","MealTicket","Molten Egg 2","Dead Branch","Pocketwatch","Centennial Puzzle","Mango","Nunchaku","Toxic Egg 2","TwistedFunnel","Gremlin Horn"],"potions_floor_usage":[12,18,21,22,23,25,25,27,29,30,30,31,33,35,38,39,40,40,42,44,47,50,50,51,51,51,51,51,51,51,51,51,51,51,51,51,51,51,51,51,51,51,51,51,51,51,51,51,51,51,51,51,56,56,56],"damage_taken":[{"damage":1,"enemies":"Small Slimes","floor":1,"turns":6},{"damage":0,"enemies":"2 Louse","floor":2,"turns":3},{"damage":0,"enemies":"Jaw Worm","floor":5,"turns":4},{"damage":0,"enemies":"Blue Slaver","floor":7,"turns":4},{"damage":0,"enemies":"2 Fungi Beasts","floor":11,"turns":3},{"damage":15,"enemies":"Lagavulin","floor":12,"turns":3},{"damage":7,"enemies":"3 Sentries","floor":14,"turns":7},{"damage":26,"enemies":"Hexaghost","floor":16,"turns":8},{"damage":0,"enemies":"3 Byrds","floor":18,"turns":3},{"damage":14,"enemies":"Shell Parasite","floor":21,"turns":4},{"damage":5,"enemies":"Centurion and Healer","floor":22,"turns":6},{"damage":4,"enemies":"Book of Stabbing","floor":23,"turns":5},{"damage":17,"enemies":"Slavers","floor":25,"turns":7},{"damage":1,"enemies":"Snake Plant","floor":27,"turns":3},{"damage":0,"enemies":"Snecko","floor":28,"turns":3},{"damage":0,"enemies":"3 Cultists","floor":29,"turns":5},{"damage":0,"enemies":"Cultist and Chosen","floor":30,"turns":3},{"damage":12,"enemies":"Snake Plant","floor":31,"turns":3},{"damage":0,"enemies":"Champ","floor":33,"turns":9},{"damage":0,"enemies":"Orb Walker","floor":35,"turns":3},{"damage":0,"enemies":"2 Orb Walkers","floor":36,"turns":1},{"damage":0,"enemies":"3 Shapes","floor":37,"turns":3},{"damage":2,"enemies":"Writhing Mass","floor":38,"turns":3},{"damage":0,"enemies":"Sphere and 2 Shapes","floor":39,"turns":3},{"damage":28,"enemies":"Reptomancer","floor":40,"turns":8},{"damage":21,"enemies":"Nemesis","floor":42,"turns":4},{"damage":0,"enemies":"Jaw Worm Horde","floor":44,"turns":4},{"damage":0,"enemies":"Reptomancer","floor":47,"turns":4},{"damage":58,"enemies":"Awakened One","floor":50,"turns":17},{"damage":26,"enemies":"Donu and Deca","floor":51,"turns":116},{"damage":3,"enemies":"Shield and Spear","floor":55,"turns":5},{"damage":75,"enemies":"The Heart","floor":56,"turns":10}],"green_key_taken_log":40,"seed_played":"-4444919431248937903","neow_bonus_log":{"cardsObtained":["Choke","Leg Sweep"],"cardsUpgraded":[],"cardsRemoved":[],"cardsTransformed":["Strike_G","Defend_G"],"relicsObtained":[],"maxHpGained":0,"goldGained":0,"damageTaken":15,"goldLost":0,"maxHpLost":0},"potions_obtained":[{"floor":5,"key":"PowerPotion"},{"floor":7,"key":"Strength Potion"},{"floor":11,"key":"DistilledChaos"},{"floor":16,"key":"Poison Potion"},{"floor":30,"key":"Fire Potion"},{"floor":35,"key":"CunningPotion"},{"floor":44,"key":"Poison Potion"}],"is_trial":false,"path_per_floor":["M","M","?","?","M","R","M","R","T","R","M","E","R","E","R","B",null,"M","$","?","M","M","E","R","E","T","M","M","M","M","M","R","B",null,"M","?","M","M","M","E","?","E","T","M","R","?","E","$","R","B","B",null,"R","$","E","B",null],"character_chosen":"THE_SILENT","basemod:card_modifiers":[null,null,null,null,null,null,null,null,null,null,null,null,null,null,null,null,null,null,null,null,null,null,null,null,null,null,null,null,null,null,null,null,null,null,null,null,null,null,null],"items_purchased":["Accuracy","PiercingWail","Lantern","TwistedFunnel","Leg Sweep+1","PanicButton+1","Footwork","Outmaneuver+1"],"campfire_rested":0,"item_purchase_floors":[19,19,19,48,48,48,54,54],"current_hp_per_floor":[43,43,65,65,65,65,65,65,65,65,65,50,50,43,43,17,54,59,59,38,29,29,30,30,23,23,29,31,38,50,45,45,52,63,66,66,66,64,66,58,58,58,58,65,65,65,72,77,77,26,77,77,77,77,74,16],"gold":46,"neow_bonus":"TRANSFORM_TWO_CARDS","is_prod":false,"is_daily":false,"rewards_skipped":[{"floor":18,"relics":[],"potions":["SpeedPotion"]},{"floor":28,"relics":[],"potions":["Strength Potion"]},{"floor":31,"relics":[],"potions":["FearPotion"]},{"floor":36,"relics":[],"potions":["Weak Potion"]},{"floor":55,"relics":[],"potions":["EssenceOfSteel"]}],"chose_seed":false,"campfire_upgraded":9,"win_rate":0,"floor_exit_playtime":[73,101,106,124,159,168,233,239,242,252,306,350,356,446,451,535,581,651,672,679,786,854,933,947,1053,1059,1117,1154,1239,1322,1376,1403,1542,1580,1646,1714,1815,1939,2099,2308,2343,2475,2480,2606,2610,2637,2758,2797,2805,3197,5040,5051,5068,5135,5473,6279],"timestamp":1707187604,"blue_key_relic_skipped_log":{"floor":43,"relicID":"Bottled Tornado"},"path_taken":["M","M","?","?","M","R","M","R","T","R","M","E","R","E","R","BOSS","M","$","?","M","M","E","R","E","T","M","M","M","M","M","R","BOSS","M","?","M","M","M","E","?","E","T","M","R","?","E","$","R","BOSS","BOSS","R","$","E","BOSS"],"build_version":"2022-12-18","purchased_purges":1,"victory":true,"max_hp_per_floor":[66,66,66,66,66,66,66,66,66,66,66,66,66,66,66,66,66,66,66,66,66,66,66,66,66,66,66,66,66,66,66,66,66,66,66,66,66,66,66,66,63,77,77,77,77,77,77,77,77,77,77,77,77,77,77,77],"relic_stats":{"Gremlin Horn":[0,0],"counters":[32,270],"Dead Branch":[616],"Snake Skull":[292],"Boot":[174],"Blood Vial":26,"Centennial Puzzle":[15],"Nunchaku":[29],"Matryoshka":2,"MealTicket":5,"Turnip":[15],"obtain_stats":[{"TwistedFunnel":48,"Lantern":19,"Gremlin Horn":55,"Dead Branch":34,"Enchiridion":20,"Mango":42,"Snake Skull":23,"Boot":26,"Blood Vial":26,"Calling Bell":34,"Centennial Puzzle":40,"Nunchaku":43,"Matryoshka":12,"Ninja Scroll":9,"MealTicket":34,"Molten Egg 2":34,"Turnip":25,"Coffee Dripper":17,"Toxic Egg 2":47,"Toy Ornithopter":14,"Ring of the Snake":0,"Pocketwatch":36},{"TwistedFunnel":28,"Lantern":9,"Gremlin Horn":31,"Dead Branch":19,"Enchiridion":9,"Mango":26,"Snake Skull":12,"Boot":13,"Blood Vial":13,"Calling Bell":19,"Centennial Puzzle":25,"Nunchaku":26,"Matryoshka":6,"Ninja Scroll":4,"MealTicket":19,"Molten Egg 2":19,"Turnip":13,"Coffee Dripper":8,"Toxic Egg 2":28,"Toy Ornithopter":7,"Ring of the Snake":0,"Pocketwatch":21},{"TwistedFunnel":122,"Lantern":41,"Gremlin Horn":260,"Dead Branch":89,"Enchiridion":41,"Mango":114,"Snake Skull":56,"Boot":63,"Blood Vial":63,"Calling Bell":89,"Centennial Puzzle":110,"Nunchaku":114,"Matryoshka":23,"Ninja Scroll":17,"MealTicket":89,"Molten Egg 2":89,"Turnip":63,"Coffee Dripper":38,"Toxic Egg 2":122,"Toy Ornithopter":30,"Ring of the Snake":0,"Pocketwatch":93}],"Toy Ornithopter":173,"Ring of the Snake":[41],"Pocketwatch":[229]},"card_choices":[{"not_picked":["Cloak And Dagger","Poisoned Stab"],"picked":"Calculated Gamble","floor":1},{"not_picked":["Quick Slash","Sucker Punch"],"picked":"Blade Dance","floor":2},{"not_picked":["Dodge and Roll","Poisoned Stab"],"picked":"Dagger Throw","floor":5},{"not_picked":["Blade Dance","PiercingWail"],"picked":"Envenom","floor":7},{"not_picked":["Escape Plan","Deadly Poison"],"picked":"Catalyst","floor":11},{"not_picked":["Prepared","Skewer"],"picked":"Cloak And Dagger","floor":12},{"not_picked":["Poisoned Stab","A Thousand Cuts","Flying Knee"],"picked":"SKIP","floor":14},{"not_picked":["Poisoned Stab","A Thousand Cuts","Flying Knee"],"picked":"SKIP","floor":14},{"not_picked":["Malaise","Grand Finale"],"picked":"Venomology","floor":16},{"not_picked":["Distraction","Prepared","Skewer"],"picked":"SKIP","floor":18},{"not_picked":["Concentrate","Dodge and Roll"],"picked":"Setup+1","floor":21},{"not_picked":["Prepared","Poisoned Stab"],"picked":"Blade Dance","floor":22},{"not_picked":["Slice","Deadly Poison","Flying Knee"],"picked":"SKIP","floor":23},{"not_picked":["Blur","Slice"],"picked":"Blade Dance","floor":25},{"not_picked":["Quick Slash","Dodge and Roll"],"picked":"Backflip","floor":27},{"not_picked":["Poisoned Stab+1","Flechettes+1","Deadly Poison"],"picked":"SKIP","floor":28},{"not_picked":["Unload","Dagger Throw"],"picked":"Noxious Fumes","floor":30},{"not_picked":["Deadly Poison","Underhanded Strike"],"picked":"Dodge and Roll+1","floor":31},{"not_picked":["Venomology","Burst"],"picked":"Wraith Form v2","floor":33},{"not_picked":["Deadly Poison","Infinite Blades"],"picked":"Terror","floor":35},{"not_picked":["Distraction","Skewer+1"],"picked":"PiercingWail+1","floor":36},{"not_picked":["Terror+1","Acrobatics"],"picked":"Calculated Gamble+1","floor":37},{"not_picked":["Sucker Punch+1","Poisoned Stab+1","Predator+1"],"picked":"SKIP","floor":38},{"not_picked":["Sucker Punch+1","Poisoned Stab+1","Predator+1"],"picked":"SKIP","floor":38},{"not_picked":["Eviscerate+1","Caltrops+1"],"picked":"Backflip","floor":39},{"not_picked":["Predator+1","Heel Hook+1","Caltrops"],"picked":"SKIP","floor":40},{"not_picked":["Eviscerate+1","Deadly Poison"],"picked":"Malaise","floor":42},{"not_picked":["Deflect","Bane+1"],"picked":"Calculated Gamble+1","floor":44},{"not_picked":["Escape Plan+1","Grand Finale+1"],"picked":"Catalyst+1","floor":47},{"not_picked":["Infinite Blades","Quick Slash+1","Backstab+1"],"picked":"SKIP","floor":55}],"player_experience":5873055,"relics_obtained":[{"floor":9,"key":"Ninja Scroll"},{"floor":12,"key":"Matryoshka"},{"floor":14,"key":"Toy Ornithopter"},{"floor":20,"key":"Enchiridion"},{"floor":23,"key":"Snake Skull"},{"floor":25,"key":"Turnip"},{"floor":26,"key":"Boot"},{"floor":26,"key":"Blood Vial"},{"floor":34,"key":"MealTicket"},{"floor":34,"key":"Molten Egg 2"},{"floor":34,"key":"Dead Branch"},{"floor":36,"key":"Pocketwatch"},{"floor":40,"key":"Centennial Puzzle"},{"floor":42,"key":"Mango"},{"floor":43,"key":"Nunchaku"},{"floor":47,"key":"Toxic Egg 2"},{"floor":55,"key":"Gremlin Horn"}],"event_choices":[{"damage_healed":22,"gold_gain":0,"player_choice":"Banana","damage_taken":0,"max_hp_gain":0,"max_hp_loss":0,"event_name":"Big Fish","floor":3,"gold_loss":0},{"damage_healed":0,"gold_gain":0,"player_choice":"Ignored","damage_taken":0,"max_hp_gain":0,"max_hp_loss":0,"event_name":"Liars Game","floor":4,"gold_loss":0},{"damage_healed":0,"gold_gain":0,"player_choice":"Obtained Book","damage_taken":21,"max_hp_gain":0,"max_hp_loss":0,"event_name":"Cursed Tome","floor":20,"gold_loss":0},{"damage_healed":0,"gold_gain":0,"player_choice":"Fight","damage_taken":0,"max_hp_gain":0,"max_hp_loss":0,"event_name":"Mysterious Sphere","floor":36,"gold_loss":0},{"damage_healed":0,"gold_gain":0,"player_choice":"Max HP","damage_taken":0,"max_hp_gain":0,"max_hp_loss":3,"event_name":"Winding Halls","floor":41,"gold_loss":0},{"cards_removed":["Dagger Throw"],"damage_healed":0,"gold_gain":0,"player_choice":"Removed Attack","damage_taken":0,"max_hp_gain":0,"max_hp_loss":0,"event_name":"Falling","floor":46,"gold_loss":0}],"is_beta":false,"boss_relics":[{"not_picked":["Ring of the Serpent","Velvet Choker"],"picked":"Coffee Dripper"},{"not_picked":["Tiny House","Black Star"],"picked":"Calling Bell"}],"items_purged_floors":[48],"is_endless":false,"potions_floor_spawned":[5,7,11,16,18,28,30,31,35,36,44,55],"ascension_level":20,"potion_discard_per_floor":[[],[],[],[],[],[],[],[],[],[],["PowerPotion"],[],[],[],[],[],[],[],[],[],[],[],[],[],[],[],[],[],[],[],[],[],[],[],["Swift Potion"],[],[],[],[],[],[],[],[],["Block Potion"],[],[],[],[],[],[],["DistilledChaos","Poison Potion","DistilledChaos","FearPotion","AttackPotion","Fire Potion","LiquidBronze","FearPotion","Explosive Potion","LiquidMemories","AttackPotion","AttackPotion","SneckoOil","Poison Potion","Poison Potion","Poison Potion","LiquidMemories","Swift Potion"],[],[],[],[],[],[]]}