{"neow_bonuses_skipped_log":["RANDOM_COLORLESS","THREE_ENEMY_KILL","BOSS_RELIC"],"potions_obtained_entropic_brew":[[],[],[],[],[],[],[],[],[],[],[],[],[],[],[],[],[],[],[],[],[],[],[],[],[],[],[],[],[],[],[],[],[],[],[],[],[],[],[],[],[],[],[],[],[],[],[],[],[],[]],"neow_costs_skipped_log":["NONE","NONE","NONE"],"gold_per_floor":[12,32,32,42,60,60,110,110,136,136,149,169,169,189,189,267,267,281,299,312,185,202,202,234,234,234,264,284,284,295,305,305,376,376,393,615,34,83,102,102,137,412,412,430,450,477,232,232,232,232],"floor_reached":50,"playtime":2784,"items_purged":["Strike_G","Strike_G","Regret"],"score":1282,"play_id":"1969f31f-a664-4a01-a21d-2d1571016fe0","local_time":"20240211003915","falling_options_log":["Prepared","Footwork"],"score_breakdown":["Floors Climbed (50): 250","Enemies Slain (18): 36","Exordium Elites Killed (0): 0","City Elites Killed (1): 20","Beyond Elites Killed (2): 60","Bosses Slain (2): 150","Money Money (1245): 25","Collector (1): 25","Perfect (1): 50","Overkill: 25","C-c-c-combo: 25","Ascension (20): 616"],"is_ascension_mode":true,"potions_obtained_alchemize":[[],[],[],[],[],[],[],[],[],[],[],[],[],[],[],[],[],[],[],[],[],[],[],[],[],[],[],[],[],[],[],[],[],[],[],[],[],[],[],[],[],[],[],[],[],[],[],[],[],[]],"campfire_choices":[{"data":"Well Laid Plans","floor":6,"key":"SMITH"},{"data":"Neutralize","floor":8,"key":"SMITH"},{"floor":10,"key":"REST"},{"data":"Blade Dance","floor":13,"key":"SMITH"},{"floor":15,"key":"REST"},{"floor":23,"key":"REST"},{"floor":25,"key":"REST"},{"floor":32,"key":"REST"},{"floor":40,"key":"RECALL"},{"floor":49,"key":"REST"}],"lesson_learned_per_floor":[[],[],[],[],[],[],[],[],[],[],[],[],[],[],[],[],[],[],[],[],[],[],[],[],[],[],[],[],[],[],[],[],[],[],[],[],[],[],[],[],[],[],[],[],[],[],[],[],[],[]],"neow_cost":"NO_GOLD","improvable_cards":{},"seed_source_timestamp":12799346133158,"shop_contents":[{"floor":21,"relics":["Matryoshka","Toxic Egg 2","TwistedFunnel"],"cards":["Skewer","Dash","Dodge and Roll","Infinite Blades","Discovery","Chrysalis"],"potions":["EssenceOfSteel","SkillPotion","Strength Potion"]},{"floor":37,"relics":[],"cards":["Dash","Dagger Throw","Deadly Poison","Deflect","Blind","Transmutation"],"potions":["AttackPotion","SmokeBomb"]},{"floor":47,"relics":["Strawberry","Cauldron"],"cards":["Riddle With Holes","All Out Attack","Deflect","Leg Sweep","Deep Breath","Mayhem"],"potions":["Regen Potion","Ancient Potion","SpeedPotion"]}],"circlet_count":0,"master_deck":["AscendersBane","Strike_G","Defend_G","Defend_G","Defend_G","Defend_G","Survivor","Neutralize+1","Blade Dance+1","Well Laid Plans+1","Acrobatics","Acrobatics","Backstab","Blade Dance+1","Grand Finale","Backstab","Acrobatics","Prepared","Deflect","PiercingWail","Calculated Gamble","Footwork","Backflip","Deflect+1","Phantasmal Killer","Footwork","Tactician+1","Underhanded Strike+1","Acrobatics","Footwork"],"special_seed":0,"potion_use_per_floor":[[],[],[],[],[],[],[],[],[],[],[],[],[],[],[],["ColorlessPotion","EssenceOfSteel"],[],[],[],[],[],["Regen Potion"],[],["GhostInAJar"],[],[],[],[],[],[],[],[],[],[],[],[],[],[],[],[],[],[],[],[],[],["GamblersBrew"],[],[],[],["PowerPotion"]],"relics":["Ring of the Snake","Bag of Preparation","Fusion Hammer","Regal Pillow","Gremlin Horn","Red Mask","Runic Dome","Membership Card","Incense Burner","White Beast Statue","Ginger","Mummified Hand","Boot","Pocketwatch"],"potions_floor_usage":[16,16,22,24,46,50],"damage_taken":[{"damage":0.0,"enemies":"Cultist","floor":1.0,"turns":5.0},{"damage":0.0,"enemies":"Small Slimes","floor":2.0,"turns":4.0},{"damage":0.0,"enemies":"Jaw Worm","floor":4.0,"turns":3.0},{"damage":20,"enemies":"Exordium Thugs","floor":5,"turns":5},{"damage":0,"enemies":"Blue Slaver","floor":11,"turns":6},{"damage":6,"enemies":"Looter","floor":12,"turns":2},{"damage":15,"enemies":"Large Slime","floor":14,"turns":6},{"damage":0,"enemies":"The Guardian","floor":16,"turns":17},{"damage":10,"enemies":"Shell Parasite","floor":18,"turns":3},{"damage":9,"enemies":"2 Thieves","floor":19,"turns":2},{"damage":24,"enemies":"Snake Plant","floor":20,"turns":4},{"damage":0,"enemies":"Snecko","floor":22,"turns":4},{"damage":36,"enemies":"Slavers","floor":24,"turns":5},{"damage":0,"enemies":"Masked Bandits","floor":27,"turns":2},{"damage":4,"enemies":"Centurion and Healer","floor":28,"turns":4},{"damage":0,"enemies":"Snake Plant","floor":30,"turns":4},{"damage":5,"enemies":"Shelled Parasite and Fungi","floor":31,"turns":3},{"damage":48,"enemies":"Champ","floor":33,"turns":14},{"damage":0,"enemies":"3 Shapes","floor":35,"turns":3},{"damage":0,"enemies":"2 Orb Walkers","floor":38,"turns":3},{"damage":0,"enemies":"3 Darklings","floor":39,"turns":2},{"damage":12,"enemies":"Giant Head","floor":41,"turns":5},{"damage":0,"enemies":"Maw","floor":44,"turns":6},{"damage":0,"enemies":"Jaw Worm Horde","floor":45,"turns":6},{"damage":7,"enemies":"Nemesis","floor":46,"turns":5},{"damage":77,"enemies":"Time Eater","floor":50,"turns":6}],"green_key_taken_log":41,"seed_played":"-324058168887300142","neow_bonus_log":{"cardsObtained":[],"cardsUpgraded":[],"cardsRemoved":["Defend_G","Strike_G"],"cardsTransformed":[],"relicsObtained":[],"maxHpGained":0,"goldGained":0,"damageTaken":0,"goldLost":99,"maxHpLost":0},"potions_obtained":[{"floor":5,"key":"ColorlessPotion"},{"floor":12,"key":"EssenceOfSteel"},{"floor":20,"key":"Regen Potion"},{"floor":22,"key":"GhostInAJar"},{"floor":31,"key":"Energy Potion"},{"floor":39,"key":"PowerPotion"},{"floor":46,"key":"LiquidMemories"}],"is_trial":false,"path_per_floor":["M","M","?","M","M","R","?","R","T","R","M","M","R","M","R","B",null,"M","M","M","$","M","R","E","R","T","?","M","?","M","M","R","B",null,"M","?","$","?","M","R","E","?","T","M","M","E","$","?","R","B"],"character_chosen":"THE_SILENT","basemod:card_modifiers":[null,null,null,null,null,null,null,null,null,null,null,null,null,null,null,null,null,null,null,null,null,null,null,null,null,null,null,null,null,null],"items_purchased":["Prepared","Membership Card","Incense Burner","GamblersBrew","White Beast Statue","Footwork","Pocketwatch","Footwork"],"campfire_rested":6,"item_purchase_floors":[21,37,37,37,37,37,47,47],"current_hp_per_floor":[59,59,39,39,19,19,13,13,13,32,32,26,26,11,30,30,57,47,38,14,14,26,45,9,43,43,43,39,39,39,34,66,18,54,54,54,54,54,54,54,42,42,42,42,42,35,35,35,66,0],"gold":232,"neow_bonus":"REMOVE_TWO","is_prod":false,"is_daily":false,"rewards_skipped":[{"floor":14,"relics":[],"potions":["Swift Potion"]},{"floor":38,"relics":[],"potions":["Fire Potion"]},{"floor":41,"relics":[],"potions":["EntropicBrew"]},{"floor":44,"relics":[],"potions":["DistilledChaos"]},{"floor":45,"relics":[],"potions":["EssenceOfSteel"]}],"chose_seed":false,"campfire_upgraded":3,"win_rate":0,"floor_exit_playtime":[55,83,88,118,181,188,200,206,209,219,273,315,321,392,395,641,715,784,821,890,919,1013,1017,1113,1117,1120,1166,1227,1260,1325,1399,1403,1677,1692,1747,1750,1782,1852,1913,1918,2056,2076,2078,2248,2377,2536,2572,2578,2581],"timestamp":1707629955,"blue_key_relic_skipped_log":{"floor":43,"relicID":"Bottled Tornado"},"path_taken":["M","?","?","M","M","R","?","R","T","R","M","M","R","M","R","BOSS","M","M","M","$","M","R","E","R","T","?","M","?","M","M","R","BOSS","M","?","$","?","M","R","E","?","T","?","M","E","$","?","R","BOSS"],"build_version":"2022-12-18","purchased_purges":3,"victory":false,"max_hp_per_floor":[66,66,66,66,66,66,66,66,66,66,66,66,66,66,66,66,66,66,66,66,66,66,66,66,66,66,66,66,66,66,66,66,66,66,66,66,66,66,66,66,66,66,66,66,66,66,66,66,66,66],"relic_stats":{"Regal Pillow":40,"Gremlin Horn":[10,10],"counters":[26,129],"Mummified Hand":[14],"Bag of Preparation":[44],"Membership Card":651,"Ginger":[8],"Boot":[6],"obtain_stats":[{"Regal Pillow":24,"Gremlin Horn":26,"Bag of Preparation":9,"Incense Burner":37,"Ginger":38,"Boot":46,"White Beast Statue":37,"Runic Dome":34,"Mummified Hand":41,"Fusion Hammer":17,"Red Mask":27,"Membership Card":37,"Ring of the Snake":0,"Pocketwatch":47},{"Regal Pillow":13,"Gremlin Horn":13,"Bag of Preparation":4,"Incense Burner":19,"Ginger":20,"Boot":25,"White Beast Statue":19,"Runic Dome":18,"Mummified Hand":22,"Fusion Hammer":8,"Red Mask":14,"Membership Card":19,"Ring of the Snake":0,"Pocketwatch":25},{"Regal Pillow":66,"Gremlin Horn":66,"Bag of Preparation":17,"Incense Burner":96,"Ginger":99,"Boot":123,"White Beast Statue":96,"Runic Dome":93,"Mummified Hand":106,"Fusion Hammer":48,"Red Mask":68,"Membership Card":96,"Ring of the Snake":0,"Pocketwatch":123}],"White Beast Statue":[0.0,0.016800000000000006,0.0,0.2307200000000001,0.0,0.5049600000000002,0.0,0.2307200000000001,0.0,0.016800000000000006,0.0,3.0],"Ring of the Snake":[52],"Pocketwatch":[3]},"card_choices":[{"not_picked":["Poisoned Stab","Sucker Punch"],"picked":"Blade Dance","floor":1.0},{"not_picked":["Quick Slash","Dodge and Roll"],"picked":"Well Laid Plans","floor":2.0},{"not_picked":["Endless Agony","Poisoned Stab"],"picked":"Acrobatics","floor":4},{"not_picked":["Bane","Sucker Punch"],"picked":"Acrobatics","floor":5},{"not_picked":["Escape Plan","Prepared"],"picked":"Backstab","floor":11},{"not_picked":["Prepared","Reflex"],"picked":"Blade Dance","floor":12},{"not_picked":["Cloak And Dagger","Quick Slash","Slice"],"picked":"SKIP","floor":14},{"not_picked":["Corpse Explosion","After Image"],"picked":"Grand Finale","floor":16},{"not_picked":["Poisoned Stab","Bane+1","Quick Slash+1"],"picked":"SKIP","floor":18},{"not_picked":["Dodge and Roll","Quick Slash"],"picked":"Backstab","floor":19},{"not_picked":["Glass Knife","Noxious Fumes"],"picked":"Acrobatics","floor":20},{"not_picked":["Blur","Slice+1"],"picked":"Deflect","floor":22},{"not_picked":["Blade Dance","Riddle With Holes+1"],"picked":"PiercingWail","floor":24},{"not_picked":["Poisoned Stab+1","Flying Knee","Corpse Explosion"],"picked":"SKIP","floor":27},{"not_picked":["Predator","Noxious Fumes"],"picked":"Calculated Gamble","floor":28},{"not_picked":["Riddle With Holes","Noxious Fumes","Skewer","Underhanded Strike","Escape Plan","Flying Knee","Choke","Predator","Poisoned Stab","Acrobatics","Backstab","Blade Dance","Cloak And Dagger","Blur","Expertise","Finisher","Dagger Throw","Endless Agony","Prepared"],"picked":"Footwork","floor":29},{"not_picked":["Dodge and Roll","Skewer"],"picked":"Backflip","floor":30},{"not_picked":["Dodge and Roll","Slice"],"picked":"Deflect+1","floor":31},{"not_picked":["Bullet Time","Envenom"],"picked":"Phantasmal Killer","floor":33},{"not_picked":["Cloak And Dagger","Noxious Fumes","Flechettes"],"picked":"SKIP","floor":35},{"not_picked":["Poisoned Stab","Riddle With Holes+1","Bane"],"picked":"SKIP","floor":38},{"not_picked":["All Out Attack","Slice+1"],"picked":"Tactician+1","floor":39},{"not_picked":["Dagger Spray","Sucker Punch","Heel Hook"],"picked":"SKIP","floor":41},{"not_picked":["Underhanded Strike+1","Slice","Endless Agony"],"picked":"SKIP","floor":44},{"not_picked":["Slice","Endless Agony"],"picked":"Underhanded Strike+1","floor":44},{"not_picked":["Leg Sweep+1","Accuracy"],"picked":"Acrobatics","floor":45},{"not_picked":["Leg Sweep","Choke","Deadly Poison"],"picked":"SKIP","floor":46}],"player_experience":5993886,"relics_obtained":[{"floor":9,"key":"Bag of Preparation"},{"floor":24,"key":"Regal Pillow"},{"floor":26,"key":"Gremlin Horn"},{"floor":27,"key":"Red Mask"},{"floor":38,"key":"Ginger"},{"floor":41,"key":"Mummified Hand"},{"floor":46,"key":"Boot"}],"event_choices":[{"damage_healed":0.0,"max_hp_gain":0.0,"max_hp_loss":0.0,"gold_gain":0.0,"event_name":"Shining Light","player_choice":"Entered Light","floor":3.0,"gold_loss":0.0,"damage_taken":20.0,"cards_upgraded":["Blade Dance","Strike_G"]},{"damage_healed":0,"gold_gain":50,"player_choice":"Touch","damage_taken":6,"max_hp_gain":0,"max_hp_loss":0,"event_name":"FaceTrader","floor":7,"gold_loss":0},{"damage_healed":0,"gold_gain":0,"player_choice":"Fought Bandits","damage_taken":0,"max_hp_gain":0,"max_hp_loss":0,"event_name":"Masked Bandits","floor":27,"gold_loss":0},{"damage_healed":0,"gold_gain":0,"player_choice":"Read","damage_taken":0,"max_hp_gain":0,"max_hp_loss":0,"event_name":"The Library","floor":29,"gold_loss":0,"cards_obtained":["Footwork"]},{"damage_healed":0,"gold_gain":222,"player_choice":"Wore Mask","damage_taken":0,"max_hp_gain":0,"max_hp_loss":0,"event_name":"Tomb of Lord Red Mask","floor":36,"gold_loss":0},{"damage_healed":0,"gold_gain":0,"player_choice":"Fight","damage_taken":0,"max_hp_gain":0,"max_hp_loss":0,"event_name":"Mysterious Sphere","floor":38,"gold_loss":0},{"damage_healed":0,"gold_gain":275,"player_choice":"Desecrate","damage_taken":0,"max_hp_gain":0,"max_hp_loss":0,"event_name":"Golden Shrine","floor":42,"gold_loss":0,"cards_obtained":["Regret"]},{"cards_removed":["Strike_G"],"damage_healed":0,"gold_gain":0,"player_choice":"Removed Attack","damage_taken":0,"max_hp_gain":0,"max_hp_loss":0,"event_name":"Falling","floor":48,"gold_loss":0}],"is_beta":false,"boss_relics":[{"not_picked":["Cursed Key","SacredBark"],"picked":"Fusion Hammer"},{"not_picked":["Tiny House","Sozu"],"picked":"Runic Dome"}],"items_purged_floors":[21,37,47],"is_endless":false,"potions_floor_spawned":[5,12,14,20,22,31,38,39,41,44,45,46],"killed_by":"Time Eater","ascension_level":20,"potion_discard_per_floor":[[],[],[],[],[],[],[],[],[],[],[],[],[],[],[],[],[],[],[],[],[],[],[],[],[],[],[],[],[],[],[],[],[],[],[],[],[],[],["Energy Potion"],[],[],[],[],[],[],[],[],[],[],[]]}