{"neow_bonuses_skipped_log":["THREE_CARDS","TEN_PERCENT_HP_BONUS","BOSS_RELIC"],"potions_obtained_entropic_brew":[[],[],[],[],[],[],[],[],[],[],[],[],[],[],[],[],[],[],[],[]],"neow_costs_skipped_log":["NONE","NONE","NONE"],"gold_per_floor":[413,463,483,494,509,509,225,256,283,283,309,321,345,367,379,468,480,512,535,547],"floor_reached":20,"playtime":641,"items_purged":["Defend_P"],"score":472,"play_id":"b2cf36d3-d420-4971-aab7-d28faaf30d07","local_time":"20240204003854","score_breakdown":["Floors Climbed (20): 100","Enemies Slain (8): 16","Exordium Elites Killed (2): 20","City Elites Killed (0): 0","Bosses Slain (1): 50","Perfect (1): 50","Ascension (20): 236"],"is_ascension_mode":true,"potions_obtained_alchemize":[[],[],[],[],[],[],[],[],[],[],[],[],[],[],[],[],[],[],[],[]],"campfire_choices":[{"data":"Eruption","floor":6,"key":"SMITH"},{"data":"CutThroughFate","floor":10,"key":"SMITH"},{"data":"FlurryOfBlows","floor":12,"key":"SMITH"},{"floor":15,"key":"REST"}],"lesson_learned_per_floor":[[],[],[],[],[],[],[],[],[],[],["Strike_P"],[],["LessonLearned"],["Defend_P"],[],["TalkToTheHand"],[],["Defend_P"],["Strike_P"],[]],"neow_cost":"TEN_PERCENT_HP_LOSS","improvable_cards":{},"seed_source_timestamp":25211439861076,"shop_contents":[{"floor":7,"relics":["CeramicFish","Question Card","HandDrill"],"cards":["Meditate","WaveOfTheHand","Wireheading","Jack Of All Trades","Transmutation"],"potions":["StancePotion","BottledMiracle"]}],"circlet_count":0,"master_deck":["AscendersBane","Strike_P+1","Strike_P","Strike_P+1","Strike_P","Defend_P+1","Defend_P+1","Defend_P","Eruption+1","Vigilance","CutThroughFate+1","CarveReality","FlurryOfBlows+1","LessonLearned+1","TalkToTheHand+1","CutThroughFate","InnerPeace"],"potion_use_per_floor":[[],[],[],[],[],[],[],[],[],[],["Explosive Potion"],[],[],[],[],[],[],[],[],[]],"relics":["PureWater","Old Coin","MealTicket","Centennial Puzzle","MawBank","SlaversCollar"],"potions_floor_usage":[11],"damage_taken":[{"damage":0,"enemies":"Jaw Worm","floor":1,"turns":3},{"damage":0,"enemies":"Cultist","floor":3,"turns":3},{"damage":0,"enemies":"2 Louse","floor":4,"turns":4},{"damage":8,"enemies":"Blue Slaver","floor":5,"turns":3},{"damage":2,"enemies":"Gremlin Nob","floor":8,"turns":3},{"damage":15,"enemies":"3 Sentries","floor":11,"turns":3},{"damage":13,"enemies":"Exordium Wildlife","floor":13,"turns":3},{"damage":1,"enemies":"3 Louse","floor":14,"turns":2},{"damage":0,"enemies":"Slime Boss","floor":16,"turns":4},{"damage":21,"enemies":"3 Byrds","floor":18,"turns":5},{"damage":6,"enemies":"Shell Parasite","floor":19,"turns":5},{"damage":46,"enemies":"Snecko","floor":20,"turns":4}],"seed_played":"6152149492204830530","neow_bonus_log":{"cardsObtained":[],"cardsUpgraded":[],"cardsRemoved":[],"cardsTransformed":[],"relicsObtained":["Old Coin"],"maxHpGained":0,"goldGained":0,"damageTaken":0,"goldLost":0,"maxHpLost":6},"potions_obtained":[{"floor":8,"key":"Explosive Potion"},{"floor":13,"key":"BlessingOfTheForge"}],"is_trial":false,"path_per_floor":["M","?","M","M","M","R","$","E","T","R","E","R","M","M","R","B",null,"M","M","M"],"character_chosen":"WATCHER","basemod:card_modifiers":[null,null,null,null,null,null,null,null,null,null,null,null,null,null,null,null,null],"items_purchased":["LessonLearned","TalkToTheHand","FearPotion"],"campfire_rested":1,"item_purchase_floors":[7,7,7],"current_hp_per_floor":[61,55,55,55,47,47,47,45,45,45,30,30,17,16,34,34,55,34,28,0],"gold":547,"neow_bonus":"ONE_RARE_RELIC","is_prod":false,"is_daily":false,"rewards_skipped":[],"chose_seed":false,"campfire_upgraded":3,"win_rate":0,"floor_exit_playtime":[42,46,68,95,115,121,159,199,201,215,258,265,317,343,356,399,413,500,559],"timestamp":1707025134,"path_taken":["M","?","M","M","?","R","$","E","T","R","E","R","M","M","R","BOSS","M","M","M"],"build_version":"2022-12-18","purchased_purges":1,"victory":false,"max_hp_per_floor":[62,62,62,62,62,62,62,62,62,62,62,62,62,62,62,62,62,62,62,62],"relic_stats":{"Centennial Puzzle":[18],"counters":[12,42],"MealTicket":0,"PureWater":[9],"MawBank":108,"obtain_stats":[{"SlaversCollar":17,"Centennial Puzzle":9,"MealTicket":8,"PureWater":0,"MawBank":11,"Old Coin":0},{"SlaversCollar":9,"Centennial Puzzle":5,"MealTicket":5,"PureWater":0,"MawBank":6,"Old Coin":0},{"SlaversCollar":28,"Centennial Puzzle":16,"MealTicket":16,"PureWater":0,"MawBank":19,"Old Coin":0}]},"card_choices":[{"not_picked":["FlurryOfBlows","JustLucky"],"picked":"CutThroughFate","floor":1},{"not_picked":["Prostrate","Indignation"],"picked":"CarveReality","floor":3},{"not_picked":["Fasting2","FlyingSleeves","Evaluate"],"picked":"SKIP","floor":4},{"not_picked":["Protect","Evaluate"],"picked":"FlurryOfBlows","floor":5},{"not_picked":["Consecrate","LessonLearned","WheelKick"],"picked":"SKIP","floor":8},{"not_picked":["WheelKick","ThirdEye","Pray"],"picked":"SKIP","floor":11},{"not_picked":["Study","Evaluate"],"picked":"CutThroughFate","floor":13},{"not_picked":["Halt","BattleHymn","Prostrate"],"picked":"SKIP","floor":14},{"not_picked":["Alpha","MasterReality","LessonLearned"],"picked":"SKIP","floor":16},{"not_picked":["Meditate","Weave"],"picked":"InnerPeace","floor":18},{"not_picked":["CutThroughFate","SashWhip","Perseverance"],"picked":"SKIP","floor":19}],"player_experience":5848737,"relics_obtained":[{"floor":8,"key":"MealTicket"},{"floor":9,"key":"Centennial Puzzle"},{"floor":11,"key":"MawBank"}],"event_choices":[{"damage_healed":0,"gold_gain":50,"player_choice":"Touch","damage_taken":6,"max_hp_gain":0,"max_hp_loss":0,"event_name":"FaceTrader","floor":2,"gold_loss":0}],"is_beta":false,"boss_relics":[{"not_picked":["SacredBark","Runic Dome"],"picked":"SlaversCollar"}],"items_purged_floors":[7],"is_endless":false,"potions_floor_spawned":[8,13],"killed_by":"Snecko","ascension_level":20,"potion_discard_per_floor":[[],[],[],[],[],[],[],[],[],[],[],[],[],[],[],[],[],[],[],[]]}