{"neow_bonuses_skipped_log":["UPGRADE_CARD","THREE_ENEMY_KILL","BOSS_RELIC"],"potions_obtained_entropic_brew":[[],[],[],[],[],[],[],[],[],[],[],[],[],[],[],[],[],[],[],[],[],[],[],[],[],[],[],[],[],[],[],[],[],[],[],[],[],[],[],["Ancient Potion","Energy Potion","SkillPotion","Block Potion"],[],[],[],[],[],[],[],[],[],[],[],[],[],[],[],[],[]],"neow_costs_skipped_log":["NONE","NONE","NONE"],"gold_per_floor":[368,386,26,26,44,44,58,58,58,85,105,142,160,189,189,277,277,291,300,350,40,40,82,95,129,129,171,171,186,186,226,238,330,342,367,392,421,487,523,570,582,636,657,669,710,247,270,297,297,297,297,297,297,40,80,80],"floor_reached":57,"playtime":5146,"items_purged":["Defend_G","Strike_G"],"score":2924,"play_id":"99d8d4bc-657b-40ff-8b41-a2070544394e","local_time":"20240213191756","score_breakdown":["Floors Climbed (57): 285","Enemies Slain (16): 32","Exordium Elites Killed (3): 30","City Elites Killed (4): 80","Beyond Elites Killed (2): 60","Bosses Slain (5): 750","Money Money (1446): 25","Librarian: 25","Champion (2): 50","Overkill: 25","Ascension (20): 1312","Heartbreaker: 250"],"is_ascension_mode":true,"potions_obtained_alchemize":[[],[],[],[],[],[],[],[],[],[],[],[],[],[],[],[],[],[],[],[],[],[],[],[],[],[],[],[],[],[],[],[],[],[],[],[],[],[],[],[],[],[],[],[],[],[],[],[],[],[],[],[],[],[],[],[],[]],"campfire_choices":[{"data":"Well Laid Plans","floor":6,"key":"SMITH"},{"data":"Dagger Throw","floor":8,"key":"SMITH"},{"data":"Noxious Fumes","floor":15,"key":"SMITH"},{"data":"Calculated Gamble","floor":30,"key":"SMITH"},{"data":"Footwork","floor":32,"key":"SMITH"},{"floor":41,"key":"RECALL"},{"data":"Strike_G","floor":44,"key":"PURGE"},{"data":"Night Terror","floor":49,"key":"SMITH"},{"data":"Strike_G","floor":53,"key":"PURGE"}],"lesson_learned_per_floor":[[],[],[],[],[],[],[],[],[],[],[],[],[],[],[],[],[],[],[],[],[],[],[],[],[],[],[],[],[],[],[],[],[],[],[],[],[],[],[],[],[],[],[],[],[],[],[],[],[],[],[],[],[],[],[],[],[]],"neow_cost":"PERCENT_DAMAGE","improvable_cards":{},"seed_source_timestamp":15393026331528,"shop_contents":[{"floor":3,"relics":["Frozen Egg 2","PrismaticShard"],"cards":["Grand Finale","Flying Knee","Tactician","Deadly Poison","Caltrops","Enlightenment","Metamorphosis"],"potions":["CultistPotion","Weak Potion","ColorlessPotion"]},{"floor":21,"relics":["Bag of Marbles","Toxic Egg 2","Orrery"],"cards":["Poisoned Stab","Dagger Spray","Outmaneuver","Deep Breath"],"potions":["Swift Potion","CunningPotion","Dexterity Potion"]},{"floor":46,"relics":["FossilizedHelix","Calipers","Cauldron"],"cards":["Flechettes","Bane","Terror","Expertise","Accuracy","Enlightenment","Transmutation"],"potions":["SteroidPotion","Energy Potion","SmokeBomb"]},{"floor":54,"relics":["Du-Vu Doll","Bottled Flame","Lee\u0027s Waffle"],"cards":["All Out Attack","Poisoned Stab","Outmaneuver","Dodge and Roll","Infinite Blades","Bandage Up","Sadistic Nature"],"potions":["Poison Potion","Ancient Potion","SneckoOil"]}],"circlet_count":0,"master_deck":["AscendersBane","Strike_G","Defend_G","Defend_G","Defend_G","Defend_G","Survivor","Neutralize","Slice","Backstab","Well Laid Plans+1","Dagger Throw+1","Calculated Gamble+1","Noxious Fumes+1","Backflip","Adrenaline","Predator","Apotheosis+1","Footwork+1","Terror","Backflip","Bouncing Flask+1","Die Die Die","Night Terror+1","Blur+1","PiercingWail+1","Parasite","Noxious Fumes+1","Burst","Catalyst","Well Laid Plans","After Image","Acrobatics","Backflip","Acrobatics"],"potion_use_per_floor":[[],[],[],[],[],[],[],[],[],["Explosive Potion"],[],["SkillPotion"],[],[],[],["Weak Potion"],[],[],[],[],[],[],["CunningPotion"],["Ancient Potion"],["Regen Potion"],[],["Swift Potion"],[],["SkillPotion"],[],["SteroidPotion"],[],["DuplicationPotion"],[],["EssenceOfSteel"],["Regen Potion"],["LiquidBronze"],["Energy Potion"],["ColorlessPotion","SpeedPotion","DuplicationPotion"],["SkillPotion","EntropicBrew","SkillPotion"],[],[],[],[],[],[],["Energy Potion"],["ColorlessPotion"],[],["DistilledChaos"],["PowerPotion"],[],[],[],[],["Swift Potion","Ancient Potion","DistilledChaos"],[]],"relics":["Ring of the Snake","Meat on the Bone","White Beast Statue","Sundial","CeramicFish","Potion Belt","Cursed Key","WingedGreaves","Toy Ornithopter","Oddly Smooth Stone","MawBank","HoveringKite","Peace Pipe","The Courier","Nunchaku","Art of War","Anchor"],"potions_floor_usage":[10,12,16,23,24,25,27,29,31,33,35,36,37,38,39,39,39,40,40,40,47,48,50,51,56,56,56],"damage_taken":[{"damage":8,"enemies":"Small Slimes","floor":1,"turns":5},{"damage":3,"enemies":"Cultist","floor":2,"turns":5},{"damage":0,"enemies":"Jaw Worm","floor":5,"turns":3},{"damage":8,"enemies":"Red Slaver","floor":7,"turns":4},{"damage":26,"enemies":"3 Sentries","floor":10,"turns":9},{"damage":0,"enemies":"2 Fungi Beasts","floor":11,"turns":4},{"damage":22,"enemies":"Lagavulin","floor":12,"turns":10},{"damage":4,"enemies":"Exordium Thugs","floor":13,"turns":4},{"damage":19,"enemies":"3 Sentries","floor":14,"turns":10},{"damage":32,"enemies":"Slime Boss","floor":16,"turns":12},{"damage":7,"enemies":"3 Byrds","floor":18,"turns":6},{"damage":0,"enemies":"Gremlin Leader","floor":23,"turns":6},{"damage":0,"enemies":"Chosen","floor":24,"turns":2},{"damage":1,"enemies":"Book of Stabbing","floor":25,"turns":6},{"damage":34,"enemies":"Slavers","floor":27,"turns":6},{"damage":3,"enemies":"Snake Plant","floor":29,"turns":5},{"damage":4,"enemies":"Book of Stabbing","floor":31,"turns":6},{"damage":4,"enemies":"Champ","floor":33,"turns":13},{"damage":0,"enemies":"Orb Walker","floor":35,"turns":5},{"damage":20,"enemies":"3 Darklings","floor":36,"turns":4},{"damage":18,"enemies":"Sphere and 2 Shapes","floor":37,"turns":5},{"damage":46,"enemies":"2 Orb Walkers","floor":38,"turns":6},{"damage":28,"enemies":"Writhing Mass","floor":39,"turns":7},{"damage":12,"enemies":"Reptomancer","floor":40,"turns":7},{"damage":0,"enemies":"Giant Head","floor":42,"turns":11},{"damage":18,"enemies":"Transient","floor":45,"turns":6},{"damage":0,"enemies":"Maw","floor":47,"turns":4},{"damage":16,"enemies":"3 Darklings","floor":48,"turns":8},{"damage":29,"enemies":"Awakened One","floor":50,"turns":24},{"damage":24,"enemies":"Donu and Deca","floor":51,"turns":11},{"damage":24,"enemies":"Shield and Spear","floor":55,"turns":10},{"damage":36,"enemies":"The Heart","floor":56,"turns":10}],"green_key_taken_log":25,"seed_played":"3963014022206690778","neow_bonus_log":{"cardsObtained":[],"cardsUpgraded":[],"cardsRemoved":[],"cardsTransformed":[],"relicsObtained":[],"maxHpGained":0,"goldGained":250,"damageTaken":15,"goldLost":0,"maxHpLost":0},"potions_obtained":[{"floor":2,"key":"SkillPotion"},{"floor":5,"key":"Explosive Potion"},{"floor":10,"key":"EntropicBrew"},{"floor":12,"key":"Weak Potion"},{"floor":14,"key":"CunningPotion"},{"floor":16,"key":"SteroidPotion"},{"floor":18,"key":"Ancient Potion"},{"floor":23,"key":"DuplicationPotion"},{"floor":24,"key":"Regen Potion"},{"floor":25,"key":"Swift Potion"},{"floor":27,"key":"SkillPotion"},{"floor":29,"key":"DuplicationPotion"},{"floor":31,"key":"EssenceOfSteel"},{"floor":33,"key":"Regen Potion"},{"floor":35,"key":"SpeedPotion"},{"floor":36,"key":"LiquidBronze"},{"floor":37,"key":"Energy Potion"},{"floor":38,"key":"ColorlessPotion"},{"floor":39,"key":"SkillPotion"},{"floor":40,"key":"EssenceOfSteel"},{"floor":42,"key":"PowerPotion"},{"floor":47,"key":"ColorlessPotion"},{"floor":48,"key":"DistilledChaos"}],"is_trial":false,"path_per_floor":["M","M","$","?","M","R","M","R","T","E","M","E","M","E","R","B",null,"M","?","?","$","?","E","M","E","T","E","T","M","R","E","R","B",null,"M","M","M","?","M","E","R","E","T","R","M","$","M","M","R","B","B",null,"R","$","E","B",null],"character_chosen":"THE_SILENT","basemod:card_modifiers":[null,null,null,null,null,null,null,null,null,null,null,null,null,null,null,null,null,null,null,null,null,null,null,null,null,null,null,null,null,null,null,null,null,null,null],"items_purchased":["Meat on the Bone","Apotheosis","Footwork","Terror","Burst","Catalyst","Art of War","GhostInAJar","Acrobatics","Backflip","DistilledChaos","BlessingOfTheForge","SteroidPotion","Swift Potion"],"campfire_rested":0,"item_purchase_floors":[3,21,21,21,46,46,46,46,54,54,54,54,54,54],"current_hp_per_floor":[36,33,33,66,66,66,58,58,58,44,44,34,42,35,35,15,53,46,46,46,46,46,46,46,60,60,43,43,45,45,46,46,47,61,66,60,47,18,17,32,32,44,44,44,38,38,43,44,44,32,25,56,56,56,44,35],"gold":80,"neow_bonus":"TWO_FIFTY_GOLD","is_prod":false,"is_daily":false,"rewards_skipped":[{"floor":11,"relics":[],"potions":["FairyPotion"]},{"floor":13,"relics":[],"potions":["SneckoOil"]},{"floor":45,"relics":[],"potions":["LiquidBronze"]},{"floor":55,"relics":[],"potions":["FearPotion"]}],"chose_seed":false,"campfire_upgraded":6,"win_rate":0,"floor_exit_playtime":[62,97,118,141,164,173,210,219,224,318,365,450,502,627,632,816,886,983,987,1005,1026,1031,1149,1182,1300,1337,1460,1465,1551,1559,1658,1666,1862,1985,2076,2157,2272,2407,2605,2796,2812,3000,3047,3055,3210,3258,3336,3496,3515,3956,4367,4377,4388,4437,4812,5146],"timestamp":1707869876,"blue_key_relic_skipped_log":{"floor":43,"relicID":"Vajra"},"path_taken":["M","M","$","?","?","R","M","R","T","E","M","E","M","E","R","BOSS","M","?","?","?","?","E","M","E","T","E","?","M","R","E","R","BOSS","M","M","M","?","M","E","R","E","T","R","M","$","M","M","R","BOSS","BOSS","R","$","E","BOSS"],"build_version":"2022-12-18","purchased_purges":2,"victory":true,"max_hp_per_floor":[66,66,66,66,66,66,66,66,66,66,66,66,66,66,66,66,66,66,66,66,66,66,66,66,66,66,66,66,66,66,66,66,66,66,66,66,66,66,66,66,66,66,66,66,66,66,66,66,66,66,66,66,66,66,66,66],"relic_stats":{"counters":[32,234],"CeramicFish":189,"HoveringKite":[64],"The Courier":192,"Cursed Key":1,"MawBank":180,"White Beast Statue":[0.0,0.0,0.0,0.4,0.0,0.6000000000000001,0.0,0.0,0.0,0.0,0.0,11.168645171200003],"Peace Pipe":3,"Nunchaku":[10],"Sundial":[54],"WingedGreaves":3,"Art of War":[26],"obtain_stats":[{"Potion Belt":14,"CeramicFish":12,"Oddly Smooth Stone":27,"HoveringKite":34,"The Courier":40,"Cursed Key":17,"MawBank":31,"White Beast Statue":9,"Peace Pipe":38,"Nunchaku":42,"Anchor":55,"Sundial":10,"WingedGreaves":23,"Art of War":46,"Toy Ornithopter":25,"Ring of the Snake":0,"Meat on the Bone":3},{"Potion Belt":9,"CeramicFish":7,"Oddly Smooth Stone":15,"HoveringKite":18,"The Courier":24,"Cursed Key":10,"MawBank":17,"White Beast Statue":4,"Peace Pipe":22,"Nunchaku":25,"Anchor":31,"Sundial":5,"WingedGreaves":12,"Art of War":26,"Toy Ornithopter":14,"Ring of the Snake":0,"Meat on the Bone":2},{"Potion Belt":54,"CeramicFish":40,"Oddly Smooth Stone":92,"HoveringKite":116,"The Courier":150,"Cursed Key":66,"MawBank":103,"White Beast Statue":17,"Peace Pipe":136,"Nunchaku":161,"Anchor":224,"Sundial":26,"WingedGreaves":78,"Art of War":167,"Toy Ornithopter":86,"Ring of the Snake":0,"Meat on the Bone":10}],"Toy Ornithopter":105,"Ring of the Snake":[64],"Meat on the Bone":192},"card_choices":[{"not_picked":["Underhanded Strike","Quick Slash"],"picked":"Slice","floor":1},{"not_picked":["Dagger Spray","Endless Agony"],"picked":"Backstab","floor":2},{"not_picked":["Backflip","All Out Attack"],"picked":"Well Laid Plans","floor":5},{"not_picked":["Setup","Deflect"],"picked":"Dagger Throw","floor":7},{"not_picked":["Outmaneuver","Masterful Stab"],"picked":"Calculated Gamble","floor":10},{"not_picked":["Deadly Poison","Slice"],"picked":"Noxious Fumes","floor":11},{"not_picked":["Dash","Outmaneuver"],"picked":"Backflip","floor":12},{"not_picked":["Concentrate","Infinite Blades","Sucker Punch"],"picked":"SKIP","floor":13},{"not_picked":["Caltrops","Prepared","Slice"],"picked":"SKIP","floor":14},{"not_picked":["Grand Finale","Storm of Steel"],"picked":"Adrenaline","floor":16},{"not_picked":["Bane","Sucker Punch"],"picked":"Backflip","floor":23},{"not_picked":["Flying Knee","Expertise","Reflex"],"picked":"SKIP","floor":24},{"not_picked":["Setup","Flying Knee","Endless Agony"],"picked":"SKIP","floor":25},{"not_picked":["Endless Agony","Terror"],"picked":"Bouncing Flask+1","floor":27},{"not_picked":["Dagger Spray","Crippling Poison","Setup"],"picked":"SKIP","floor":29},{"not_picked":["Deflect","Dagger Throw"],"picked":"Die Die Die","floor":31},{"not_picked":["Unload","Storm of Steel"],"picked":"Night Terror","floor":33},{"not_picked":["Quick Slash","Cloak And Dagger","Deadly Poison"],"picked":"SKIP","floor":35},{"not_picked":["Deadly Poison","Dagger Spray","Quick Slash"],"picked":"SKIP","floor":36},{"not_picked":["Outmaneuver","Flying Knee","Terror"],"picked":"SKIP","floor":37},{"not_picked":["Bane","Poisoned Stab","Predator"],"picked":"SKIP","floor":38},{"not_picked":["Quick Slash","Glass Knife"],"picked":"Blur+1","floor":39},{"not_picked":["Concentrate","Dagger Spray","Slice"],"picked":"SKIP","floor":40},{"not_picked":["Blade Dance+1","Bane"],"picked":"PiercingWail+1","floor":42},{"not_picked":["Flying Knee+1","Cloak And Dagger"],"picked":"Noxious Fumes+1","floor":45},{"not_picked":["Poisoned Stab","Finisher"],"picked":"Well Laid Plans","floor":47},{"not_picked":["Outmaneuver","Deadly Poison"],"picked":"After Image","floor":48},{"not_picked":["Well Laid Plans","Catalyst+1"],"picked":"Acrobatics","floor":55}],"player_experience":6055559,"relics_obtained":[{"floor":9,"key":"White Beast Statue"},{"floor":10,"key":"Sundial"},{"floor":12,"key":"CeramicFish"},{"floor":14,"key":"Potion Belt"},{"floor":23,"key":"WingedGreaves"},{"floor":25,"key":"Toy Ornithopter"},{"floor":27,"key":"Oddly Smooth Stone"},{"floor":31,"key":"MawBank"},{"floor":38,"key":"Peace Pipe"},{"floor":40,"key":"The Courier"},{"floor":42,"key":"Nunchaku"},{"floor":55,"key":"Anchor"}],"event_choices":[{"damage_healed":33,"gold_gain":0,"player_choice":"Full Heal","damage_taken":0,"max_hp_gain":0,"max_hp_loss":0,"event_name":"Wheel of Change","floor":4,"gold_loss":0},{"damage_healed":0,"gold_gain":0,"cards_transformed":["Strike_G"],"player_choice":"Transformed","damage_taken":0,"max_hp_gain":0,"max_hp_loss":0,"event_name":"Transmorgrifier","floor":19,"gold_loss":0,"cards_obtained":["Predator"]},{"damage_healed":0,"gold_gain":50,"player_choice":"Pray","damage_taken":0,"max_hp_gain":0,"max_hp_loss":0,"event_name":"Golden Shrine","floor":20,"gold_loss":0},{"damage_healed":0,"gold_gain":0,"player_choice":"Upgraded","damage_taken":0,"max_hp_gain":0,"max_hp_loss":0,"event_name":"Upgrade Shrine","floor":22,"gold_loss":0,"cards_upgraded":["Apotheosis"]},{"damage_healed":0,"gold_gain":0,"player_choice":"Fight","damage_taken":0,"max_hp_gain":0,"max_hp_loss":0,"event_name":"Mysterious Sphere","floor":38,"gold_loss":0}],"is_beta":false,"boss_relics":[{"not_picked":["Runic Dome","Busted Crown"],"picked":"Cursed Key"},{"not_picked":["Sozu","Calling Bell"],"picked":"HoveringKite"}],"items_purged_floors":[3,46],"is_endless":false,"potions_floor_spawned":[2,5,10,11,12,13,14,16,18,23,24,25,27,29,31,33,35,36,37,38,39,40,42,45,47,48,55],"ascension_level":20,"potion_discard_per_floor":[[],[],[],[],[],[],[],[],[],[],[],[],[],[],[],[],[],[],[],[],[],[],[],[],[],[],[],[],[],[],[],[],[],[],[],[],[],[],[],[],[],["EssenceOfSteel"],[],[],[],["Block Potion"],[],[],[],[],[],[],[],["BlessingOfTheForge","SteroidPotion"],[],[],[]]}