{"neow_bonuses_skipped_log":["REMOVE_CARD","REMOVE_TWO","BOSS_RELIC"],"potions_obtained_entropic_brew":[[],[],[],[],[],[],[],[],[],[],[],[],[],[],[],[]],"neow_costs_skipped_log":["NONE","PERCENT_DAMAGE","NONE"],"gold_per_floor":[218,232,232,232,37,101,101,120,120,175,211,244,48,81,81,81],"floor_reached":16,"playtime":615,"items_purged":[],"score":240,"play_id":"3db03edf-6435-480f-86b0-2df43c7195ad","local_time":"20240203232022","score_breakdown":["Floors Climbed (16): 80","Enemies Slain (5): 10","Exordium Elites Killed (3): 30","Bosses Slain (0): 0","Ascension (20): 120"],"is_ascension_mode":true,"potions_obtained_alchemize":[[],[],[],[],[],[],[],[],[],[],[],[],[],[],[],[]],"campfire_choices":[{"floor":7,"key":"REST"},{"data":"HandOfGreed","floor":15,"key":"SMITH"}],"lesson_learned_per_floor":[[],[],[],[],[],[],[],[],[],[],[],[],[],[],[],[]],"neow_cost":"NONE","improvable_cards":{},"seed_source_timestamp":20524878856757,"shop_contents":[{"floor":5,"relics":["Ancient Tea Set","Meat on the Bone","HandDrill"],"cards":["Endless Agony","Finisher","Cloak And Dagger","Distraction","Accuracy","Impatience"],"potions":["BlessingOfTheForge","Dexterity Potion","SteroidPotion"]},{"floor":13,"relics":["Juzu Bracelet","Singing Bowl","TheAbacus"],"cards":["Flechettes","Sucker Punch","Dodge and Roll","Infinite Blades","Metamorphosis"],"potions":["SpeedPotion","Ancient Potion"]}],"circlet_count":0,"master_deck":["AscendersBane","Strike_G","Strike_G","Strike_G","Strike_G","Strike_G","Defend_G","Defend_G","Defend_G","Defend_G","Defend_G","Survivor","Neutralize","Terror","Deflect","HandOfGreed+1","Leg Sweep","Corpse Explosion","Dagger Throw","Malaise","PiercingWail","Dark Shackles","Bullet Time"],"potion_use_per_floor":[[],[],[],[],[],[],[],[],[],[],[],["SteroidPotion"],[],["AttackPotion"],[],["PowerPotion"]],"relics":["Ring of the Snake","Golden Idol","Bottled Lightning","Vajra","Strawberry","Blue Candle"],"potions_floor_usage":[12,14,16],"damage_taken":[{"damage":6,"enemies":"Small Slimes","floor":1,"turns":5},{"damage":0,"enemies":"2 Louse","floor":2,"turns":3},{"damage":24,"enemies":"Gremlin Nob","floor":6,"turns":4},{"damage":0,"enemies":"Cultist","floor":8,"turns":5},{"damage":9,"enemies":"Lots of Slimes","floor":10,"turns":6},{"damage":23,"enemies":"Lagavulin","floor":11,"turns":6},{"damage":5,"enemies":"Gremlin Gang","floor":12,"turns":4},{"damage":3,"enemies":"Gremlin Nob","floor":14,"turns":3},{"damage":31,"enemies":"The Guardian","floor":16,"turns":2}],"seed_played":"3971372374205762768","neow_bonus_log":{"cardsObtained":[],"cardsUpgraded":[],"cardsRemoved":[],"cardsTransformed":[],"relicsObtained":[],"maxHpGained":0,"goldGained":100,"damageTaken":0,"goldLost":0,"maxHpLost":0},"potions_obtained":[{"floor":2,"key":"SteroidPotion"},{"floor":8,"key":"SneckoOil"},{"floor":10,"key":"PowerPotion"}],"is_trial":false,"path_per_floor":["M","M","?","?","$","E","R","M","T","M","E","M","$","E","R","B"],"character_chosen":"THE_SILENT","basemod:card_modifiers":[null,null,null,null,null,null,null,null,null,null,null,null,null,null,null,null,null,null,null,null,null,null,null],"items_purchased":["HandOfGreed","AttackPotion","PiercingWail","Dark Shackles"],"campfire_rested":1,"item_purchase_floors":[5,13,13,13],"current_hp_per_floor":[53,53,53,53,53,29,47,47,47,38,22,17,17,14,14,0],"gold":81,"neow_bonus":"HUNDRED_GOLD","is_prod":false,"is_daily":false,"rewards_skipped":[],"chose_seed":false,"campfire_upgraded":1,"win_rate":0,"floor_exit_playtime":[53,87,90,95,106,165,171,202,220,282,345,442,460,542,575],"timestamp":1707020422,"path_taken":["M","M","?","?","$","E","R","M","T","M","E","M","$","E","R","BOSS"],"build_version":"2022-12-18","purchased_purges":0,"victory":false,"max_hp_per_floor":[66,66,60,60,60,60,60,60,60,60,67,67,67,67,67,67],"relic_stats":{"counters":[9,38],"Golden Idol":33,"Blue Candle":[0],"Bottled Lightning":"Terror","obtain_stats":[{"Golden Idol":3,"Strawberry":11,"Blue Candle":14,"Vajra":9,"Bottled Lightning":6,"Ring of the Snake":0},{"Golden Idol":2,"Strawberry":6,"Blue Candle":8,"Vajra":4,"Bottled Lightning":3,"Ring of the Snake":0},{"Golden Idol":8,"Strawberry":29,"Blue Candle":36,"Vajra":17,"Bottled Lightning":12,"Ring of the Snake":0}],"Ring of the Snake":[18]},"card_choices":[{"not_picked":["Poisoned Stab","Noxious Fumes"],"picked":"Terror","floor":1},{"not_picked":["Bane","Deflect","Outmaneuver"],"picked":"SKIP","floor":2},{"not_picked":["Bane","Outmaneuver"],"picked":"Deflect","floor":2},{"not_picked":["Reflex","Deadly Poison"],"picked":"Leg Sweep","floor":6},{"not_picked":["Dagger Spray","Bane"],"picked":"Corpse Explosion","floor":8},{"not_picked":["Deflect","Bouncing Flask"],"picked":"Dagger Throw","floor":10},{"not_picked":["Underhanded Strike","Flying Knee"],"picked":"Malaise","floor":11},{"not_picked":["Slice","Dodge and Roll","Bane"],"picked":"SKIP","floor":12},{"not_picked":["Deflect","Choke"],"picked":"Bullet Time","floor":14}],"player_experience":5844183,"relics_obtained":[{"floor":6,"key":"Bottled Lightning"},{"floor":9,"key":"Vajra"},{"floor":11,"key":"Strawberry"},{"floor":14,"key":"Blue Candle"}],"event_choices":[{"damage_healed":0,"gold_gain":0,"player_choice":"Lose Max HP","damage_taken":0,"relics_obtained":["Golden Idol"],"max_hp_gain":0,"max_hp_loss":6,"event_name":"Golden Idol","floor":3,"gold_loss":0},{"damage_healed":0,"gold_gain":0,"player_choice":"Ignored","damage_taken":0,"max_hp_gain":0,"max_hp_loss":0,"event_name":"Shining Light","floor":4,"gold_loss":0}],"is_beta":false,"boss_relics":[],"items_purged_floors":[],"is_endless":false,"potions_floor_spawned":[2,8,10],"killed_by":"The Guardian","ascension_level":20,"potion_discard_per_floor":[[],[],[],[],[],[],[],[],[],["SneckoOil"],[],[],[],[],[],[]]}