{"neow_bonuses_skipped_log":["THREE_CARDS","TWENTY_PERCENT_HP_BONUS","BOSS_RELIC"],"potions_obtained_entropic_brew":[[],[],[],[],[],[],[],[],[],[],[],[],[],[],[],[],[],[],[],[],[],[],[],[],[],[],[],[],[],[],[],[],[],[],[],[],[],[],[],[],[],[],[],[],[],[],[],[],[],[],[],[],[],[],[],[],[]],"neow_costs_skipped_log":["NONE","PERCENT_DAMAGE","NONE"],"gold_per_floor":[112,0,17,35,35,35,46,46,70,88,117,17,45,58,58,137,137,155,155,169,79,95,125,125,140,140,160,160,193,213,232,232,311,311,321,34,46,59,59,86,96,131,183,211,223,257,257,275,275,275,275,275,275,109,144,144],"floor_reached":57,"playtime":4262,"items_purged":["Defend_P","Strike_P","FollowUp"],"score":3206,"play_id":"49f3cb94-329a-420d-9fe6-51dcccf00a2f","local_time":"20240213205236","score_breakdown":["Floors Climbed (57): 285","Enemies Slain (19): 38","Exordium Elites Killed (2): 20","City Elites Killed (2): 40","Beyond Elites Killed (4): 120","Bosses Slain (5): 750","Champion (4): 100","Perfect (2): 100","C-c-c-combo: 25","Ascension (20): 1478","Heartbreaker: 250"],"is_ascension_mode":true,"potions_obtained_alchemize":[[],[],[],[],[],[],[],[],[],[],[],[],[],[],[],[],[],[],[],[],[],[],[],[],[],[],[],[],[],[],[],[],[],[],[],[],[],[],[],[],[],[],[],[],[],[],[],[],[],[],[],[],[],[],[],[],[]],"campfire_choices":[{"data":"Eruption","floor":6,"key":"SMITH"},{"floor":8,"key":"REST"},{"data":"Meditate","floor":15,"key":"SMITH"},{"data":"Scrawl","floor":24,"key":"SMITH"},{"data":"Vault","floor":28,"key":"SMITH"},{"data":"MentalFortress","floor":32,"key":"SMITH"},{"floor":47,"key":"RECALL"},{"floor":49,"key":"REST"},{"floor":53,"key":"REST"}],"lesson_learned_per_floor":[[],[],[],[],[],[],[],[],[],[],[],[],[],[],[],[],[],[],[],[],[],[],[],[],[],[],[],[],[],[],[],[],[],[],[],[],[],[],[],[],[],[],[],[],[],[],[],[],[],[],[],[],[],[],[],[],[]],"neow_cost":"NONE","improvable_cards":{},"seed_source_timestamp":21967708322715,"shop_contents":[{"floor":2,"relics":["Turnip","CeramicFish","Frozen Eye"],"cards":["Wallop","EmptyFist","Evaluate","BattleHymn","Bandage Up","HandOfGreed"],"potions":["SneckoOil","SteroidPotion","SpeedPotion"]},{"floor":12,"relics":["Lizard Tail","Thread and Needle","HandDrill"],"cards":["Brilliance","LessonLearned","WreathOfFlame","DeusExMachina","Nirvana","Finesse","Secret Weapon"],"potions":["DistilledChaos","Ancient Potion","PowerPotion"]},{"floor":21,"relics":["TeardropLocket","Damaru","OrangePellets"],"cards":["EmptyFist","Conclude","Prostrate","MasterReality","Blind","Master of Strategy"],"potions":["AttackPotion","Ancient Potion","LiquidMemories"]},{"floor":36,"relics":["Yang","PreservedInsect"],"cards":["CrushJoints","CutThroughFate","Judgement","PathToVictory","LikeWater","Purity","Mayhem"],"potions":["Strength Potion","Ancient Potion","Fire Potion"]},{"floor":54,"relics":["Pocketwatch","Pantograph"],"cards":["CarveReality","FollowUp","ForeignInfluence","Vengeance","BattleHymn","Good Instincts","Thinking Ahead"],"potions":["Explosive Potion","DistilledChaos","Regen Potion"]}],"circlet_count":0,"master_deck":["AscendersBane","Eruption+1","Vigilance","CutThroughFate","EmptyMind","MentalFortress+1","CarveReality","Meditate+1","FlurryOfBlows","DeceiveReality","Vault+1","Worship","FlurryOfBlows","Study","Collect","BattleHymn","InnerPeace","Scrawl+1","CutThroughFate+1","Adaptation","EmptyMind","Tantrum","Wireheading","Halt+1","Vault+1"],"potion_use_per_floor":[[],[],[],[],[],[],[],[],[],[],[],[],[],[],[],[],[],[],[],[],[],[],[],[],[],[],[],[],[],[],[],[],[],[],[],[],[],[],[],[],[],[],[],[],[],[],[],[],[],[],[],[],[],[],[],["LiquidMemories"],[]],"relics":["PureWater","Ancient Tea Set","Oddly Smooth Stone","CloakClasp","Dream Catcher","Pandora\u0027s Box","Bronze Scales","Vajra","Fusion Hammer","Medical Kit","Kunai","Mummified Hand","Bag of Marbles","Unceasing Top","Nunchaku","DollysMirror","Anchor"],"potions_floor_usage":[56],"damage_taken":[{"damage":4,"enemies":"Jaw Worm","floor":1,"turns":3},{"damage":3,"enemies":"Cultist","floor":3,"turns":4},{"damage":0,"enemies":"2 Louse","floor":4,"turns":2},{"damage":0,"enemies":"Lots of Slimes","floor":7,"turns":2},{"damage":0,"enemies":"Gremlin Gang","floor":10,"turns":3},{"damage":7,"enemies":"Lagavulin","floor":11,"turns":7},{"damage":15,"enemies":"3 Sentries","floor":13,"turns":8},{"damage":2,"enemies":"Exordium Thugs","floor":14,"turns":4},{"damage":0,"enemies":"The Guardian","floor":16,"turns":15},{"damage":7,"enemies":"2 Thieves","floor":18,"turns":5},{"damage":1,"enemies":"Spheric Guardian","floor":20,"turns":5},{"damage":0,"enemies":"Chosen and Byrds","floor":22,"turns":4},{"damage":15,"enemies":"Gremlin Leader","floor":23,"turns":6},{"damage":0,"enemies":"Sentry and Sphere","floor":25,"turns":2},{"damage":3,"enemies":"Snake Plant","floor":27,"turns":4},{"damage":9,"enemies":"Slavers","floor":29,"turns":4},{"damage":0,"enemies":"Cultist and Chosen","floor":30,"turns":4},{"damage":0,"enemies":"Sentry and Sphere","floor":31,"turns":3},{"damage":14,"enemies":"Champ","floor":33,"turns":9},{"damage":4,"enemies":"Orb Walker","floor":35,"turns":2},{"damage":2,"enemies":"3 Darklings","floor":37,"turns":3},{"damage":4,"enemies":"Transient","floor":38,"turns":7},{"damage":0,"enemies":"Giant Head","floor":40,"turns":6},{"damage":0,"enemies":"4 Shapes","floor":41,"turns":5},{"damage":0,"enemies":"Nemesis","floor":42,"turns":6},{"damage":0,"enemies":"Reptomancer","floor":44,"turns":3},{"damage":0,"enemies":"Maw","floor":45,"turns":5},{"damage":0,"enemies":"Giant Head","floor":46,"turns":2},{"damage":4,"enemies":"Spire Growth","floor":48,"turns":4},{"damage":36,"enemies":"Time Eater","floor":50,"turns":9},{"damage":0,"enemies":"Donu and Deca","floor":51,"turns":5},{"damage":4,"enemies":"Shield and Spear","floor":55,"turns":5},{"damage":63,"enemies":"The Heart","floor":56,"turns":9}],"green_key_taken_log":23,"seed_played":"7176641472974529194","neow_bonus_log":{"cardsObtained":[],"cardsUpgraded":[],"cardsRemoved":[],"cardsTransformed":[],"relicsObtained":["Ancient Tea Set"],"maxHpGained":0,"goldGained":0,"damageTaken":0,"goldLost":0,"maxHpLost":0},"potions_obtained":[{"floor":3,"key":"GamblersBrew"},{"floor":10,"key":"BottledMiracle"},{"floor":11,"key":"DuplicationPotion"},{"floor":13,"key":"LiquidMemories"}],"is_trial":false,"path_per_floor":["M","$","M","M","?","R","M","R","T","M","E","$","E","M","R","B",null,"M","?","M","$","M","E","R","M","T","M","R","E","M","M","R","B",null,"M","$","M","M","?","E","M","E","T","E","M","E","R","M","R","B","B",null,"R","$","E","B",null],"character_chosen":"WATCHER","basemod:card_modifiers":[null,null,null,null,null,null,null,null,null,null,null,null,null,null,null,null,null,null,null,null,null,null,null,null,null],"items_purchased":["EmptyMind","Scrawl","Medical Kit","DollysMirror"],"campfire_rested":3,"item_purchase_floors":[2,21,36,54],"current_hp_per_floor":[57,57,54,54,34,34,34,54,54,54,47,47,32,30,30,30,59,52,52,51,51,51,36,36,36,36,33,33,24,24,24,24,10,54,50,50,48,44,44,44,44,44,44,44,44,44,44,40,60,24,24,57,68,68,64,1],"gold":144,"neow_bonus":"RANDOM_COMMON_RELIC","is_prod":false,"is_daily":false,"rewards_skipped":[{"floor":14,"relics":[],"potions":["ColorlessPotion"]},{"floor":20,"relics":[],"potions":["Explosive Potion"]},{"floor":22,"relics":[],"potions":["LiquidMemories"]},{"floor":30,"relics":[],"potions":["Swift Potion"]},{"floor":31,"relics":[],"potions":["SkillPotion"]},{"floor":38,"relics":[],"potions":["SteroidPotion"]},{"floor":41,"relics":[],"potions":["AttackPotion"]},{"floor":42,"relics":[],"potions":["Swift Potion"]},{"floor":46,"relics":[],"potions":["Swift Potion"]},{"floor":48,"relics":[],"potions":["FearPotion"]},{"floor":55,"relics":[],"potions":["Strength Potion"]}],"chose_seed":false,"campfire_upgraded":5,"win_rate":0,"floor_exit_playtime":[61,71,113,129,134,140,164,172,174,207,274,286,383,439,448,656,679,757,761,837,852,927,1061,1073,1113,1136,1195,1200,1309,1372,1433,1440,1651,1713,1753,1775,1865,2018,2022,2149,2262,2423,2427,2539,2674,2725,2729,2812,2829,3096,3284,3298,3303,3330,3492,4262],"timestamp":1707875556,"blue_key_relic_skipped_log":{"floor":26,"relicID":"White Beast Statue"},"path_taken":["M","$","M","M","?","R","M","R","T","M","E","$","E","M","R","BOSS","M","?","M","$","M","E","R","M","T","M","R","E","?","M","R","BOSS","M","$","?","M","?","E","M","E","T","E","M","E","R","M","R","BOSS","BOSS","R","$","E","BOSS"],"build_version":"2022-12-18","purchased_purges":3,"victory":true,"max_hp_per_floor":[68,68,68,68,68,68,68,68,68,68,68,68,68,68,68,68,68,68,68,68,68,68,68,68,68,68,68,68,68,68,68,68,68,68,68,68,68,68,68,68,68,68,68,68,68,68,68,68,68,68,68,68,68,68,68,68],"relic_stats":{"counters":[33,165],"CloakClasp":[714],"Ancient Tea Set":[18],"Medical Kit":[16],"Dream Catcher":2,"Nunchaku":[18],"Mummified Hand":[41],"Bronze Scales":[272],"Pandora\u0027s Box":["Worship","FlurryOfBlows","Study","FollowUp","Collect","BattleHymn"],"Kunai":[90],"PureWater":[31],"obtain_stats":[{"Oddly Smooth Stone":9,"Vajra":29,"CloakClasp":11,"Ancient Tea Set":0,"Medical Kit":36,"Dream Catcher":13,"Nunchaku":46,"Anchor":55,"Mummified Hand":42,"DollysMirror":54,"Bronze Scales":23,"Pandora\u0027s Box":17,"Fusion Hammer":34,"Bag of Marbles":43,"Kunai":40,"PureWater":0,"Unceasing Top":44},{"Oddly Smooth Stone":4,"Vajra":16,"CloakClasp":6,"Ancient Tea Set":0,"Medical Kit":20,"Dream Catcher":7,"Nunchaku":28,"Anchor":32,"Mummified Hand":25,"DollysMirror":31,"Bronze Scales":13,"Pandora\u0027s Box":9,"Fusion Hammer":19,"Bag of Marbles":25,"Kunai":23,"PureWater":0,"Unceasing Top":26},{"Oddly Smooth Stone":11,"Vajra":78,"CloakClasp":21,"Ancient Tea Set":0,"Medical Kit":96,"Dream Catcher":29,"Nunchaku":133,"Anchor":156,"Mummified Hand":123,"DollysMirror":151,"Bronze Scales":68,"Pandora\u0027s Box":48,"Fusion Hammer":94,"Bag of Marbles":123,"Kunai":112,"PureWater":0,"Unceasing Top":126}],"Unceasing Top":[0]},"card_choices":[{"not_picked":["FlurryOfBlows","FollowUp"],"picked":"CutThroughFate","floor":1},{"not_picked":["Halt","Protect"],"picked":"MentalFortress","floor":3},{"not_picked":["BowlingBash","Weave"],"picked":"CarveReality","floor":4},{"not_picked":["Vengeance","FlyingSleeves","WindmillStrike"],"picked":"SKIP","floor":10},{"not_picked":["ForeignInfluence","ThirdEye"],"picked":"Meditate","floor":11},{"not_picked":["FollowUp","Prostrate"],"picked":"FlurryOfBlows","floor":13},{"not_picked":["SignatureMove","Halt"],"picked":"DeceiveReality","floor":14},{"not_picked":["Establishment","SpiritShield"],"picked":"Vault","floor":16},{"not_picked":["BowlingBash+1","Halt","Prostrate"],"picked":"SKIP","floor":18},{"not_picked":["FlyingSleeves+1","JustLucky"],"picked":"InnerPeace","floor":20},{"not_picked":["Consecrate+1","BattleHymn"],"picked":"CutThroughFate+1","floor":22},{"not_picked":["FlyingSleeves","FollowUp","FlurryOfBlows"],"picked":"SKIP","floor":23},{"not_picked":["Protect","Worship","ClearTheMind"],"picked":"SKIP","floor":25},{"not_picked":["Omniscience","FlurryOfBlows","PathToVictory"],"picked":"SKIP","floor":27},{"not_picked":["Evaluate","Perseverance","SashWhip"],"picked":"SKIP","floor":29},{"not_picked":["Wireheading","Crescendo+1"],"picked":"Adaptation","floor":30},{"not_picked":["CrushJoints","EmptyFist","Consecrate"],"picked":"SKIP","floor":31},{"not_picked":["Judgement","DeusExMachina","Ragnarok"],"picked":"SKIP","floor":33},{"not_picked":["WindmillStrike","EmptyFist+1"],"picked":"EmptyMind","floor":35},{"not_picked":["CarveReality","BowlingBash","PathToVictory"],"picked":"SKIP","floor":37},{"not_picked":["Wallop","FlurryOfBlows"],"picked":"Tantrum","floor":38},{"not_picked":["EmptyFist","FlurryOfBlows+1","Conclude+1"],"picked":"SKIP","floor":40},{"not_picked":["ThirdEye","Meditate","Devotion"],"picked":"SKIP","floor":41},{"not_picked":["Meditate","WheelKick","FlurryOfBlows"],"picked":"SKIP","floor":42},{"not_picked":["Ragnarok","Vengeance"],"picked":"Wireheading","floor":44},{"not_picked":["SashWhip","Tantrum","PathToVictory+1"],"picked":"SKIP","floor":45},{"not_picked":["Wish","Wireheading","ClearTheMind"],"picked":"SKIP","floor":46},{"not_picked":["FlurryOfBlows","Conclude","Weave"],"picked":"SKIP","floor":48},{"not_picked":["Meditate+1","WindmillStrike"],"picked":"Halt+1","floor":49},{"not_picked":["ThirdEye","DeceiveReality+1","EmptyFist"],"picked":"SKIP","floor":55}],"player_experience":6061983,"relics_obtained":[{"floor":9,"key":"Oddly Smooth Stone"},{"floor":11,"key":"CloakClasp"},{"floor":13,"key":"Dream Catcher"},{"floor":23,"key":"Bronze Scales"},{"floor":29,"key":"Vajra"},{"floor":40,"key":"Kunai"},{"floor":42,"key":"Mummified Hand"},{"floor":43,"key":"Bag of Marbles"},{"floor":44,"key":"Unceasing Top"},{"floor":46,"key":"Nunchaku"},{"floor":55,"key":"Anchor"}],"event_choices":[{"damage_healed":0,"gold_gain":0,"player_choice":"Entered Light","damage_taken":20,"max_hp_gain":0,"max_hp_loss":0,"event_name":"Shining Light","floor":5,"gold_loss":0,"cards_upgraded":["Defend_P","Strike_P"]},{"damage_healed":0,"gold_gain":0,"player_choice":"Ignored","damage_taken":0,"max_hp_gain":0,"max_hp_loss":0,"event_name":"The Mausoleum","floor":19,"gold_loss":0},{"damage_healed":0,"gold_gain":0,"player_choice":"Ignored","damage_taken":0,"max_hp_gain":0,"max_hp_loss":0,"event_name":"SecretPortal","floor":39,"gold_loss":0}],"is_beta":false,"boss_relics":[{"not_picked":["SlaversCollar","Philosopher\u0027s Stone"],"picked":"Pandora\u0027s Box"},{"not_picked":["HolyWater","Sozu"],"picked":"Fusion Hammer"}],"items_purged_floors":[2,12,36],"is_endless":false,"potions_floor_spawned":[3,10,11,13,14,20,22,30,31,38,41,42,46,48,55],"ascension_level":20,"potion_discard_per_floor":[[],[],[],[],[],[],[],[],[],[],["BottledMiracle"],[],["DuplicationPotion"],[],[],[],[],[],[],[],[],[],[],[],[],[],[],[],[],[],[],[],[],[],[],[],[],[],[],[],[],[],[],[],[],[],[],[],[],[],[],[],[],[],[],[],[]]}