{"neow_bonuses_skipped_log":["TEN_PERCENT_HP_BONUS","THREE_RARE_CARDS","BOSS_RELIC"],"neow_costs_skipped_log":["NONE","PERCENT_DAMAGE","NONE"],"potions_obtained_entropic_brew":[[],[],[],[],[],[],[],[],[],[],[],[],[],[],[],[]],"gold_per_floor":[112,123,143,163,163,191,191,213,236,247,347,376,376,414,414,414],"floor_reached":16,"playtime":618,"items_purged":[],"score":240,"play_id":"725b01bc-70b2-4521-91b5-0a1455582216","local_time":"20240205200013","score_breakdown":["Floors Climbed (16): 80","Enemies Slain (5): 10","Exordium Elites Killed (3): 30","Bosses Slain (0): 0","Ascension (20): 120"],"is_ascension_mode":true,"potions_obtained_alchemize":[[],[],[],[],[],[],[],[],[],[],[],[],[],[],[],[]],"campfire_choices":[{"data":"Uppercut","floor":7,"key":"SMITH"},{"data":"Perfected Strike","floor":13,"key":"SMITH"},{"data":"Anger","floor":15,"key":"SMITH"}],"lesson_learned_per_floor":[[],[],[],[],[],[],[],[],[],[],[],[],[],[],[],[]],"neow_cost":"NONE","improvable_cards":{},"seed_source_timestamp":19937640652584,"shop_contents":[],"circlet_count":0,"master_deck":["AscendersBane","Strike_R","Strike_R","Strike_R","Strike_R","Strike_R","Defend_R","Defend_R","Defend_R","Defend_R","Bash","Reaper","Second Wind","Uppercut+1","Perfected Strike+1","Anger+1","Metallicize","Shrug It Off"],"potion_use_per_floor":[[],[],[],[],[],["PowerPotion"],[],[],[],[],[],[],[],["SkillPotion"],[],[]],"relics":["Burning Blood","Nunchaku","Odd Mushroom","Bag of Marbles","Omamori","CeramicFish"],"potions_floor_usage":[6,14],"damage_taken":[{"damage":14,"enemies":"2 Louse","floor":1,"turns":4},{"damage":7,"enemies":"Small Slimes","floor":2,"turns":5},{"damage":10,"enemies":"Cultist","floor":3,"turns":4},{"damage":8,"enemies":"2 Fungi Beasts","floor":4,"turns":4},{"damage":20,"enemies":"Lagavulin","floor":6,"turns":7},{"damage":26,"enemies":"The Mushroom Lair","floor":8,"turns":5},{"damage":14,"enemies":"Exordium Thugs","floor":10,"turns":4},{"damage":23,"enemies":"Gremlin Nob","floor":12,"turns":4},{"damage":18,"enemies":"3 Sentries","floor":14,"turns":8},{"damage":44,"enemies":"Hexaghost","floor":16,"turns":9}],"seed_played":"823545241709373113","neow_bonus_log":{"cardsObtained":["Reaper"],"cardsUpgraded":[],"cardsRemoved":[],"cardsTransformed":[],"relicsObtained":[],"maxHpGained":0,"goldGained":0,"damageTaken":0,"goldLost":0,"maxHpLost":0},"potions_obtained":[{"floor":3,"key":"PowerPotion"},{"floor":4,"key":"SkillPotion"},{"floor":8,"key":"Fire Potion"}],"is_trial":false,"path_per_floor":["M","M","M","M","?","E","R","?","T","M","?","E","R","E","R","B"],"character_chosen":"IRONCLAD","basemod:card_modifiers":[null,null,null,null,null,null,null,null,null,null,null,null,null,null,null,null,null,null],"items_purchased":[],"campfire_rested":0,"item_purchase_floors":[],"current_hp_per_floor":[68,71,71,74,74,74,74,62,62,54,54,41,41,37,37,0],"gold":414,"neow_bonus":"ONE_RANDOM_RARE_CARD","is_prod":false,"is_daily":false,"rewards_skipped":[{"floor":12,"relics":[],"potions":["BlessingOfTheForge"]}],"chose_seed":false,"campfire_upgraded":3,"win_rate":0,"floor_exit_playtime":[75,111,157,196,201,265,272,336,340,383,396,443,449,523,543],"timestamp":1707181213,"path_taken":["M","M","M","M","?","E","R","?","T","M","?","E","R","E","R","BOSS"],"build_version":"2022-12-18","purchased_purges":0,"victory":false,"max_hp_per_floor":[75,75,75,75,75,75,75,75,75,75,75,75,75,75,75,75],"relic_stats":{"Nunchaku":[5],"counters":[10,54],"CeramicFish":9,"Omamori":0,"obtain_stats":[{"Nunchaku":6,"CeramicFish":14,"Bag of Marbles":9,"Omamori":12,"Odd Mushroom":8,"Burning Blood":0},{"Nunchaku":5,"CeramicFish":9,"Bag of Marbles":6,"Omamori":8,"Odd Mushroom":6,"Burning Blood":0},{"Nunchaku":24,"CeramicFish":45,"Bag of Marbles":29,"Omamori":37,"Odd Mushroom":29,"Burning Blood":0}],"Burning Blood":54},"card_choices":[{"not_picked":["Warcry","Flex"],"picked":"Second Wind","floor":1},{"not_picked":["Sword Boomerang","Thunderclap"],"picked":"Uppercut","floor":2},{"not_picked":["Warcry","Ghostly Armor"],"picked":"Perfected Strike","floor":3},{"not_picked":["Wild Strike","Iron Wave","Thunderclap"],"picked":"SKIP","floor":4},{"not_picked":["Infernal Blade","Flex","Carnage"],"picked":"SKIP","floor":8},{"not_picked":["Pummel","Corruption"],"picked":"Anger","floor":10},{"not_picked":["Body Slam","Rupture"],"picked":"Metallicize","floor":12},{"not_picked":["Second Wind","Iron Wave"],"picked":"Shrug It Off","floor":14}],"player_experience":5872437,"relics_obtained":[{"floor":6,"key":"Nunchaku"},{"floor":8,"key":"Odd Mushroom"},{"floor":9,"key":"Bag of Marbles"},{"floor":12,"key":"Omamori"},{"floor":14,"key":"CeramicFish"}],"event_choices":[{"damage_healed":0,"gold_gain":0,"player_choice":"Ignored","damage_taken":0,"max_hp_gain":0,"max_hp_loss":0,"event_name":"Liars Game","floor":5,"gold_loss":0},{"damage_healed":0,"gold_gain":0,"player_choice":"Fought Mushrooms","damage_taken":0,"max_hp_gain":0,"max_hp_loss":0,"event_name":"Mushrooms","floor":8,"gold_loss":0},{"damage_healed":0,"gold_gain":100,"player_choice":"Gold","damage_taken":0,"max_hp_gain":0,"max_hp_loss":0,"event_name":"Wheel of Change","floor":11,"gold_loss":0}],"is_beta":false,"boss_relics":[],"items_purged_floors":[],"is_endless":false,"potions_floor_spawned":[3,4,8,12],"killed_by":"Hexaghost","ascension_level":20,"potion_discard_per_floor":[[],[],[],[],[],[],[],[],[],[],[],[],[],[],[],[]]}