{"neow_bonuses_skipped_log":["REMOVE_CARD","THREE_ENEMY_KILL","BOSS_RELIC"],"potions_obtained_entropic_brew":[[],[],[],[],[],[],[],[],[],[],[],[],[],[],[],[],[],[],[],[],[],[],[],[],[],[],[],[],[],[],[],[],[],[],[],[],[],[],[],[],[],[],[],[],[],[],[],[],[],[],[],[],[],[],[],[],[]],"neow_costs_skipped_log":["NONE","NONE","NONE"],"gold_per_floor":[111,32,32,42,52,85,85,114,114,125,140,159,159,169,169,244,244,260,290,301,301,8,43,58,75,75,75,102,120,155,168,168,240,240,250,250,472,146,171,202,202,237,237,237,285,297,203,237,237,237,237,237,237,7,38,38],"floor_reached":57,"playtime":3263,"items_purged":["Strike_G"],"score":3176,"play_id":"d3499368-c254-463b-b366-c36e81741a4b","local_time":"20240211030731","falling_options_log":["Survivor","Noxious Fumes+1"],"score_breakdown":["Floors Climbed (57): 285","Enemies Slain (14): 28","Exordium Elites Killed (2): 20","City Elites Killed (3): 60","Beyond Elites Killed (4): 120","Bosses Slain (5): 750","Speedster: 25","Librarian: 25","Champion (4): 100","Perfect (1): 50","Overkill: 25","Ascension (20): 1438","Heartbreaker: 250"],"is_ascension_mode":true,"potions_obtained_alchemize":[[],[],[],[],[],[],[],[],[],[],[],[],[],[],[],[],[],[],[],[],[],[],[],[],[],[],[],[],[],[],[],[],[],[],[],[],[],[],[],[],[],[],[],[],[],[],[],[],[],[],[],[],[],[],[],[],[]],"campfire_choices":[{"data":"Dagger Spray","floor":7,"key":"SMITH"},{"data":"Blade Dance","floor":13,"key":"SMITH"},{"data":"Acrobatics","floor":15,"key":"SMITH"},{"data":"Noxious Fumes","floor":27,"key":"SMITH"},{"data":"Catalyst","floor":32,"key":"SMITH"},{"floor":41,"key":"RECALL"},{"data":"Footwork","floor":44,"key":"SMITH"},{"data":"Neutralize","floor":49,"key":"SMITH"},{"data":"Adrenaline","floor":53,"key":"SMITH"}],"lesson_learned_per_floor":[[],[],[],[],[],[],[],[],[],[],[],[],[],[],[],[],[],[],[],[],[],[],[],[],[],[],[],[],[],[],[],[],[],[],[],[],[],[],[],[],[],[],[],[],[],[],[],[],[],[],[],[],[],[],[],[],[]],"neow_cost":"TEN_PERCENT_HP_LOSS","improvable_cards":{},"seed_source_timestamp":21218788129497,"shop_contents":[{"floor":2,"relics":["Vajra","Strawberry","ClockworkSouvenir"],"cards":["Eviscerate","Poisoned Stab","PiercingWail","Bouncing Flask","Noxious Fumes","Discovery","Sadistic Nature"],"potions":["GhostInAJar","Regen Potion"]},{"floor":22,"relics":["Eternal Feather","Sling"],"cards":["Quick Slash","Endless Agony","Tactician","Swift Strike","HandOfGreed"],"potions":["BlessingOfTheForge","Poison Potion","Poison Potion"]},{"floor":38,"relics":["Boot","CeramicFish"],"cards":["Glass Knife","Predator","Tactician","Good Instincts","HandOfGreed"],"potions":["Ancient Potion","Weak Potion","Strength Potion"]},{"floor":47,"relics":["Gremlin Horn","Pen Nib","Chemical X"],"cards":["Slice","Finisher","Escape Plan","Blade Dance","Caltrops","Enlightenment","Chrysalis"],"potions":["DistilledChaos","EssenceOfSteel"]},{"floor":54,"relics":["Snake Skull","Mercury Hourglass","Strange Spoon"],"cards":["Flying Knee","Sucker Punch","Cloak And Dagger","Footwork","Purity","Master of Strategy"],"potions":["SkillPotion","SkillPotion"]}],"circlet_count":0,"master_deck":["AscendersBane","Strike_G","Strike_G","Strike_G","Strike_G","Defend_G","Defend_G","Defend_G","Defend_G","Defend_G","Survivor","Neutralize+1","Dash","Dagger Spray+1","Blade Dance+1","Escape Plan","Acrobatics+1","Backflip","Storm of Steel","Adrenaline+1","Finisher","Noxious Fumes+1","PiercingWail","Catalyst+1","Calculated Gamble","Leg Sweep","Corpse Explosion","PiercingWail","Doppelganger","Writhe","Footwork+1","Deflect","Dodge and Roll","Catalyst+1","Crippling Poison","Blur","Dodge and Roll","Burst"],"potion_use_per_floor":[[],[],[],[],[],["Explosive Potion"],[],["FearPotion"],[],[],[],[],[],[],[],["CultistPotion"],[],[],[],[],[],[],["CunningPotion"],[],[],[],[],[],[],[],[],[],[],[],[],[],[],[],[],[],[],[],[],[],[],[],[],[],[],[],[],[],[],[],[],["Swift Potion","Poison Potion","GhostInAJar"],[]],"relics":["Ring of the Snake","Du-Vu Doll","Kunai","HornCleat","Meat on the Bone","Coffee Dripper","Red Mask","Centennial Puzzle","Blue Candle","Mango","Potion Belt","Juzu Bracelet","Runic Pyramid","Toolbox","TungstenRod","Akabeko","Darkstone Periapt","MawBank","Anchor"],"potions_floor_usage":[6,8,16,23,56,56,56],"damage_taken":[{"damage":2,"enemies":"Jaw Worm","floor":1,"turns":7},{"damage":0,"enemies":"Cultist","floor":4,"turns":3},{"damage":0,"enemies":"2 Louse","floor":5,"turns":2},{"damage":2,"enemies":"3 Sentries","floor":6,"turns":4},{"damage":0,"enemies":"Gremlin Nob","floor":8,"turns":3},{"damage":0,"enemies":"Large Slime","floor":10,"turns":5},{"damage":6,"enemies":"Exordium Thugs","floor":11,"turns":3},{"damage":1,"enemies":"Looter","floor":12,"turns":2},{"damage":0,"enemies":"3 Louse","floor":14,"turns":2},{"damage":0,"enemies":"Slime Boss","floor":16,"turns":8},{"damage":0,"enemies":"3 Byrds","floor":18,"turns":2},{"damage":4,"enemies":"Masked Bandits","floor":19,"turns":4},{"damage":3,"enemies":"Chosen","floor":20,"turns":4},{"damage":9,"enemies":"Slavers","floor":23,"turns":4},{"damage":0,"enemies":"Snake Plant","floor":24,"turns":5},{"damage":1,"enemies":"Sentry and Sphere","floor":25,"turns":5},{"damage":1,"enemies":"Gremlin Leader","floor":28,"turns":6},{"damage":0,"enemies":"Snecko","floor":29,"turns":5},{"damage":21,"enemies":"Slavers","floor":30,"turns":2},{"damage":4,"enemies":"Snake Plant","floor":31,"turns":5},{"damage":15,"enemies":"Automaton","floor":33,"turns":9},{"damage":1,"enemies":"3 Darklings","floor":35,"turns":3},{"damage":0,"enemies":"Mind Bloom Boss Battle","floor":39,"turns":4},{"damage":0,"enemies":"Nemesis","floor":40,"turns":11},{"damage":0,"enemies":"Giant Head","floor":42,"turns":7},{"damage":11,"enemies":"Reptomancer","floor":45,"turns":7},{"damage":0,"enemies":"Nemesis","floor":48,"turns":7},{"damage":33,"enemies":"Time Eater","floor":50,"turns":17},{"damage":11,"enemies":"Awakened One","floor":51,"turns":19},{"damage":30,"enemies":"Shield and Spear","floor":55,"turns":5},{"damage":27,"enemies":"The Heart","floor":56,"turns":8}],"green_key_taken_log":48,"seed_played":"5176461492148321466","neow_bonus_log":{"cardsObtained":[],"cardsUpgraded":[],"cardsRemoved":[],"cardsTransformed":[],"relicsObtained":["Du-Vu Doll"],"maxHpGained":0,"goldGained":0,"damageTaken":0,"goldLost":0,"maxHpLost":6},"potions_obtained":[{"floor":5,"key":"Explosive Potion"},{"floor":6,"key":"FearPotion"},{"floor":8,"key":"CultistPotion"},{"floor":16,"key":"Regen Potion"},{"floor":19,"key":"AttackPotion"},{"floor":24,"key":"SpeedPotion"},{"floor":30,"key":"AttackPotion"},{"floor":33,"key":"SpeedPotion"},{"floor":45,"key":"Poison Potion"},{"floor":48,"key":"LiquidMemories"}],"is_trial":false,"path_per_floor":["M","$","?","M","M","E","R","E","T","M","M","M","R","M","R","B",null,"M","?","M","?","$","E","M","M","T","R","E","M","E","M","R","B",null,"M","?","?","$","?","E","R","E","T","R","E","?","$","E","R","B","B",null,"R","$","E","B",null],"character_chosen":"THE_SILENT","basemod:card_modifiers":[null,null,null,null,null,null,null,null,null,null,null,null,null,null,null,null,null,null,null,null,null,null,null,null,null,null,null,null,null,null,null,null,null,null,null,null,null,null],"items_purchased":["CunningPotion","Centennial Puzzle","Noxious Fumes","PiercingWail","Footwork","Deflect","Toolbox","GhostInAJar","Burst","Swift Potion"],"campfire_rested":0,"item_purchase_floors":[2,22,22,22,38,38,38,47,54,54],"current_hp_per_floor":[57,57,57,57,57,55,55,55,55,55,49,48,48,48,48,48,57,57,53,50,50,50,41,41,40,54,54,53,53,44,40,40,37,65,64,74,74,74,74,74,74,74,74,74,63,63,63,63,63,42,43,66,66,66,48,33],"gold":38,"neow_bonus":"ONE_RARE_RELIC","is_prod":false,"is_daily":false,"rewards_skipped":[{"floor":12,"relics":[],"potions":["SmokeBomb"]},{"floor":14,"relics":[],"potions":["Explosive Potion"]},{"floor":40,"relics":[],"potions":["SpeedPotion"]},{"floor":48,"relics":["Dead Branch"],"potions":[]},{"floor":55,"relics":[],"potions":["SpeedPotion"]}],"chose_seed":false,"campfire_upgraded":8,"win_rate":0,"floor_exit_playtime":[96,109,124,152,180,215,223,251,258,298,437,473,481,500,513,585,605,646,735,784,800,849,996,1054,1132,1135,1144,1251,1318,1360,1435,1442,1566,1601,1655,1668,1672,1698,1764,1890,1894,2007,2010,2018,2119,2125,2187,2295,2308,2620,2897,2908,2945,2972,3097,3263],"timestamp":1707638851,"blue_key_relic_skipped_log":{"floor":43,"relicID":"Sundial"},"path_taken":["M","$","?","M","M","E","R","E","T","M","M","?","R","M","R","BOSS","M","?","M","?","$","E","M","M","T","R","E","M","E","M","R","BOSS","M","?","?","$","?","E","R","E","T","R","E","?","$","E","R","BOSS","BOSS","R","$","E","BOSS"],"build_version":"2022-12-18","purchased_purges":1,"victory":true,"max_hp_per_floor":[60,60,60,60,60,60,60,60,60,60,60,60,60,60,60,60,60,60,60,60,60,60,60,60,60,74,74,74,74,74,74,74,74,74,74,74,74,74,74,74,74,74,74,74,74,74,74,74,74,74,74,74,74,74,74,74],"relic_stats":{"Darkstone Periapt":0,"Centennial Puzzle":[36],"counters":[31,178],"Blue Candle":[9],"Juzu Bracelet":0,"Kunai":[98],"MawBank":24,"obtain_stats":[{"Potion Belt":28,"Darkstone Periapt":42,"Blue Candle":23,"Mango":26,"Juzu Bracelet":30,"MawBank":45,"Akabeko":40,"Du-Vu Doll":0,"Centennial Puzzle":22,"Anchor":55,"HornCleat":8,"Toolbox":38,"Coffee Dripper":17,"Red Mask":19,"Kunai":6,"TungstenRod":39,"Ring of the Snake":0,"Meat on the Bone":9,"Runic Pyramid":34},{"Potion Belt":17,"Darkstone Periapt":25,"Blue Candle":14,"Mango":16,"Juzu Bracelet":19,"MawBank":26,"Akabeko":24,"Du-Vu Doll":0,"Centennial Puzzle":13,"Anchor":30,"HornCleat":5,"Toolbox":22,"Coffee Dripper":10,"Red Mask":12,"Kunai":4,"TungstenRod":23,"Ring of the Snake":0,"Meat on the Bone":5,"Runic Pyramid":21},{"Potion Belt":69,"Darkstone Periapt":115,"Blue Candle":53,"Mango":63,"Juzu Bracelet":76,"MawBank":122,"Akabeko":108,"Du-Vu Doll":0,"Centennial Puzzle":49,"Anchor":170,"HornCleat":19,"Toolbox":93,"Coffee Dripper":39,"Red Mask":45,"Kunai":16,"TungstenRod":97,"Ring of the Snake":0,"Meat on the Bone":19,"Runic Pyramid":90}],"TungstenRod":28,"Ring of the Snake":[62],"Meat on the Bone":72},"card_choices":[{"not_picked":["Deflect","Setup"],"picked":"Flying Knee","floor":1},{"not_picked":["Quick Slash","Poisoned Stab"],"picked":"Dagger Spray","floor":4},{"not_picked":["Night Terror","Dagger Spray"],"picked":"Blade Dance","floor":5},{"not_picked":["Dagger Spray","Quick Slash"],"picked":"Escape Plan","floor":6},{"not_picked":["Slice","Sucker Punch"],"picked":"Acrobatics","floor":8},{"not_picked":["Reflex","Underhanded Strike"],"picked":"Backflip","floor":10},{"not_picked":["Deadly Poison","Poisoned Stab"],"picked":"Storm of Steel","floor":11},{"not_picked":["Eviscerate","Caltrops","Quick Slash"],"picked":"SKIP","floor":14},{"not_picked":["Doppelganger","Unload"],"picked":"Adrenaline","floor":16},{"not_picked":["Sucker Punch","Expertise","Reflex"],"picked":"SKIP","floor":18},{"not_picked":["Crippling Poison","Underhanded Strike","Outmaneuver"],"picked":"SKIP","floor":19},{"not_picked":["Flying Knee","Prepared"],"picked":"Finisher","floor":20},{"not_picked":["All Out Attack","Dodge and Roll"],"picked":"Catalyst","floor":23},{"not_picked":["Tactician","Deadly Poison"],"picked":"Calculated Gamble","floor":24},{"not_picked":["Calculated Gamble","Accuracy"],"picked":"Leg Sweep","floor":25},{"not_picked":["Dagger Spray","Deadly Poison"],"picked":"Corpse Explosion","floor":28},{"not_picked":["Accuracy","Finisher","Predator"],"picked":"SKIP","floor":29},{"not_picked":["Flechettes","Finisher","Slice"],"picked":"SKIP","floor":30},{"not_picked":["Dodge and Roll","Outmaneuver"],"picked":"PiercingWail","floor":31},{"not_picked":["Grand Finale","Unload"],"picked":"Doppelganger","floor":33},{"not_picked":["Poisoned Stab+1","Expertise","Bane"],"picked":"SKIP","floor":35},{"not_picked":["Deflect","Endless Agony"],"picked":"Dodge and Roll","floor":39},{"not_picked":["Storm of Steel","Riddle With Holes+1"],"picked":"Catalyst+1","floor":40},{"not_picked":["Underhanded Strike","Flying Knee"],"picked":"Crippling Poison","floor":42},{"not_picked":["Prepared","Quick Slash"],"picked":"Blur","floor":45},{"not_picked":["Predator","Dagger Throw"],"picked":"Dodge and Roll","floor":48},{"not_picked":["Dash","Terror","Envenom"],"picked":"SKIP","floor":55}],"player_experience":6001784,"relics_obtained":[{"floor":6,"key":"Kunai"},{"floor":8,"key":"HornCleat"},{"floor":9,"key":"Meat on the Bone"},{"floor":19,"key":"Red Mask"},{"floor":23,"key":"Blue Candle"},{"floor":26,"key":"Mango"},{"floor":28,"key":"Potion Belt"},{"floor":30,"key":"Juzu Bracelet"},{"floor":39,"key":"TungstenRod"},{"floor":40,"key":"Akabeko"},{"floor":42,"key":"Darkstone Periapt"},{"floor":45,"key":"MawBank"},{"floor":55,"key":"Anchor"}],"event_choices":[{"damage_healed":0,"gold_gain":0,"player_choice":"1 cards matched","damage_taken":0,"max_hp_gain":0,"max_hp_loss":0,"event_name":"Match and Keep!","floor":3,"gold_loss":0,"cards_obtained":["Dash"]},{"damage_healed":0,"gold_gain":0,"player_choice":"Fought Bandits","damage_taken":0,"max_hp_gain":0,"max_hp_loss":0,"event_name":"Masked Bandits","floor":19,"gold_loss":0},{"damage_healed":0,"gold_gain":0,"player_choice":"0 cards matched","damage_taken":0,"max_hp_gain":0,"max_hp_loss":0,"event_name":"Match and Keep!","floor":21,"gold_loss":0,"cards_obtained":[]},{"damage_healed":15,"gold_gain":0,"player_choice":"Writhe","damage_taken":0,"max_hp_gain":0,"max_hp_loss":0,"event_name":"Winding Halls","floor":36,"gold_loss":0,"cards_obtained":["Writhe"]},{"damage_healed":0,"gold_gain":222,"player_choice":"Wore Mask","damage_taken":0,"max_hp_gain":0,"max_hp_loss":0,"event_name":"Tomb of Lord Red Mask","floor":37,"gold_loss":0},{"damage_healed":0,"gold_gain":0,"player_choice":"Fight","damage_taken":0,"max_hp_gain":0,"max_hp_loss":0,"event_name":"MindBloom","floor":39,"gold_loss":0},{"cards_removed":["Flying Knee"],"damage_healed":0,"gold_gain":0,"player_choice":"Removed Attack","damage_taken":0,"max_hp_gain":0,"max_hp_loss":0,"event_name":"Falling","floor":46,"gold_loss":0}],"is_beta":false,"boss_relics":[{"not_picked":["HoveringKite","Ectoplasm"],"picked":"Coffee Dripper"},{"not_picked":["Pandora\u0027s Box","SlaversCollar"],"picked":"Runic Pyramid"}],"items_purged_floors":[38],"is_endless":false,"potions_floor_spawned":[5,6,8,12,14,16,19,24,30,33,40,45,48,55],"ascension_level":20,"potion_discard_per_floor":[[],[],[],[],[],[],[],[],[],[],[],[],[],[],[],[],[],[],["Regen Potion"],[],[],[],[],[],[],[],[],[],[],[],[],[],[],[],[],[],[],[],[],[],[],[],[],[],["AttackPotion"],[],["AttackPotion"],["SpeedPotion"],[],[],[],[],[],["SpeedPotion"],[],[],[]]}