{"neow_bonuses_skipped_log":["ONE_RANDOM_RARE_CARD","REMOVE_TWO","BOSS_RELIC"],"neow_costs_skipped_log":["NONE","PERCENT_DAMAGE","NONE"],"potions_obtained_entropic_brew":[[],[],[],[],[],[],[],[]],"gold_per_floor":[219,230,41,57,57,88,88,88],"floor_reached":8,"playtime":407,"items_purged":[],"score":112,"play_id":"0f879464-8769-4771-a3ca-f9a050a61806","local_time":"20240212165550","score_breakdown":["Floors Climbed (8): 40","Enemies Slain (3): 6","Exordium Elites Killed (1): 10","Bosses Slain (0): 0","Ascension (20): 56"],"is_ascension_mode":true,"potions_obtained_alchemize":[[],[],[],[],[],[],[],[]],"campfire_choices":[{"floor":7,"key":"REST"}],"lesson_learned_per_floor":[[],[],[],[],[],[],[],[]],"neow_cost":"NONE","improvable_cards":{},"seed_source_timestamp":14045119298722,"shop_contents":[{"floor":3,"relics":["Shuriken","Blue Candle","HandDrill"],"cards":["Body Slam","True Grit","Warcry","Forethought","Thinking Ahead"],"potions":["Regen Potion","DuplicationPotion"]}],"circlet_count":0,"master_deck":["AscendersBane","Strike_R","Strike_R","Strike_R","Strike_R","Strike_R","Defend_R","Defend_R","Defend_R","Defend_R","Bash","Burning Pact","Twin Strike","Feel No Pain","Iron Wave","Pommel Strike","Shrug It Off"],"potion_use_per_floor":[[],[],[],[],[],["BlessingOfTheForge","SneckoOil"],[],["SteroidPotion"]],"relics":["Burning Blood","Question Card"],"potions_floor_usage":[6,6,8],"damage_taken":[{"damage":18,"enemies":"Jaw Worm","floor":1,"turns":6},{"damage":9,"enemies":"2 Louse","floor":2,"turns":4},{"damage":3,"enemies":"Cultist","floor":4,"turns":4},{"damage":40,"enemies":"Lagavulin","floor":6,"turns":9},{"damage":47,"enemies":"Gremlin Nob","floor":8,"turns":4}],"seed_played":"609432144789656824","neow_bonus_log":{"cardsObtained":[],"cardsUpgraded":[],"cardsRemoved":[],"cardsTransformed":[],"relicsObtained":[],"maxHpGained":0,"goldGained":100,"damageTaken":0,"goldLost":0,"maxHpLost":0},"potions_obtained":[{"floor":1,"key":"SneckoOil"},{"floor":6,"key":"SteroidPotion"}],"is_trial":false,"path_per_floor":["M","M","$","M","?","E","R","E"],"character_chosen":"IRONCLAD","basemod:card_modifiers":[null,null,null,null,null,null,null,null,null,null,null,null,null,null,null,null,null],"items_purchased":["Feel No Pain","Iron Wave","BlessingOfTheForge"],"campfire_rested":1,"item_purchase_floors":[3,3,3],"current_hp_per_floor":[56,53,53,56,56,22,44,0],"gold":88,"neow_bonus":"HUNDRED_GOLD","is_prod":false,"is_daily":false,"rewards_skipped":[],"chose_seed":false,"campfire_upgraded":0,"win_rate":0,"floor_exit_playtime":[74,122,151,187,190,345,349],"timestamp":1707774950,"path_taken":["M","M","$","M","?","E","R","E"],"build_version":"2022-12-18","purchased_purges":0,"victory":false,"max_hp_per_floor":[75,75,75,75,75,75,75,75],"relic_stats":{"counters":[5,27],"Question Card":0,"obtain_stats":[{"Question Card":6,"Burning Blood":0},{"Question Card":4,"Burning Blood":0},{"Question Card":23,"Burning Blood":0}],"Burning Blood":24},"card_choices":[{"not_picked":["Twin Strike","Rampage"],"picked":"Burning Pact","floor":1},{"not_picked":["Wild Strike","Thunderclap"],"picked":"Twin Strike","floor":2},{"not_picked":["Clash","Rage"],"picked":"Pommel Strike","floor":4},{"not_picked":["Bloodletting","Feel No Pain"],"picked":"Shrug It Off","floor":6}],"player_experience":6039722,"relics_obtained":[{"floor":6,"key":"Question Card"}],"event_choices":[{"damage_healed":0,"gold_gain":0,"player_choice":"Ignored","damage_taken":0,"max_hp_gain":0,"max_hp_loss":0,"event_name":"Liars Game","floor":5,"gold_loss":0}],"is_beta":false,"boss_relics":[],"items_purged_floors":[],"is_endless":false,"potions_floor_spawned":[1,6],"killed_by":"Gremlin Nob","ascension_level":20,"potion_discard_per_floor":[[],[],[],[],[],[],[],[]]}