{"neow_bonuses_skipped_log":["THREE_CARDS","TWENTY_PERCENT_HP_BONUS","BOSS_RELIC"],"potions_obtained_entropic_brew":[[],[],[],[],[],[],[],[],[],[],[],[],[],[],[],[],[],[],[],[],[],[],[],[],[],[],[],[],[],[],[],[],[],[],[],[],[],[],[],[],[],[],[],[],[],[],[],[],[],[],[],[],[],[],[],[],[]],"neow_costs_skipped_log":["NONE","CURSE","NONE"],"gold_per_floor":[114,129,144,144,144,144,178,278,301,319,340,340,378,393,393,487,487,500,523,523,124,124,124,163,163,163,203,222,247,286,311,311,409,409,430,451,451,464,489,530,530,579,657,657,724,233,233,573,573,573,573,573,573,97,141,141],"floor_reached":57,"playtime":5439,"items_purged":["Strike_G","Strike_G","Strike_G"],"score":2785,"play_id":"a9670f33-2e16-45f3-91f7-52e4c5510e44","local_time":"20240206221123","score_breakdown":["Floors Climbed (57): 285","Enemies Slain (15): 30","Exordium Elites Killed (2): 20","City Elites Killed (3): 60","Beyond Elites Killed (2): 60","Bosses Slain (5): 750","Money Money (1544): 25","Collector (1): 25","Librarian: 25","Overkill: 25","Ascension (20): 1230","Heartbreaker: 250"],"is_ascension_mode":true,"potions_obtained_alchemize":[[],[],[],[],[],[],[],[],[],[],[],[],[],[],[],[],[],["Block Potion"],["FearPotion"],[],[],[],[],["Dexterity Potion"],[],[],["SpeedPotion"],["AttackPotion"],["LiquidBronze","Ancient Potion"],["LiquidBronze","FearPotion","GhostInAJar","Strength Potion","SkillPotion","FairyPotion","PowerPotion","SkillPotion","FairyPotion","Poison Potion","SpeedPotion","Energy Potion","Swift Potion","Fire Potion","CultistPotion","SpeedPotion","Strength Potion","Fire Potion","Strength Potion","GamblersBrew","LiquidMemories","SneckoOil","SteroidPotion","Ancient Potion","Fire Potion","Ancient Potion","Dexterity Potion","SpeedPotion","SkillPotion","EntropicBrew"],[],[],["LiquidMemories"],[],["SpeedPotion","BlessingOfTheForge","AttackPotion","CultistPotion","Explosive Potion","Fire Potion","Fire Potion"],["DuplicationPotion"],[],["PowerPotion"],["EssenceOfSteel"],["Regen Potion","Swift Potion","FairyPotion","Strength Potion"],[],["Weak Potion","SteroidPotion","LiquidBronze","Poison Potion"],[],[],["SkillPotion","Strength Potion","Regen Potion","Swift Potion"],[],[],["DistilledChaos","Block Potion","Swift Potion","SpeedPotion"],[],["DistilledChaos"],["Weak Potion","Weak Potion","SteroidPotion","Explosive Potion","Swift Potion","Weak Potion","Strength Potion","SteroidPotion","ColorlessPotion","Energy Potion","CunningPotion","Dexterity Potion","PowerPotion","SpeedPotion","Fire Potion","AttackPotion","CunningPotion","DistilledChaos","PowerPotion","AttackPotion","SkillPotion","Dexterity Potion","Fire Potion","ColorlessPotion","CunningPotion","Block Potion","Strength Potion","FearPotion","DistilledChaos","BlessingOfTheForge","CunningPotion","Explosive Potion","GamblersBrew"],[],[],[],[],["Regen Potion"],[]],"campfire_choices":[{"floor":6,"key":"REST"},{"floor":12,"key":"REST"},{"data":"Tools of the Trade","floor":15,"key":"SMITH"},{"floor":23,"key":"REST"},{"floor":25,"key":"REST"},{"floor":32,"key":"RECALL"},{"floor":41,"key":"REST"},{"floor":44,"key":"REST"},{"floor":47,"key":"REST"},{"floor":49,"key":"REST"},{"floor":53,"key":"REST"}],"lesson_learned_per_floor":[[],[],[],[],[],[],[],[],[],[],[],[],[],[],[],[],[],[],[],[],[],[],[],[],[],[],[],[],[],[],[],[],[],[],[],[],[],[],[],[],[],[],[],[],[],[],[],[],[],[],[],[],[],[],[],[],[]],"neow_cost":"NONE","improvable_cards":{},"seed_source_timestamp":9707155546089,"shop_contents":[{"floor":21,"relics":["Juzu Bracelet"],"cards":["Flying Knee","Skewer","Blade Dance","Escape Plan","Infinite Blades","Forethought","The Bomb"],"potions":["Swift Potion","Explosive Potion","Block Potion"]},{"floor":46,"relics":["Whetstone","Nunchaku"],"cards":["Slice","Blade Dance","A Thousand Cuts","Panacea","Apotheosis"],"potions":["PowerPotion","EntropicBrew","Fire Potion"]},{"floor":54,"relics":["Bronze Scales"],"cards":["Eviscerate","Unload","Outmaneuver","Caltrops","Trip","HandOfGreed"],"potions":["SteroidPotion","AttackPotion","Explosive Potion"]}],"circlet_count":0,"master_deck":["AscendersBane","Strike_G+1","Strike_G+1","Defend_G","Defend_G","Defend_G","Defend_G","Defend_G","Survivor","Neutralize","Underhanded Strike","Dash","Poisoned Stab","Tools of the Trade+1","Backstab","Terror","Calculated Gamble","Backflip","Venomology","Backflip","Backflip","Night Terror","Calculated Gamble","PiercingWail","Blade Dance","PiercingWail","Calculated Gamble","Backflip","Bouncing Flask","Burst","Outmaneuver","Apotheosis","Panache","Panacea","Backflip+1","Setup","Prepared","Tactician","Outmaneuver+1","Adrenaline","Flechettes","Sucker Punch+1","Catalyst","Adrenaline","Night Terror"],"potion_use_per_floor":[["Energy Potion"],[],[],[],[],[],["Explosive Potion"],[],[],[],[],[],[],[],[],[],[],[],["Fire Potion"],[],[],[],[],["GamblersBrew","Block Potion","GamblersBrew","Dexterity Potion"],[],[],["Block Potion","SpeedPotion"],[],["LiquidBronze"],["AttackPotion","LiquidMemories","Ancient Potion","Strength Potion","FearPotion","SkillPotion","PowerPotion","Ancient Potion","Dexterity Potion","SpeedPotion"],[],[],["CultistPotion","LiquidMemories"],[],["SpeedPotion","BlessingOfTheForge","AttackPotion","CultistPotion","Explosive Potion","Fire Potion"],["Fire Potion"],[],["DuplicationPotion"],["PowerPotion","EssenceOfSteel"],["LiquidMemories","Regen Potion","Swift Potion","Strength Potion"],[],["SteroidPotion","Weak Potion","SteroidPotion","LiquidBronze"],[],[],["Poison Potion","SkillPotion","Strength Potion","Regen Potion"],[],[],["Block Potion"],[],["SpeedPotion"],["Weak Potion","Strength Potion","SteroidPotion","ColorlessPotion","Energy Potion","Dexterity Potion","PowerPotion","SkillPotion","Dexterity Potion","ColorlessPotion","Block Potion","Explosive Potion"],[],[],[],[],["SpeedPotion","Regen Potion"],[]],"relics":["Ring of the Snake","Golden Idol","Potion Belt","Toy Ornithopter","Strawberry","Fusion Hammer","Nilry\u0027s Codex","Orrery","Akabeko","Bag of Marbles","Blood Vial","Snake Skull","Pantograph","Runic Pyramid","Ancient Tea Set","CeramicFish","FossilizedHelix","OrangePellets","Old Coin","Anchor","DollysMirror","Lantern"],"potions_floor_usage":[1,7,19,24,24,24,24,27,27,29,30,30,30,30,30,30,30,30,30,30,33,33,35,35,35,35,35,35,36,38,39,39,40,40,40,40,42,42,42,42,45,45,45,45,48,50,51,51,51,51,51,51,51,51,51,51,51,51,56,56],"damage_taken":[{"damage":1,"enemies":"2 Louse","floor":1,"turns":2},{"damage":3,"enemies":"Jaw Worm","floor":2,"turns":4},{"damage":0,"enemies":"Cultist","floor":3,"turns":4},{"damage":4,"enemies":"3 Sentries","floor":7,"turns":7},{"damage":3,"enemies":"Blue Slaver","floor":10,"turns":4},{"damage":35,"enemies":"Gremlin Gang","floor":11,"turns":5},{"damage":10,"enemies":"Lagavulin","floor":13,"turns":6},{"damage":0,"enemies":"Looter","floor":14,"turns":4},{"damage":17,"enemies":"The Guardian","floor":16,"turns":15},{"damage":20,"enemies":"2 Thieves","floor":18,"turns":4},{"damage":1,"enemies":"Spheric Guardian","floor":19,"turns":3},{"damage":36,"enemies":"Gremlin Leader","floor":24,"turns":10},{"damage":1,"enemies":"Book of Stabbing","floor":27,"turns":6},{"damage":8,"enemies":"3 Cultists","floor":28,"turns":6},{"damage":9,"enemies":"Snecko","floor":29,"turns":5},{"damage":1,"enemies":"Slavers","floor":30,"turns":62},{"damage":23,"enemies":"Cultist and Chosen","floor":31,"turns":5},{"damage":57,"enemies":"Collector","floor":33,"turns":8},{"damage":0,"enemies":"3 Shapes","floor":35,"turns":11},{"damage":4,"enemies":"Orb Walker","floor":36,"turns":3},{"damage":20,"enemies":"3 Darklings","floor":38,"turns":4},{"damage":0,"enemies":"Transient","floor":39,"turns":6},{"damage":31,"enemies":"Reptomancer","floor":40,"turns":10},{"damage":30,"enemies":"Nemesis","floor":42,"turns":7},{"damage":14,"enemies":"2 Orb Walkers","floor":45,"turns":4},{"damage":0,"enemies":"Mind Bloom Boss Battle","floor":48,"turns":15},{"damage":18,"enemies":"Time Eater","floor":50,"turns":8},{"damage":5,"enemies":"Awakened One","floor":51,"turns":29},{"damage":2,"enemies":"Shield and Spear","floor":55,"turns":9},{"damage":63,"enemies":"The Heart","floor":56,"turns":8}],"green_key_taken_log":42,"seed_played":"309453162791372189","neow_bonus_log":{"cardsObtained":[],"cardsUpgraded":[],"cardsRemoved":[],"cardsTransformed":[],"relicsObtained":[],"maxHpGained":0,"goldGained":0,"damageTaken":0,"goldLost":0,"maxHpLost":0},"potions_obtained":[{"floor":0,"key":"CultistPotion"},{"floor":0,"key":"Energy Potion"},{"floor":1,"key":"Explosive Potion"},{"floor":13,"key":"GamblersBrew"},{"floor":14,"key":"BlessingOfTheForge"},{"floor":18,"key":"Fire Potion"},{"floor":19,"key":"GamblersBrew"},{"floor":24,"key":"Block Potion"},{"floor":27,"key":"LiquidMemories"},{"floor":40,"key":"SteroidPotion"}],"is_trial":false,"path_per_floor":["M","M","M","?","?","R","E","?","T","M","M","R","E","M","R","B",null,"M","M","?","$","?","R","E","R","T","E","M","M","E","M","R","B",null,"M","M","?","M","M","E","R","E","T","R","?","$","R","?","R","B","B",null,"R","$","E","B",null],"character_chosen":"THE_SILENT","basemod:card_modifiers":[null,null,null,null,null,null,null,null,null,null,null,null,null,null,null,null,null,null,null,null,null,null,null,null,null,null,null,null,null,null,null,null,null,null,null,null,null,null,null,null,null,null,null,null,null],"items_purchased":["Orrery","Akabeko","OrangePellets","Adrenaline","Flechettes","Catalyst","Anchor","DollysMirror"],"campfire_rested":9,"item_purchase_floors":[21,21,46,46,46,54,54,54],"current_hp_per_floor":[58,55,55,55,37,55,51,51,51,48,13,31,28,28,28,11,53,33,37,16,16,6,26,10,30,30,41,35,33,67,44,44,10,53,67,66,56,43,55,61,67,57,57,67,67,67,67,67,67,49,67,67,67,67,65,21],"gold":141,"neow_bonus":"THREE_SMALL_POTIONS","is_prod":false,"is_daily":false,"rewards_skipped":[{"floor":0,"relics":[],"potions":["Energy Potion"]},{"floor":2,"relics":[],"potions":["SteroidPotion"]},{"floor":31,"relics":[],"potions":["Swift Potion"]},{"floor":38,"relics":[],"potions":["Explosive Potion"]},{"floor":45,"relics":[],"potions":["Explosive Potion"]},{"floor":48,"relics":[],"potions":["Ancient Potion"]}],"chose_seed":false,"campfire_upgraded":1,"win_rate":0,"floor_exit_playtime":[58,87,122,127,143,147,231,243,298,351,416,420,467,499,505,639,673,724,770,794,867,884,888,1105,1109,1125,1235,1330,1429,2336,2429,2434,2635,2662,2822,2911,3028,3153,3288,3553,3558,3708,3711,3715,3838,3870,3874,4151,4165,4383,4923,4933,4937,4980,5198,5439],"timestamp":1707275483,"blue_key_relic_skipped_log":{"floor":43,"relicID":"Meat on the Bone"},"path_taken":["M","M","M","?","?","R","E","?","T","M","?","R","E","M","R","BOSS","M","M","?","$","?","R","E","R","T","E","M","?","E","M","R","BOSS","M","M","?","M","M","E","R","E","T","R","?","$","R","?","R","BOSS","BOSS","R","$","E","BOSS"],"build_version":"2022-12-18","purchased_purges":3,"victory":true,"max_hp_per_floor":[66,66,66,60,60,60,60,60,60,60,60,60,67,67,67,67,67,67,67,67,67,67,67,67,67,67,67,67,67,67,67,67,67,67,67,67,67,67,67,67,67,67,67,67,67,67,67,67,67,67,67,67,67,67,67,67],"relic_stats":{"counters":[30,274],"Golden Idol":226,"Nilry\u0027s Codex":[16,31,28,132],"CeramicFish":72,"Snake Skull":[111],"Ancient Tea Set":[10],"Blood Vial":16,"OrangePellets":[8],"Pantograph":43,"obtain_stats":[{"Potion Belt":7,"Lantern":55,"Golden Idol":4,"Nilry\u0027s Codex":20,"CeramicFish":42,"Snake Skull":27,"Ancient Tea Set":40,"Akabeko":21,"Old Coin":48,"Blood Vial":26,"OrangePellets":46,"Anchor":54,"DollysMirror":54,"Strawberry":13,"Pantograph":30,"Orrery":21,"Fusion Hammer":17,"Bag of Marbles":24,"Toy Ornithopter":9,"FossilizedHelix":45,"Ring of the Snake":0,"Runic Pyramid":34},{"Potion Belt":4,"Lantern":29,"Golden Idol":3,"Nilry\u0027s Codex":11,"CeramicFish":24,"Snake Skull":13,"Ancient Tea Set":23,"Akabeko":11,"Old Coin":26,"Blood Vial":12,"OrangePellets":25,"Anchor":28,"DollysMirror":28,"Strawberry":7,"Pantograph":16,"Orrery":11,"Fusion Hammer":9,"Bag of Marbles":12,"Toy Ornithopter":4,"FossilizedHelix":25,"Ring of the Snake":0,"Runic Pyramid":18},{"Potion Belt":17,"Lantern":266,"Golden Idol":10,"Nilry\u0027s Codex":58,"CeramicFish":201,"Snake Skull":74,"Ancient Tea Set":194,"Akabeko":58,"Old Coin":220,"Blood Vial":68,"OrangePellets":205,"Anchor":257,"DollysMirror":257,"Strawberry":32,"Pantograph":147,"Orrery":58,"Fusion Hammer":51,"Bag of Marbles":68,"Toy Ornithopter":17,"FossilizedHelix":205,"Ring of the Snake":0,"Runic Pyramid":160}],"Toy Ornithopter":166,"FossilizedHelix":[57],"Ring of the Snake":[60]},"card_choices":[{"not_picked":["Dodge and Roll","Flying Knee"],"picked":"Underhanded Strike","floor":1},{"not_picked":["Accuracy","Outmaneuver"],"picked":"Dash","floor":2},{"not_picked":["Tactician","Catalyst"],"picked":"Poisoned Stab","floor":3},{"not_picked":["Deflect","Masterful Stab"],"picked":"Tools of the Trade","floor":7},{"not_picked":["PiercingWail","Blade Dance"],"picked":"Backstab","floor":10},{"not_picked":["Quick Slash","PiercingWail"],"picked":"Terror","floor":11},{"not_picked":["Dash","Dagger Throw"],"picked":"Calculated Gamble","floor":13},{"not_picked":["Poisoned Stab","Deflect"],"picked":"Backflip","floor":14},{"not_picked":["After Image","Grand Finale"],"picked":"Venomology","floor":16},{"not_picked":["Caltrops","Choke"],"picked":"Backflip","floor":18},{"not_picked":["Sucker Punch","Dagger Throw"],"picked":"Backflip","floor":19},{"not_picked":["Prepared","Masterful Stab"],"picked":"Night Terror","floor":21},{"not_picked":["Poisoned Stab","Bullet Time"],"picked":"Calculated Gamble","floor":21},{"not_picked":["Finisher","Expertise"],"picked":"PiercingWail","floor":21},{"not_picked":["Backstab","Bane"],"picked":"Blade Dance","floor":21},{"not_picked":["Terror","Underhanded Strike","Dagger Throw"],"picked":"SKIP","floor":21},{"not_picked":["Endless Agony","Setup+1"],"picked":"PiercingWail","floor":24},{"not_picked":["Sucker Punch","Leg Sweep"],"picked":"Calculated Gamble","floor":27},{"not_picked":["Concentrate","Quick Slash"],"picked":"Backflip","floor":28},{"not_picked":["Bane","Poisoned Stab","Crippling Poison"],"picked":"SKIP","floor":29},{"not_picked":["Quick Slash","Deflect"],"picked":"Bouncing Flask","floor":30},{"not_picked":["Dagger Throw","Prepared","Flying Knee"],"picked":"SKIP","floor":31},{"not_picked":["Glass Knife","Unload"],"picked":"Burst","floor":33},{"not_picked":["Skewer+1","Cloak And Dagger","Distraction"],"picked":"SKIP","floor":35},{"not_picked":["Skewer+1","Cloak And Dagger","Distraction"],"picked":"SKIP","floor":35},{"not_picked":["Dagger Throw","Deadly Poison"],"picked":"Outmaneuver","floor":36},{"not_picked":["Panacea","Forethought"],"picked":"Apotheosis","floor":37},{"not_picked":["Deep Breath","Chrysalis"],"picked":"Panache","floor":37},{"not_picked":["Purity","Chrysalis"],"picked":"Panacea","floor":37},{"not_picked":["Leg Sweep","PiercingWail"],"picked":"Backflip+1","floor":38},{"not_picked":["PiercingWail","Masterful Stab+1"],"picked":"Setup","floor":39},{"not_picked":["Dagger Throw","Dodge and Roll"],"picked":"Prepared","floor":40},{"not_picked":["Quick Slash+1","Flying Knee"],"picked":"Tactician","floor":42},{"not_picked":["Flying Knee","Calculated Gamble"],"picked":"Outmaneuver+1","floor":45},{"not_picked":["Infinite Blades","Backflip"],"picked":"Sucker Punch+1","floor":48},{"not_picked":["Distraction","Cloak And Dagger"],"picked":"Night Terror","floor":55}],"player_experience":5898434,"relics_obtained":[{"floor":7,"key":"Potion Belt"},{"floor":9,"key":"Toy Ornithopter"},{"floor":13,"key":"Strawberry"},{"floor":20,"key":"Nilry\u0027s Codex"},{"floor":24,"key":"Bag of Marbles"},{"floor":26,"key":"Blood Vial"},{"floor":27,"key":"Snake Skull"},{"floor":30,"key":"Pantograph"},{"floor":40,"key":"Ancient Tea Set"},{"floor":42,"key":"CeramicFish"},{"floor":45,"key":"FossilizedHelix"},{"floor":48,"key":"Old Coin"},{"floor":55,"key":"Lantern"}],"event_choices":[{"damage_healed":0,"gold_gain":0,"player_choice":"Lose Max HP","damage_taken":0,"relics_obtained":["Golden Idol"],"max_hp_gain":0,"max_hp_loss":6,"event_name":"Golden Idol","floor":4,"gold_loss":0},{"damage_healed":0,"gold_gain":0,"player_choice":"Entered Light","damage_taken":18,"max_hp_gain":0,"max_hp_loss":0,"event_name":"Shining Light","floor":5,"gold_loss":0,"cards_upgraded":["Strike_G","Strike_G"]},{"damage_healed":0,"gold_gain":100,"player_choice":"Gold","damage_taken":0,"max_hp_gain":0,"max_hp_loss":0,"event_name":"Wheel of Change","floor":8,"gold_loss":0},{"damage_healed":0,"gold_gain":0,"player_choice":"Obtained Book","damage_taken":21,"max_hp_gain":0,"max_hp_loss":0,"event_name":"Cursed Tome","floor":20,"gold_loss":0},{"damage_healed":0,"gold_gain":0,"player_choice":"Damaged","damage_taken":10,"max_hp_gain":0,"max_hp_loss":0,"event_name":"Wheel of Change","floor":22,"gold_loss":0},{"damage_healed":0,"gold_gain":0,"player_choice":"Memory 3","damage_taken":10,"max_hp_gain":0,"max_hp_loss":0,"event_name":"SensoryStone","floor":37,"gold_loss":0},{"damage_healed":0,"gold_gain":0,"player_choice":"Fight","damage_taken":0,"max_hp_gain":0,"max_hp_loss":0,"event_name":"Mysterious Sphere","floor":45,"gold_loss":0},{"damage_healed":0,"gold_gain":0,"player_choice":"Fight","damage_taken":0,"max_hp_gain":0,"max_hp_loss":0,"event_name":"MindBloom","floor":48,"gold_loss":0}],"is_beta":false,"boss_relics":[{"not_picked":["Tiny House","WristBlade"],"picked":"Fusion Hammer"},{"not_picked":["Snecko Eye","Philosopher\u0027s Stone"],"picked":"Runic Pyramid"}],"items_purged_floors":[21,46,54],"is_endless":false,"potions_floor_spawned":[1,2,13,14,18,19,24,27,31,38,40,45,48],"ascension_level":20,"potion_discard_per_floor":[[],[],[],[],[],[],[],[],[],[],[],[],[],[],[],[],[],["BlessingOfTheForge"],["FearPotion"],[],[],[],[],[],[],[],[],[],[],["LiquidBronze","FairyPotion","SkillPotion","FairyPotion","SpeedPotion","Poison Potion","Energy Potion","Swift Potion","Fire Potion","CultistPotion","Strength Potion","SpeedPotion","Strength Potion","Fire Potion","GamblersBrew","SneckoOil","SteroidPotion","Ancient Potion","Fire Potion","SkillPotion"],[],[],[],[],[],[],[],[],[],[],[],[],[],[],[],[],[],["FairyPotion","DistilledChaos","Swift Potion"],[],[],["DistilledChaos","Weak Potion","Swift Potion","SteroidPotion","Explosive Potion","Weak Potion","CunningPotion","Swift Potion","Fire Potion","AttackPotion","CunningPotion","DistilledChaos","PowerPotion","AttackPotion","Fire Potion","CunningPotion","Strength Potion","FearPotion","DistilledChaos","BlessingOfTheForge","CunningPotion"],[],[],[],[],[],[]]}