{"neow_bonuses_skipped_log":["TRANSFORM_CARD","TWENTY_PERCENT_HP_BONUS","BOSS_RELIC"],"neow_costs_skipped_log":["NONE","NO_GOLD","NONE"],"potions_obtained_entropic_brew":[[],[],[],[],[],[],[],[],[],[],[],[],[],[],[],[],[],[],[],[],[],[],[],[],[],[],[],[],[],[],["DistilledChaos","SkillPotion"],[],[],[],[],[],[],[],[],[],[],["Dexterity Potion","AttackPotion"],[],[],[],[],[],[],[],[],[],[],[],[],[],[],[]],"gold_per_floor":[110,123,398,47,57,90,90,120,194,229,229,249,266,285,285,361,361,375,375,392,405,405,405,436,436,436,114,139,139,154,182,182,254,254,274,289,34,53,73,100,113,139,164,183,183,203,203,203,203,203,203,203,203,90,123,123],"floor_reached":57,"playtime":4602,"items_purged":["Regret","Strike_G"],"score":3038,"play_id":"27ef954d-e8bd-45db-9de8-3d5777d1e4db","local_time":"20240204235134","score_breakdown":["Floors Climbed (57): 285","Enemies Slain (17): 34","Exordium Elites Killed (3): 30","City Elites Killed (3): 60","Beyond Elites Killed (2): 60","Bosses Slain (5): 750","Money Money (1145): 25","Librarian: 25","Champion (1): 25","Perfect (2): 100","C-c-c-combo: 25","Ascension (20): 1369","Heartbreaker: 250"],"is_ascension_mode":true,"potions_obtained_alchemize":[[],[],[],[],[],[],[],[],[],[],[],[],[],[],[],[],[],["FearPotion"],[],["SneckoOil"],["AttackPotion"],[],[],["Regen Potion"],[],[],[],["Weak Potion"],[],["Regen Potion"],["SteroidPotion"],[],["FearPotion"],[],["BlessingOfTheForge"],["Weak Potion"],[],["DistilledChaos"],["DistilledChaos"],["Block Potion"],[],["EntropicBrew"],[],["LiquidBronze"],[],["ColorlessPotion","LiquidMemories","DuplicationPotion"],[],[],[],[],[],[],[],[],[],["Dexterity Potion"],[]],"campfire_choices":[{"data":"Dagger Spray","floor":7,"key":"SMITH"},{"floor":11,"key":"REST"},{"floor":15,"key":"REST"},{"data":"Well Laid Plans","floor":23,"key":"SMITH"},{"floor":25,"key":"REST"},{"floor":29,"key":"REST"},{"data":"Footwork","floor":32,"key":"SMITH"},{"data":"Wraith Form v2","floor":45,"key":"SMITH"},{"floor":47,"key":"RECALL"},{"floor":49,"key":"REST"},{"data":"Apotheosis","floor":53,"key":"SMITH"}],"lesson_learned_per_floor":[[],[],[],[],[],[],[],[],[],[],[],[],[],[],[],[],[],[],[],[],[],[],[],[],[],[],[],[],[],[],[],[],[],[],[],[],[],[],[],[],[],[],[],[],[],[],[],[],[],[],[],[],[],[],[],[],[]],"neow_cost":"NONE","improvable_cards":{},"seed_source_timestamp":23001191201767,"shop_contents":[{"floor":4,"relics":["Pantograph","Lee\u0027s Waffle"],"cards":["Endless Agony","Grand Finale","Concentrate","Mind Blast","Secret Weapon"],"potions":["BlessingOfTheForge","SpeedPotion","DistilledChaos"]},{"floor":27,"relics":["Ninja Scroll","Bottled Lightning"],"cards":["Eviscerate","Grand Finale","Crippling Poison","Blade Dance","Infinite Blades","Impatience","Transmutation"],"potions":["SpeedPotion","Dexterity Potion"]},{"floor":37,"relics":["Tough Bandages","WingedGreaves","Cauldron"],"cards":["Flechettes","Skewer","Setup","Accuracy","Flash of Steel"],"potions":["SteroidPotion","CultistPotion","Weak Potion"]},{"floor":54,"relics":["Mango","Bird Faced Urn","Strange Spoon"],"cards":["Dagger Spray","Skewer","Deadly Poison","Catalyst","Caltrops","Deep Breath","Secret Technique"],"potions":["SneckoOil","PowerPotion"]}],"circlet_count":0,"master_deck":["AscendersBane","Strike_G","Strike_G","Strike_G","Strike_G","Defend_G","Defend_G","Defend_G","Defend_G+1","Defend_G","Survivor","Neutralize","Noxious Fumes","Predator","Blade Dance","Well Laid Plans+1","Skewer+1","Dagger Spray+1","Footwork+1","Deflect+1","Blade Dance","Backflip","Venomology","Crippling Poison","Deflect","Night Terror","Well Laid Plans+1","Wraith Form v2+1","Concentrate","Terror+1","Master of Strategy","Acrobatics","Leg Sweep","PiercingWail+1","Backflip","Blur","Apotheosis+1","Flash of Steel+1","Backflip+1"],"potion_use_per_floor":[["CunningPotion"],[],[],[],[],["PowerPotion"],[],[],[],["SteroidPotion"],[],[],[],[],[],[],[],[],[],["FearPotion"],["Poison Potion","SteroidPotion"],[],[],["AttackPotion"],[],[],[],["Regen Potion"],[],["Weak Potion","Regen Potion"],["Poison Potion","EntropicBrew","SkillPotion"],[],["SteroidPotion"],[],["FearPotion"],["BlessingOfTheForge"],[],["Weak Potion"],["DistilledChaos"],["DistilledChaos"],[],["GamblersBrew","LiquidMemories","EntropicBrew"],[],["AttackPotion"],[],["Fire Potion","ColorlessPotion","Dexterity Potion"],[],[],[],[],[],[],[],[],[],["GhostInAJar","Dexterity Potion","LiquidMemories"],[]],"relics":["Ring of the Snake","Akabeko","Du-Vu Doll","Centennial Puzzle","StrikeDummy","Nunchaku","Philosopher\u0027s Stone","Bag of Preparation","Lantern","Dead Branch","OrangePellets","Happy Flower","War Paint","SlaversCollar","Oddly Smooth Stone","Omamori","Whetstone"],"potions_floor_usage":[1,6,10,20,21,21,24,28,30,30,31,31,31,33,35,36,38,39,40,42,42,42,44,46,46,46,56,56,56],"damage_taken":[{"damage":0,"enemies":"Small Slimes","floor":1,"turns":2},{"damage":1,"enemies":"Cultist","floor":2,"turns":4},{"damage":5,"enemies":"2 Louse","floor":5,"turns":4},{"damage":21,"enemies":"Lagavulin","floor":6,"turns":8},{"damage":12,"enemies":"3 Sentries","floor":8,"turns":3},{"damage":11,"enemies":"Lagavulin","floor":10,"turns":6},{"damage":6,"enemies":"Blue Slaver","floor":12,"turns":4},{"damage":7,"enemies":"Exordium Wildlife","floor":13,"turns":2},{"damage":9,"enemies":"Exordium Thugs","floor":14,"turns":3},{"damage":0,"enemies":"Slime Boss","floor":16,"turns":7},{"damage":19,"enemies":"Shell Parasite","floor":18,"turns":5},{"damage":14,"enemies":"2 Thieves","floor":20,"turns":4},{"damage":0,"enemies":"Snake Plant","floor":21,"turns":3},{"damage":64,"enemies":"Book of Stabbing","floor":24,"turns":6},{"damage":16,"enemies":"Slavers","floor":28,"turns":5},{"damage":1,"enemies":"Cultist and Chosen","floor":30,"turns":8},{"damage":2,"enemies":"Book of Stabbing","floor":31,"turns":5},{"damage":19,"enemies":"Automaton","floor":33,"turns":9},{"damage":1,"enemies":"3 Shapes","floor":35,"turns":8},{"damage":0,"enemies":"3 Darklings","floor":36,"turns":8},{"damage":1,"enemies":"Writhing Mass","floor":38,"turns":9},{"damage":0,"enemies":"Spire Growth","floor":39,"turns":9},{"damage":0,"enemies":"Reptomancer","floor":40,"turns":9},{"damage":0,"enemies":"Transient","floor":41,"turns":6},{"damage":14,"enemies":"Nemesis","floor":42,"turns":7},{"damage":15,"enemies":"4 Shapes","floor":44,"turns":7},{"damage":0,"enemies":"Writhing Mass","floor":46,"turns":9},{"damage":3,"enemies":"Awakened One","floor":50,"turns":16},{"damage":0,"enemies":"Time Eater","floor":51,"turns":12},{"damage":1,"enemies":"Shield and Spear","floor":55,"turns":9},{"damage":21,"enemies":"The Heart","floor":56,"turns":12}],"green_key_taken_log":42,"seed_played":"-7823042158253816530","neow_bonus_log":{"cardsObtained":[],"cardsUpgraded":[],"cardsRemoved":[],"cardsTransformed":[],"relicsObtained":[],"maxHpGained":0,"goldGained":0,"damageTaken":0,"goldLost":0,"maxHpLost":0},"potions_obtained":[{"floor":0,"key":"CunningPotion"},{"floor":0,"key":"PowerPotion"},{"floor":2,"key":"LiquidBronze"},{"floor":8,"key":"SteroidPotion"},{"floor":13,"key":"Poison Potion"},{"floor":14,"key":"SneckoOil"},{"floor":20,"key":"SteroidPotion"},{"floor":30,"key":"EntropicBrew"},{"floor":39,"key":"GamblersBrew"},{"floor":40,"key":"LiquidMemories"},{"floor":44,"key":"Fire Potion"}],"is_trial":false,"path_per_floor":["M","M","?","$","M","E","R","E","T","E","R","M","M","M","R","B",null,"M","?","M","M","?","R","E","R","T","$","E","R","M","E","R","B",null,"M","M","$","M","M","E","M","E","T","M","R","M","R","?","R","B","B",null,"R","$","E","B",null],"character_chosen":"THE_SILENT","basemod:card_modifiers":[null,null,null,null,null,null,null,null,null,null,null,null,null,null,null,null,null,null,null,null,null,null,null,null,null,null,null,null,null,null,null,null,null,null,null,null,null,null,null],"items_purchased":["Akabeko","Blade Dance","Well Laid Plans","OrangePellets","Poison Potion","Master of Strategy","Acrobatics","GhostInAJar"],"campfire_rested":5,"item_purchase_floors":[4,4,4,27,27,37,37,54],"current_hp_per_floor":[59,58,58,58,53,32,32,20,20,9,28,22,15,6,25,25,56,37,37,23,23,66,66,2,21,21,21,19,38,52,50,50,31,57,56,56,56,55,55,55,55,41,41,26,26,26,26,16,35,32,32,58,58,58,57,36],"gold":123,"neow_bonus":"THREE_SMALL_POTIONS","is_prod":false,"is_daily":false,"rewards_skipped":[{"floor":0,"relics":[],"potions":["GamblersBrew"]},{"floor":38,"relics":[],"potions":["Poison Potion"]},{"floor":55,"relics":[],"potions":["Strength Potion"]}],"chose_seed":false,"campfire_upgraded":5,"win_rate":0,"floor_exit_playtime":[48,77,80,102,142,238,271,329,332,411,416,449,478,533,537,641,670,745,758,825,882,902,912,1020,1025,1028,1069,1167,1171,1282,1401,1412,1597,1640,1794,1978,2003,2201,2358,2591,2725,2974,2978,3159,3165,3359,3363,3376,3379,3699,3989,4000,4010,4101,4300,4602],"timestamp":1707108694,"blue_key_relic_skipped_log":{"floor":43,"relicID":"Pen Nib"},"path_taken":["M","M","?","$","M","E","R","E","T","E","R","M","?","M","R","BOSS","M","?","M","?","?","R","E","R","T","$","E","R","?","E","R","BOSS","M","M","$","M","M","E","M","E","T","M","R","M","R","?","R","BOSS","BOSS","R","$","E","BOSS"],"build_version":"2022-12-18","purchased_purges":2,"victory":true,"max_hp_per_floor":[66,66,66,66,66,66,66,66,66,66,66,66,66,66,66,66,66,66,66,66,66,66,66,66,66,66,66,66,66,66,66,66,66,66,66,66,66,66,66,66,66,66,66,66,66,66,66,66,66,66,66,66,66,66,66,66],"relic_stats":{"OrangePellets":[49],"Centennial Puzzle":[54],"Nunchaku":[44],"Happy Flower":[47],"counters":[31,209],"Dead Branch":[310],"Bag of Preparation":[40],"Omamori":0,"Whetstone":["Flash of Steel","Skewer"],"War Paint":["Defend_G","Deflect"],"obtain_stats":[{"Lantern":24,"Happy Flower":28,"Dead Branch":26,"Oddly Smooth Stone":40,"Bag of Preparation":19,"Omamori":42,"Whetstone":55,"War Paint":31,"Akabeko":4,"Du-Vu Doll":6,"OrangePellets":27,"SlaversCollar":34,"Centennial Puzzle":8,"Nunchaku":10,"Philosopher\u0027s Stone":17,"StrikeDummy":9,"Ring of the Snake":0},{"Lantern":14,"Happy Flower":15,"Dead Branch":14,"Oddly Smooth Stone":23,"Bag of Preparation":11,"Omamori":25,"Whetstone":30,"War Paint":17,"Akabeko":2,"Du-Vu Doll":4,"OrangePellets":14,"SlaversCollar":18,"Centennial Puzzle":5,"Nunchaku":6,"Philosopher\u0027s Stone":10,"StrikeDummy":5,"Ring of the Snake":0},{"Lantern":61,"Happy Flower":66,"Dead Branch":61,"Oddly Smooth Stone":131,"Bag of Preparation":48,"Omamori":144,"Whetstone":197,"War Paint":79,"Akabeko":6,"Du-Vu Doll":18,"OrangePellets":61,"SlaversCollar":88,"Centennial Puzzle":21,"Nunchaku":27,"Philosopher\u0027s Stone":43,"StrikeDummy":21,"Ring of the Snake":0}],"Ring of the Snake":[62]},"card_choices":[{"not_picked":["Flechettes","Sucker Punch"],"picked":"Noxious Fumes","floor":1},{"not_picked":["Acrobatics","Bane"],"picked":"Predator","floor":2},{"not_picked":["Slice","Dodge and Roll"],"picked":"Skewer","floor":5},{"not_picked":["Finisher","Poisoned Stab"],"picked":"Dagger Spray","floor":6},{"not_picked":["Heel Hook","Quick Slash"],"picked":"Footwork","floor":8},{"not_picked":["Burst","Cloak And Dagger"],"picked":"Deflect","floor":10},{"not_picked":["Deflect","Acrobatics"],"picked":"Blade Dance","floor":12},{"not_picked":["Sucker Punch","Underhanded Strike"],"picked":"Backflip","floor":13},{"not_picked":["Dodge and Roll","Tactician"],"picked":"Escape Plan","floor":14},{"not_picked":["Tools of the Trade","Phantasmal Killer"],"picked":"Venomology","floor":16},{"not_picked":["Slice","Poisoned Stab","Setup"],"picked":"SKIP","floor":18},{"not_picked":["Blade Dance","Poisoned Stab+1","Reflex+1"],"picked":"SKIP","floor":20},{"not_picked":["Infinite Blades","Sucker Punch","Deadly Poison"],"picked":"SKIP","floor":21},{"not_picked":["Bouncing Flask","Quick Slash"],"picked":"Crippling Poison","floor":24},{"not_picked":["Underhanded Strike","All Out Attack"],"picked":"Deflect","floor":28},{"not_picked":["Catalyst","Blade Dance"],"picked":"Night Terror","floor":30},{"not_picked":["Bane","Reflex"],"picked":"Well Laid Plans+1","floor":31},{"not_picked":["Envenom","Bullet Time"],"picked":"Wraith Form v2","floor":33},{"not_picked":["Acrobatics","Cloak And Dagger+1"],"picked":"Concentrate","floor":35},{"not_picked":["Acrobatics","Well Laid Plans"],"picked":"Terror+1","floor":36},{"not_picked":["Prepared","Setup"],"picked":"Leg Sweep","floor":38},{"not_picked":["Dagger Throw","Poisoned Stab","Cloak And Dagger"],"picked":"SKIP","floor":39},{"not_picked":["Dagger Throw","Crippling Poison","Prepared"],"picked":"SKIP","floor":40},{"not_picked":["Flechettes","Unload"],"picked":"PiercingWail+1","floor":41},{"not_picked":["Glass Knife","Quick Slash","Dagger Spray"],"picked":"SKIP","floor":42},{"not_picked":["Skewer","Quick Slash"],"picked":"Backflip","floor":44},{"not_picked":["Dagger Throw","Flying Knee"],"picked":"Blur","floor":46},{"not_picked":["Purity","Discovery"],"picked":"Apotheosis","floor":48},{"not_picked":["The Bomb","Deep Breath"],"picked":"Flash of Steel","floor":48},{"not_picked":["Impatience","Jack Of All Trades","Madness"],"picked":"SKIP","floor":48},{"not_picked":["Blade Dance","Underhanded Strike"],"picked":"Backflip+1","floor":55}],"player_experience":5865549,"relics_obtained":[{"floor":6,"key":"Du-Vu Doll"},{"floor":8,"key":"Centennial Puzzle"},{"floor":9,"key":"StrikeDummy"},{"floor":10,"key":"Nunchaku"},{"floor":19,"key":"Bag of Preparation"},{"floor":24,"key":"Lantern"},{"floor":26,"key":"Dead Branch"},{"floor":28,"key":"Happy Flower"},{"floor":31,"key":"War Paint"},{"floor":40,"key":"Oddly Smooth Stone"},{"floor":42,"key":"Omamori"},{"floor":55,"key":"Whetstone"}],"event_choices":[{"damage_healed":0,"gold_gain":275,"player_choice":"Desecrate","damage_taken":0,"max_hp_gain":0,"max_hp_loss":0,"event_name":"Golden Shrine","floor":3,"gold_loss":0,"cards_obtained":["Regret"]},{"damage_healed":0,"gold_gain":0,"player_choice":"Relic","damage_taken":0,"max_hp_gain":0,"max_hp_loss":0,"event_name":"Wheel of Change","floor":19,"gold_loss":0},{"cards_removed":["Escape Plan"],"damage_healed":43,"gold_gain":0,"player_choice":"Offered Uncommon","damage_taken":0,"max_hp_gain":0,"max_hp_loss":0,"event_name":"Bonfire Elementals","floor":22,"gold_loss":0},{"damage_healed":0,"gold_gain":0,"player_choice":"Memory 3","damage_taken":10,"max_hp_gain":0,"max_hp_loss":0,"event_name":"SensoryStone","floor":48,"gold_loss":0}],"is_beta":false,"boss_relics":[{"not_picked":["WristBlade","Sozu"],"picked":"Philosopher\u0027s Stone"},{"not_picked":["Astrolabe","Cursed Key"],"picked":"SlaversCollar"}],"items_purged_floors":[4,27],"is_endless":false,"potions_floor_spawned":[2,8,13,14,20,30,38,39,40,44,55],"ascension_level":20,"potion_discard_per_floor":[[],[],[],[],[],[],[],[],[],[],[],[],[],["LiquidBronze"],[],[],[],["SneckoOil"],[],["SneckoOil"],[],[],[],[],[],[],[],[],[],[],[],[],[],[],[],[],[],[],["DistilledChaos"],["Block Potion"],[],[],[],["LiquidBronze"],[],[],[],[],[],[],[],[],[],["DuplicationPotion"],[],[],[]]}