{"neow_bonuses_skipped_log":["UPGRADE_CARD","THREE_SMALL_POTIONS","THREE_RARE_CARDS"],"neow_costs_skipped_log":["NONE","NONE","NO_GOLD"],"potions_obtained_entropic_brew":[[],[],[],[],[],[],[],[],[],[],[],[],[],[],[],[],[],[],[],[],[],[],[],[],[],[],[],[],[],[],[],[],[],[],[],[],[],[],[],[],[],[],[],[],[],[],[],[],[],[],[],[],[],[],[],[],[]],"gold_per_floor":[115,134,6,6,21,21,50,50,126,26,26,36,66,78,78,153,153,167,167,57,75,75,75,19,44,44,44,62,94,108,128,128,202,202,215,225,225,243,255,255,275,305,305,305,8,18,18,28,28,28,28,28,28,28,54,54],"floor_reached":57,"playtime":2822,"items_purged":["Defend_P","Defend_P","Normality"],"score":2893,"play_id":"7c87675d-b543-4879-bb12-c298e8f9d82d","local_time":"20240212164842","score_breakdown":["Floors Climbed (57): 285","Enemies Slain (17): 34","Exordium Elites Killed (2): 20","City Elites Killed (2): 40","Beyond Elites Killed (1): 30","Bosses Slain (5): 750","Speedster: 25","Champion (3): 75","Perfect (1): 50","C-c-c-combo: 25","Ascension (20): 1309","Heartbreaker: 250"],"is_ascension_mode":true,"potions_obtained_alchemize":[[],[],[],[],[],[],[],[],[],[],[],[],[],[],[],[],[],[],[],[],[],[],[],[],[],[],[],[],[],[],[],[],[],[],[],[],[],[],[],[],[],[],[],[],[],[],[],[],[],[],[],[],[],[],[],[],[]],"campfire_choices":[{"data":"Eruption","floor":6,"key":"SMITH"},{"data":"EmptyFist","floor":8,"key":"SMITH"},{"data":"MentalFortress","floor":15,"key":"SMITH"},{"data":"FlurryOfBlows","floor":23,"key":"SMITH"},{"data":"Study","floor":32,"key":"SMITH"},{"floor":40,"key":"RECALL"},{"data":"CutThroughFate","floor":44,"key":"SMITH"},{"data":"Vigilance","floor":49,"key":"SMITH"},{"data":"FearNoEvil","floor":53,"key":"SMITH"}],"lesson_learned_per_floor":[[],[],[],[],[],[],[],[],[],[],[],[],[],[],[],[],[],[],[],[],[],[],[],[],[],[],[],[],[],[],[],[],[],[],[],[],[],[],[],[],[],[],[],[],[],[],[],[],[],[],[],[],[],[],[],[],[]],"neow_cost":"NONE","improvable_cards":{},"seed_source_timestamp":11160792306853,"shop_contents":[{"floor":3,"relics":["Tiny Chest","Blood Vial","Cauldron"],"cards":["EmptyFist","Crescendo","Prostrate","Wireheading","Jack Of All Trades","Metamorphosis"],"potions":["ColorlessPotion","FearPotion","Fire Potion"]},{"floor":10,"relics":["Gambling Chip","Shovel","Medical Kit"],"cards":["TalkToTheHand","Wallop","ClearTheMind+1","PathToVictory+1","Fasting2","Good Instincts+1","Thinking Ahead+1"],"potions":["LiquidMemories","AttackPotion","DistilledChaos"]},{"floor":24,"relics":["Ginger","Ornamental Fan","Frozen Eye"],"cards":["SashWhip","FlurryOfBlows","PathToVictory+1","ClearTheMind+1","Fasting2","Bandage Up+1","Transmutation+1"],"potions":["GamblersBrew","Block Potion"]},{"floor":45,"relics":["Bronze Scales","TheAbacus"],"cards":["BowlingBash","FearNoEvil","PathToVictory+1","WreathOfFlame+1","Fasting2","PanicButton+1","Magnetism"],"potions":["Dexterity Potion","Dexterity Potion","GamblersBrew"]},{"floor":54,"relics":["Unceasing Top","Oddly Smooth Stone","Melange"],"cards":["CrushJoints","Wallop","Evaluate+1","Protect+1","BattleHymn","Trip+1","Master of Strategy+1"],"potions":["SkillPotion","ColorlessPotion","Dexterity Potion"]}],"circlet_count":0,"master_deck":["AscendersBane","Strike_P","Strike_P+1","Eruption+1","Vigilance+1","FearNoEvil+1","EmptyFist+1","FlurryOfBlows+1","MentalFortress+1","Study+1","ReachHeaven","DeceiveReality+1","CutThroughFate+1","Vault+1","EmptyMind+1","Crescendo+1","TalkToTheHand+1","EmptyMind+1","Tantrum+1","CutThroughFate+1"],"potion_use_per_floor":[[],[],[],[],[],[],[],[],[],[],[],[],["Regen Potion"],[],[],[],[],[],[],[],["AttackPotion"],[],[],[],["SteroidPotion"],[],[],[],[],[],[],[],[],[],[],[],[],[],["GamblersBrew"],[],[],[],[],[],[],[],[],[],[],[],[],[],[],[],["SteroidPotion"],["DuplicationPotion","StancePotion"],[]],"relics":["Coffee Dripper","Mercury Hourglass","Toxic Egg 2","Letter Opener","Cursed Key","Damaru","Art of War","VioletLotus","Juzu Bracelet","Bag of Preparation","Bag of Marbles"],"potions_floor_usage":[13,21,25,39,55,56,56],"damage_taken":[{"damage":0,"enemies":"Cultist","floor":1,"turns":3},{"damage":0,"enemies":"2 Louse","floor":2,"turns":3},{"damage":7,"enemies":"Jaw Worm","floor":5,"turns":3},{"damage":16,"enemies":"Gremlin Nob","floor":7,"turns":4},{"damage":10,"enemies":"Gremlin Gang","floor":12,"turns":2},{"damage":0,"enemies":"Lagavulin","floor":13,"turns":4},{"damage":0,"enemies":"Lots of Slimes","floor":14,"turns":2},{"damage":0,"enemies":"Slime Boss","floor":16,"turns":4},{"damage":0,"enemies":"Spheric Guardian","floor":18,"turns":2},{"damage":9,"enemies":"Shell Parasite","floor":21,"turns":2},{"damage":0,"enemies":"Gremlin Leader","floor":25,"turns":3},{"damage":0,"enemies":"Sentry and Sphere","floor":28,"turns":3},{"damage":9,"enemies":"Book of Stabbing","floor":29,"turns":4},{"damage":11,"enemies":"Chosen and Byrds","floor":30,"turns":4},{"damage":0,"enemies":"3 Cultists","floor":31,"turns":2},{"damage":6,"enemies":"Automaton","floor":33,"turns":6},{"damage":0,"enemies":"3 Darklings","floor":35,"turns":3},{"damage":0,"enemies":"Orb Walker","floor":36,"turns":3},{"damage":0,"enemies":"Maw","floor":38,"turns":6},{"damage":0,"enemies":"Transient","floor":39,"turns":7},{"damage":0,"enemies":"Spire Growth","floor":41,"turns":3},{"damage":0,"enemies":"Reptomancer","floor":42,"turns":4},{"damage":0,"enemies":"4 Shapes","floor":46,"turns":10},{"damage":0,"enemies":"Transient","floor":48,"turns":6},{"damage":6,"enemies":"Donu and Deca","floor":50,"turns":7},{"damage":2,"enemies":"Awakened One","floor":51,"turns":8},{"damage":8,"enemies":"Shield and Spear","floor":55,"turns":3},{"damage":44,"enemies":"The Heart","floor":56,"turns":9}],"green_key_taken_log":25,"seed_played":"-6594235199798696925","neow_bonus_log":{"cardsObtained":[],"cardsUpgraded":[],"cardsRemoved":[],"cardsTransformed":[],"relicsObtained":["Coffee Dripper"],"maxHpGained":0,"goldGained":0,"damageTaken":0,"goldLost":0,"maxHpLost":0},"potions_obtained":[{"floor":2,"key":"Regen Potion"},{"floor":7,"key":"SteroidPotion"},{"floor":16,"key":"AttackPotion"},{"floor":25,"key":"SkillPotion"},{"floor":29,"key":"DuplicationPotion"},{"floor":33,"key":"GamblersBrew"},{"floor":39,"key":"DuplicationPotion"},{"floor":55,"key":"StancePotion"}],"is_trial":false,"path_per_floor":["M","M","$","?","M","R","E","R","T","$","?","M","E","M","R","B",null,"M","?","?","M","?","R","$","E","T","T","M","E","M","M","R","B",null,"M","M","?","M","M","R","M","E","T","R","$","M","T","M","R","B","B",null,"R","$","E","B",null],"character_chosen":"WATCHER","basemod:card_modifiers":[null,null,null,null,null,null,null,null,null,null,null,null,null,null,null,null,null,null,null,null],"items_purchased":["FlurryOfBlows","SteroidPotion","Bag of Preparation"],"campfire_rested":0,"item_purchase_floors":[3,24,45],"current_hp_per_floor":[61,61,61,61,54,54,38,38,38,38,38,28,40,40,40,40,61,61,61,61,52,52,52,52,52,52,52,52,43,32,32,32,26,58,58,58,58,58,58,58,58,58,58,58,58,58,58,58,58,52,50,64,64,64,56,12],"gold":54,"neow_bonus":"BOSS_RELIC","is_prod":false,"is_daily":false,"rewards_skipped":[{"floor":35,"relics":[],"potions":["AttackPotion"]},{"floor":42,"relics":[],"potions":["SmokeBomb"]}],"chose_seed":false,"campfire_upgraded":8,"win_rate":0,"floor_exit_playtime":[285,314,325,329,377,384,438,445,449,460,463,491,540,562,571,621,666,688,694,710,777,782,792,804,859,868,870,906,974,1035,1074,1083,1202,1225,1275,1324,1326,1457,1597,1601,1656,1767,1773,1780,1789,1896,1899,1989,1998,2158,2346,2357,2364,2368,2518,2822],"timestamp":1707774522,"blue_key_relic_skipped_log":{"floor":43,"relicID":"Centennial Puzzle"},"path_taken":["M","M","$","?","M","R","E","R","T","$","?","M","E","M","R","BOSS","M","?","?","M","?","R","$","E","T","?","M","E","M","M","R","BOSS","M","M","?","M","M","R","M","E","T","R","$","M","?","M","R","BOSS","BOSS","R","$","E","BOSS"],"build_version":"2022-12-18","purchased_purges":3,"victory":true,"max_hp_per_floor":[68,68,68,68,68,68,68,68,68,68,68,68,68,68,68,68,68,68,68,68,68,68,68,68,68,68,68,68,68,68,68,68,68,68,68,68,68,68,68,68,68,68,68,68,68,68,68,68,68,68,68,68,68,68,68,68],"relic_stats":{"counters":[28,120],"VioletLotus":[52],"Art of War":[9],"Juzu Bracelet":0,"Bag of Preparation":[12],"Letter Opener":[217],"Cursed Key":1,"obtain_stats":[{"Damaru":25,"VioletLotus":34,"Coffee Dripper":0,"Art of War":29,"Juzu Bracelet":42,"Bag of Preparation":45,"Bag of Marbles":55,"Letter Opener":13,"PureWater":0,"Toxic Egg 2":9,"Cursed Key":17,"Mercury Hourglass":7},{"Damaru":11,"VioletLotus":16,"Coffee Dripper":0,"Art of War":13,"Juzu Bracelet":22,"Bag of Preparation":22,"Bag of Marbles":27,"Letter Opener":6,"PureWater":0,"Toxic Egg 2":4,"Cursed Key":8,"Mercury Hourglass":4},{"Damaru":32,"VioletLotus":51,"Coffee Dripper":0,"Art of War":39,"Juzu Bracelet":77,"Bag of Preparation":77,"Bag of Marbles":111,"Letter Opener":19,"PureWater":0,"Toxic Egg 2":13,"Cursed Key":25,"Mercury Hourglass":13}],"Mercury Hourglass":[462]},"card_choices":[{"not_picked":["BowlingBash","Weave"],"picked":"FearNoEvil","floor":1},{"not_picked":["SashWhip","BowlingBash"],"picked":"EmptyFist","floor":2},{"not_picked":["FearNoEvil","Swivel"],"picked":"Study","floor":5},{"not_picked":["SignatureMove","ThirdEye"],"picked":"ReachHeaven","floor":7},{"not_picked":["ForeignInfluence+1","FlyingSleeves","CrushJoints"],"picked":"SKIP","floor":12},{"not_picked":["FollowUp","Swivel+1","BowlingBash"],"picked":"SKIP","floor":14},{"not_picked":["MasterReality","Devotion","LessonLearned"],"picked":"SKIP","floor":16},{"not_picked":["Consecrate","ThirdEye+1","CrushJoints"],"picked":"SKIP","floor":18},{"not_picked":["MentalFortress","JustLucky"],"picked":"DeceiveReality+1","floor":21},{"not_picked":["ReachHeaven","BowlingBash","PathToVictory+1"],"picked":"SKIP","floor":25},{"not_picked":["Nirvana","Omniscience+1","Protect+1"],"picked":"SKIP","floor":28},{"not_picked":["Perseverance+1","ThirdEye+1"],"picked":"CutThroughFate","floor":31},{"not_picked":["SpiritShield+1","Alpha+1"],"picked":"Vault+1","floor":33},{"not_picked":["Consecrate","SignatureMove"],"picked":"EmptyMind+1","floor":35},{"not_picked":["EmptyBody+1","ClearTheMind+1"],"picked":"Crescendo+1","floor":36},{"not_picked":["WreathOfFlame+1","Crescendo+1"],"picked":"TalkToTheHand+1","floor":38},{"not_picked":["Evaluate+1","BowlingBash","FollowUp"],"picked":"SKIP","floor":39},{"not_picked":["Omniscience+1","Consecrate"],"picked":"EmptyMind+1","floor":41},{"not_picked":["ConjureBlade+1","Prostrate+1"],"picked":"Tantrum+1","floor":42},{"not_picked":["WheelKick+1","LikeWater"],"picked":"CutThroughFate+1","floor":46},{"not_picked":["EmptyFist","FollowUp","SashWhip+1"],"picked":"SKIP","floor":48},{"not_picked":["CrushJoints","Study","WreathOfFlame+1"],"picked":"SKIP","floor":55}],"player_experience":6036900,"relics_obtained":[{"floor":7,"key":"Mercury Hourglass"},{"floor":9,"key":"Toxic Egg 2"},{"floor":13,"key":"Letter Opener"},{"floor":25,"key":"Damaru"},{"floor":29,"key":"Art of War"},{"floor":42,"key":"Juzu Bracelet"},{"floor":55,"key":"Bag of Marbles"}],"event_choices":[{"damage_healed":0,"gold_gain":0,"cards_transformed":["Defend_P"],"player_choice":"Transformed","damage_taken":0,"max_hp_gain":0,"max_hp_loss":0,"event_name":"Transmorgrifier","floor":4,"gold_loss":0,"cards_obtained":["MentalFortress"]},{"damage_healed":0,"gold_gain":0,"player_choice":"Ignored","damage_taken":0,"max_hp_gain":0,"max_hp_loss":0,"event_name":"Liars Game","floor":11,"gold_loss":0},{"cards_removed":["Defend_P"],"damage_healed":0,"gold_gain":0,"player_choice":"Purged","damage_taken":0,"max_hp_gain":0,"max_hp_loss":0,"event_name":"Purifier","floor":19,"gold_loss":0},{"cards_removed":["Strike_P"],"damage_healed":0,"gold_gain":0,"player_choice":"Upgrade and Remove","damage_taken":0,"max_hp_gain":0,"max_hp_loss":0,"event_name":"Designer","floor":20,"gold_loss":110,"cards_upgraded":["Strike_P"]},{"cards_removed":["Strike_P"],"damage_healed":0,"gold_gain":0,"player_choice":"Elegance","damage_taken":0,"max_hp_gain":0,"max_hp_loss":0,"event_name":"Back to Basics","floor":22,"gold_loss":0},{"damage_healed":0,"gold_gain":0,"player_choice":"Ignored","damage_taken":0,"max_hp_gain":0,"max_hp_loss":0,"event_name":"Tomb of Lord Red Mask","floor":37,"gold_loss":0}],"is_beta":false,"boss_relics":[{"not_picked":["Snecko Eye","Busted Crown"],"picked":"Cursed Key"},{"not_picked":["Fusion Hammer","Runic Dome"],"picked":"VioletLotus"}],"items_purged_floors":[3,10,45],"is_endless":false,"potions_floor_spawned":[2,7,16,25,29,33,35,39,42,55],"ascension_level":20,"potion_discard_per_floor":[[],[],[],[],[],[],[],[],[],[],[],[],[],[],[],[],[],[],[],[],[],[],[],[],[],[],[],[],["SkillPotion"],[],[],[],["DuplicationPotion"],[],[],[],[],[],[],[],[],[],[],[],[],[],[],[],[],[],[],[],[],[],[],[],[]]}