{"neow_bonuses_skipped_log":["TRANSFORM_CARD","THREE_RARE_CARDS","BOSS_RELIC"],"potions_obtained_entropic_brew":[[],[],[],[],[],[],[],[],[],[],[],[],[],[],[],[]],"neow_costs_skipped_log":["NONE","CURSE","NONE"],"gold_per_floor":[215,232,232,246,263,263,24,58,84,104,104,104,134,153,153,153],"floor_reached":16,"playtime":530,"items_purged":["Pain"],"score":224,"play_id":"ee83977a-10d1-46c3-8b30-5ce6915cc50e","local_time":"20240209180136","score_breakdown":["Floors Climbed (16): 80","Enemies Slain (6): 12","Exordium Elites Killed (2): 20","Bosses Slain (0): 0","Ascension (20): 112"],"is_ascension_mode":true,"potions_obtained_alchemize":[[],[],[],[],[],[],[],[],[],[],[],[],[],[],[],[]],"campfire_choices":[{"data":"Perfected Strike","floor":6,"key":"SMITH"},{"floor":12,"key":"REST"},{"data":"Bash","floor":15,"key":"SMITH"}],"lesson_learned_per_floor":[[],[],[],[],[],[],[],[],[],[],[],[],[],[],[],[]],"neow_cost":"NONE","improvable_cards":{},"seed_source_timestamp":6879719870222,"shop_contents":[{"floor":7,"relics":["Champion Belt","Mummified Hand","Cauldron"],"cards":["Bludgeon","Thunderclap","Havoc","Second Wind","Jack Of All Trades","The Bomb"],"potions":["EssenceOfSteel","PowerPotion","EssenceOfSteel"]}],"circlet_count":0,"master_deck":["AscendersBane","Strike_R","Strike_R","Strike_R","Strike_R","Strike_R","Defend_R","Defend_R","Defend_R","Defend_R","Bash+1","Perfected Strike+1","Seeing Red","Anger","Corruption","Double Tap","Infernal Blade","Battle Trance"],"potion_use_per_floor":[[],[],[],[],[],[],[],["Swift Potion"],[],[],[],[],[],[],[],[]],"relics":["Burning Blood","WarpedTongs","PreservedInsect","Oddly Smooth Stone"],"potions_floor_usage":[8],"damage_taken":[{"damage":11,"enemies":"Small Slimes","floor":1,"turns":4},{"damage":1,"enemies":"Cultist","floor":2,"turns":3},{"damage":1,"enemies":"2 Louse","floor":4,"turns":2},{"damage":9,"enemies":"Blue Slaver","floor":5,"turns":2},{"damage":28,"enemies":"Gremlin Nob","floor":8,"turns":4},{"damage":28,"enemies":"Gremlin Gang","floor":10,"turns":5},{"damage":20,"enemies":"Lagavulin","floor":13,"turns":5},{"damage":0,"enemies":"Large Slime","floor":14,"turns":3},{"damage":41,"enemies":"Hexaghost","floor":16,"turns":7}],"seed_played":"-6724356330402330471","neow_bonus_log":{"cardsObtained":[],"cardsUpgraded":[],"cardsRemoved":[],"cardsTransformed":[],"relicsObtained":[],"maxHpGained":0,"goldGained":100,"damageTaken":0,"goldLost":0,"maxHpLost":0},"potions_obtained":[{"floor":4,"key":"Swift Potion"},{"floor":5,"key":"Energy Potion"}],"is_trial":false,"path_per_floor":["M","M","?","M","M","R","$","E","T","M","?","R","E","M","R","B"],"character_chosen":"IRONCLAD","basemod:card_modifiers":[null,null,null,null,null,null,null,null,null,null,null,null,null,null,null,null,null,null],"items_purchased":["Corruption"],"campfire_rested":1,"item_purchase_floors":[7],"current_hp_per_floor":[63,68,68,73,70,70,70,48,48,26,21,43,29,35,35,0],"gold":153,"neow_bonus":"HUNDRED_GOLD","is_prod":false,"is_daily":false,"rewards_skipped":[],"chose_seed":false,"campfire_upgraded":2,"win_rate":0,"floor_exit_playtime":[58,100,106,131,151,158,183,220,224,287,292,296,326,401,407],"timestamp":1707519696,"blue_key_relic_skipped_log":{"floor":9,"relicID":"Tiny Chest"},"path_taken":["M","M","?","M","?","R","$","E","T","M","?","R","E","M","R","BOSS"],"build_version":"2022-12-18","purchased_purges":1,"victory":false,"max_hp_per_floor":[75,75,75,75,75,75,75,75,75,75,75,75,75,75,75,75],"relic_stats":{"counters":[9,35],"PreservedInsect":29,"obtain_stats":[{"Oddly Smooth Stone":13,"PreservedInsect":8,"Burning Blood":0,"WarpedTongs":3},{"Oddly Smooth Stone":7,"PreservedInsect":5,"Burning Blood":0,"WarpedTongs":2},{"Oddly Smooth Stone":25,"PreservedInsect":15,"Burning Blood":0,"WarpedTongs":7}],"Burning Blood":48,"WarpedTongs":[27]},"card_choices":[{"not_picked":["Havoc","Heavy Blade"],"picked":"Perfected Strike","floor":1},{"not_picked":["Wild Strike","Uppercut"],"picked":"Seeing Red","floor":2},{"not_picked":["Whirlwind","Clothesline"],"picked":"Anger","floor":4},{"not_picked":["Rampage","True Grit"],"picked":"Double Tap","floor":8},{"not_picked":["Cleave","Iron Wave"],"picked":"Infernal Blade","floor":10},{"not_picked":["Thunderclap","Hemokinesis"],"picked":"Battle Trance","floor":13},{"not_picked":["Twin Strike","Body Slam","Sword Boomerang"],"picked":"SKIP","floor":14}],"player_experience":5941055,"relics_obtained":[{"floor":8,"key":"PreservedInsect"},{"floor":13,"key":"Oddly Smooth Stone"}],"event_choices":[{"damage_healed":0,"gold_gain":0,"player_choice":"Rummage","damage_taken":0,"relics_obtained":["WarpedTongs"],"max_hp_gain":0,"max_hp_loss":0,"event_name":"Accursed Blacksmith","floor":3,"gold_loss":0,"cards_obtained":["Pain"]},{"damage_healed":0,"gold_gain":0,"player_choice":"Fled","damage_taken":5,"max_hp_gain":0,"max_hp_loss":0,"event_name":"Scrap Ooze","floor":11,"gold_loss":0}],"is_beta":false,"boss_relics":[],"items_purged_floors":[7],"is_endless":false,"potions_floor_spawned":[4,5],"killed_by":"Hexaghost","ascension_level":20,"potion_discard_per_floor":[[],[],[],[],[],[],[],[],[],[],[],[],[],[],[],[]]}