{"neow_bonuses_skipped_log":["HUNDRED_GOLD","ONE_RARE_RELIC","BOSS_RELIC"],"neow_costs_skipped_log":["NONE","CURSE","NONE"],"potions_obtained_entropic_brew":[[],[],[],[],[],[],[],[],[],[],[],[],[],[],[],[],[],[],[],[],[],[],[],[],[],[],[],[],[],[],[],[],[],[],[],[],[],[],[],[],[],[],[],[],[],[],[],[],[],[],[],[],[],[],[],[],[]],"gold_per_floor":[117,11,24,44,62,93,93,38,38,65,65,41,66,79,79,153,153,168,168,181,212,229,261,261,88,88,107,119,154,169,181,181,253,253,272,283,300,315,537,567,567,567,567,225,238,268,268,283,283,283,283,283,283,46,71,71],"floor_reached":57,"playtime":3756,"items_purged":["Normality"],"score":2802,"play_id":"a86785bd-03d9-4046-97ca-b510c86dbf61","local_time":"20240208182712","score_breakdown":["Floors Climbed (57): 285","Enemies Slain (18): 36","Exordium Elites Killed (3): 30","City Elites Killed (2): 40","Beyond Elites Killed (2): 60","Bosses Slain (5): 750","Stuffed: 50","Champion (2): 50","Ascension (20): 1251","Heartbreaker: 250"],"is_ascension_mode":true,"potions_obtained_alchemize":[[],[],[],[],[],[],[],[],[],[],[],[],[],[],[],[],[],[],[],[],[],[],[],[],[],[],[],[],[],[],[],[],[],[],[],[],[],[],[],[],[],[],[],[],[],[],[],[],[],[],[],[],[],[],[],[],[]],"campfire_choices":[{"floor":7,"key":"REST"},{"data":"Immolate","floor":11,"key":"SMITH"},{"data":"Pommel Strike","floor":15,"key":"SMITH"},{"data":"Feel No Pain","floor":24,"key":"SMITH"},{"data":"Blood for Blood","floor":32,"key":"SMITH"},{"floor":41,"key":"RECALL"},{"floor":49,"key":"REST"},{"floor":53,"key":"REST"}],"lesson_learned_per_floor":[[],[],[],[],[],[],[],[],[],[],[],[],[],[],[],[],[],[],[],[],[],[],[],[],[],[],[],[],[],[],[],[],[],[],[],[],[],[],[],[],[],[],[],[],[],[],[],[],[],[],[],[],[],[],[],[],[]],"neow_cost":"NONE","improvable_cards":{},"seed_source_timestamp":300576884305,"shop_contents":[{"floor":8,"relics":["Blue Candle","Mummified Hand","Orrery"],"cards":["Perfected Strike","Blood for Blood","Intimidate+1","Ghostly Armor+1","Evolve","Purity+1","Thinking Ahead+1"],"potions":["Fruit Juice","CultistPotion"]},{"floor":12,"relics":["Orichalcum","PreservedInsect","Toolbox"],"cards":["Iron Wave","Pummel","Armaments+1","Rupture","Deep Breath+1","HandOfGreed"],"potions":["Explosive Potion","Energy Potion","BloodPotion"]},{"floor":25,"relics":["HornCleat","Juzu Bracelet"],"cards":["Clothesline","Wild Strike","Flex+1","Warcry+1","Berserk+1","Blind+1","HandOfGreed"],"potions":["FearPotion","SmokeBomb","ColorlessPotion"]},{"floor":44,"relics":["Blood Vial","Kunai","Cauldron"],"cards":["Sword Boomerang","Warcry+1","Entrench+1","Evolve+1","Purity+1"],"potions":["Fire Potion","HeartOfIron","SpeedPotion"]},{"floor":54,"relics":["Self Forming Clay","Pen Nib"],"cards":["Reckless Charge","Blood for Blood","Flex+1","Armaments+1","Evolve+1","Mind Blast","HandOfGreed"],"potions":["BlessingOfTheForge","SteroidPotion"]}],"circlet_count":0,"master_deck":["AscendersBane","Strike_R+1","Strike_R+1","Strike_R+1","Strike_R+1","Strike_R+1","Defend_R+1","Defend_R+1","Defend_R+1","Defend_R+1","Bash","Immolate+1","Iron Wave","Headbutt","Feel No Pain+1","Anger","Pommel Strike+1","Warcry+1","Burning Pact+1","Shrug It Off+1","Corruption+1","Shockwave+1","Havoc+1","Perfected Strike","Ghostly Armor+1","Disarm+1","Blood for Blood+1","Feed","Dual Wield+1","True Grit+1","Chrysalis+1","Pommel Strike","Feel No Pain+1","Battle Trance+1"],"potion_use_per_floor":[[],[],[],[],[],["DuplicationPotion"],[],[],[],["Fire Potion"],[],[],[],[],[],["CultistPotion"],[],[],[],[],[],[],[],[],[],[],[],[],[],["BloodPotion"],[],[],[],[],[],[],[],[],[],[],[],[],[],[],[],[],[],[],[],[],[],[],[],[],["GamblersBrew"],["DuplicationPotion","ElixirPotion"],[]],"relics":["Burning Blood","Akabeko","Toxic Egg 2","StrikeDummy","Toy Ornithopter","Frozen Egg 2","Cursed Key","Red Mask","Turnip","Frozen Eye","Paper Frog","Runic Pyramid","Letter Opener","Oddly Smooth Stone","TheAbacus","CaptainsWheel"],"potions_floor_usage":[6,10,16,30,55,56,56],"damage_taken":[{"damage":0,"enemies":"Small Slimes","floor":1,"turns":2},{"damage":6,"enemies":"Cultist","floor":3,"turns":3},{"damage":7,"enemies":"Jaw Worm","floor":4,"turns":3},{"damage":6,"enemies":"2 Fungi Beasts","floor":5,"turns":3},{"damage":42,"enemies":"Lagavulin","floor":6,"turns":8},{"damage":8,"enemies":"Gremlin Nob","floor":10,"turns":3},{"damage":17,"enemies":"Lagavulin","floor":13,"turns":4},{"damage":6,"enemies":"Lots of Slimes","floor":14,"turns":2},{"damage":19,"enemies":"Slime Boss","floor":16,"turns":7},{"damage":12,"enemies":"2 Thieves","floor":18,"turns":2},{"damage":0,"enemies":"Chosen","floor":20,"turns":3},{"damage":3,"enemies":"Masked Bandits","floor":21,"turns":3},{"damage":2,"enemies":"Centurion and Healer","floor":22,"turns":4},{"damage":7,"enemies":"Book of Stabbing","floor":23,"turns":3},{"damage":0,"enemies":"Cultist and Chosen","floor":27,"turns":3},{"damage":8,"enemies":"Snake Plant","floor":28,"turns":3},{"damage":27,"enemies":"Gremlin Leader","floor":29,"turns":7},{"damage":0,"enemies":"Centurion and Healer","floor":30,"turns":4},{"damage":4,"enemies":"Sentry and Sphere","floor":31,"turns":4},{"damage":47,"enemies":"Champ","floor":33,"turns":14},{"damage":14,"enemies":"3 Darklings","floor":35,"turns":4},{"damage":13,"enemies":"3 Shapes","floor":36,"turns":5},{"damage":0,"enemies":"Jaw Worm Horde","floor":37,"turns":5},{"damage":11,"enemies":"Sphere and 2 Shapes","floor":38,"turns":6},{"damage":0,"enemies":"Nemesis","floor":40,"turns":7},{"damage":16,"enemies":"3 Darklings","floor":45,"turns":7},{"damage":0,"enemies":"Giant Head","floor":46,"turns":8},{"damage":26,"enemies":"Transient","floor":48,"turns":6},{"damage":46,"enemies":"Awakened One","floor":50,"turns":14},{"damage":38,"enemies":"Time Eater","floor":51,"turns":11},{"damage":25,"enemies":"Shield and Spear","floor":55,"turns":8},{"damage":72,"enemies":"The Heart","floor":56,"turns":12}],"green_key_taken_log":29,"seed_played":"-4619696986690735869","neow_bonus_log":{"cardsObtained":["Immolate"],"cardsUpgraded":[],"cardsRemoved":[],"cardsTransformed":[],"relicsObtained":[],"maxHpGained":0,"goldGained":0,"damageTaken":0,"goldLost":0,"maxHpLost":0},"potions_obtained":[{"floor":5,"key":"DuplicationPotion"},{"floor":6,"key":"CultistPotion"},{"floor":10,"key":"Energy Potion"},{"floor":16,"key":"Fire Potion"},{"floor":20,"key":"BloodPotion"},{"floor":30,"key":"GamblersBrew"},{"floor":46,"key":"Energy Potion"},{"floor":55,"key":"ElixirPotion"}],"is_trial":false,"path_per_floor":["M","?","M","M","M","E","R","$","T","E","R","$","E","M","R","B",null,"M","?","M","?","M","E","R","$","T","M","M","E","M","M","R","B",null,"M","M","M","M","?","E","R","T","T","$","M","E","?","M","R","B","B",null,"R","$","E","B",null],"character_chosen":"IRONCLAD","basemod:card_modifiers":[null,null,null,null,null,null,null,null,null,null,null,null,null,null,null,null,null,null,null,null,null,null,null,null,null,null,null,null,null,null,null,null,null,null],"items_purchased":["Fire Potion","Warcry+1","Frozen Eye","Chrysalis+1","Pommel Strike","DuplicationPotion","TheAbacus"],"campfire_rested":3,"item_purchase_floors":[8,12,25,44,44,54,54],"current_hp_per_floor":[74,74,74,73,73,37,59,59,59,57,57,57,46,46,46,38,66,60,60,66,69,73,72,72,72,72,75,73,52,75,75,75,34,65,60,59,74,75,75,84,84,84,84,84,77,86,80,60,92,55,26,92,114,114,104,48],"gold":71,"neow_bonus":"ONE_RANDOM_RARE_CARD","is_prod":false,"is_daily":false,"rewards_skipped":[{"floor":13,"relics":[],"potions":["CultistPotion"]},{"floor":21,"relics":[],"potions":["BlessingOfTheForge"]},{"floor":27,"relics":[],"potions":["FearPotion"]},{"floor":31,"relics":[],"potions":["SneckoOil"]},{"floor":33,"relics":[],"potions":["Energy Potion"]},{"floor":38,"relics":[],"potions":["Weak Potion"]},{"floor":45,"relics":[],"potions":["FearPotion"]},{"floor":48,"relics":[],"potions":["SpeedPotion"]}],"chose_seed":false,"campfire_upgraded":4,"win_rate":0,"floor_exit_playtime":[97,112,141,168,196,288,293,308,312,338,344,382,421,456,462,553,578,603,624,659,720,766,823,832,859,869,949,993,1103,1167,1202,1208,1453,1487,1593,1705,1831,1936,1944,2055,2058,2066,2069,2102,2270,2398,2406,2521,2534,2838,3098,3115,3119,3157,3432,3756],"timestamp":1707434832,"blue_key_relic_skipped_log":{"floor":42,"relicID":"Happy Flower"},"path_taken":["M","?","M","M","M","E","R","$","T","E","R","$","E","M","R","BOSS","M","?","M","?","M","E","R","$","T","M","M","E","M","M","R","BOSS","M","M","M","M","?","E","R","?","T","$","M","E","?","M","R","BOSS","BOSS","R","$","E","BOSS"],"build_version":"2022-12-18","purchased_purges":1,"victory":true,"max_hp_per_floor":[75,75,75,75,75,75,75,75,75,75,75,75,75,75,75,75,75,75,75,75,75,75,75,75,75,75,75,75,75,75,75,75,75,75,78,84,93,99,99,102,102,102,102,102,105,108,108,108,108,111,114,114,114,114,120,120],"relic_stats":{"Frozen Eye":282.08676,"TheAbacus":[30],"counters":[32,178],"Turnip":[23],"Letter Opener":[132],"Cursed Key":1,"obtain_stats":[{"Oddly Smooth Stone":46,"Letter Opener":40,"Frozen Egg 2":13,"Cursed Key":17,"Burning Blood":0,"Akabeko":2,"Frozen Eye":25,"CaptainsWheel":55,"TheAbacus":54,"Turnip":23,"Red Mask":21,"Toxic Egg 2":6,"StrikeDummy":9,"Toy Ornithopter":10,"Paper Frog":29,"Runic Pyramid":34},{"Oddly Smooth Stone":27,"Letter Opener":25,"Frozen Egg 2":7,"Cursed Key":9,"Burning Blood":0,"Akabeko":1,"Frozen Eye":14,"CaptainsWheel":31,"TheAbacus":30,"Turnip":14,"Red Mask":12,"Toxic Egg 2":5,"StrikeDummy":5,"Toy Ornithopter":6,"Paper Frog":17,"Runic Pyramid":20},{"Oddly Smooth Stone":127,"Letter Opener":112,"Frozen Egg 2":26,"Cursed Key":35,"Burning Blood":0,"Akabeko":2,"Frozen Eye":50,"CaptainsWheel":166,"TheAbacus":158,"Turnip":50,"Red Mask":43,"Toxic Egg 2":19,"StrikeDummy":19,"Toy Ornithopter":22,"Paper Frog":63,"Runic Pyramid":85}],"Burning Blood":187,"Toy Ornithopter":20},"card_choices":[{"not_picked":["Sword Boomerang","Heavy Blade"],"picked":"Iron Wave","floor":1},{"not_picked":["Flex","Wild Strike","Sword Boomerang"],"picked":"SKIP","floor":3},{"not_picked":["Uppercut","Shrug It Off"],"picked":"Headbutt","floor":4},{"not_picked":["Iron Wave","Rampage"],"picked":"Feel No Pain","floor":5},{"not_picked":["Limit Break+1","Body Slam"],"picked":"Anger","floor":6},{"not_picked":["Clash","Body Slam"],"picked":"Pommel Strike","floor":10},{"not_picked":["Wild Strike","Juggernaut+1"],"picked":"Burning Pact+1","floor":13},{"not_picked":["Sword Boomerang","Spot Weakness+1"],"picked":"Shrug It Off+1","floor":14},{"not_picked":["Double Tap+1","Limit Break+1"],"picked":"Corruption+1","floor":16},{"not_picked":["Sentinel+1","Clash"],"picked":"Shockwave+1","floor":18},{"not_picked":["Heavy Blade","Clothesline"],"picked":"Havoc+1","floor":20},{"not_picked":["Anger","Twin Strike","Havoc+1"],"picked":"SKIP","floor":21},{"not_picked":["Warcry+1","Iron Wave"],"picked":"Perfected Strike","floor":27},{"not_picked":["Pummel","Sword Boomerang"],"picked":"Ghostly Armor+1","floor":28},{"not_picked":["Cleave","Whirlwind"],"picked":"Disarm+1","floor":29},{"not_picked":["Intimidate+1","Clash"],"picked":"Blood for Blood","floor":30},{"not_picked":["Twin Strike","Searing Blow","Perfected Strike"],"picked":"SKIP","floor":31},{"not_picked":["Limit Break+1","Double Tap+1"],"picked":"Feed","floor":33},{"not_picked":["Shrug It Off+1","Pummel+1"],"picked":"Dual Wield+1","floor":35},{"not_picked":["Wild Strike","Rage+1","Headbutt"],"picked":"SKIP","floor":36},{"not_picked":["Sever Soul+1","Infernal Blade+1","Perfected Strike"],"picked":"SKIP","floor":37},{"not_picked":["Twin Strike","Clash"],"picked":"True Grit+1","floor":38},{"not_picked":["Sever Soul","Wild Strike","Sword Boomerang"],"picked":"SKIP","floor":40},{"not_picked":["Thunderclap","Heavy Blade"],"picked":"Feel No Pain+1","floor":45},{"not_picked":["Blood for Blood","Wild Strike","Iron Wave"],"picked":"SKIP","floor":46},{"not_picked":["Heavy Blade+1","Limit Break+1","Pummel"],"picked":"SKIP","floor":48},{"not_picked":["Sword Boomerang","True Grit+1"],"picked":"Battle Trance+1","floor":55}],"player_experience":5926131,"relics_obtained":[{"floor":6,"key":"Toxic Egg 2"},{"floor":9,"key":"StrikeDummy"},{"floor":10,"key":"Toy Ornithopter"},{"floor":13,"key":"Frozen Egg 2"},{"floor":21,"key":"Red Mask"},{"floor":23,"key":"Turnip"},{"floor":29,"key":"Paper Frog"},{"floor":40,"key":"Letter Opener"},{"floor":46,"key":"Oddly Smooth Stone"},{"floor":55,"key":"CaptainsWheel"}],"event_choices":[{"damage_healed":0,"gold_gain":0,"player_choice":"Paid Gold","damage_taken":0,"relics_obtained":["Akabeko"],"max_hp_gain":0,"max_hp_loss":0,"event_name":"WeMeetAgain","floor":2,"gold_loss":106},{"damage_healed":0,"gold_gain":0,"player_choice":"Simplicity","damage_taken":0,"max_hp_gain":0,"max_hp_loss":0,"event_name":"Back to Basics","floor":19,"gold_loss":0,"cards_upgraded":["Strike_R","Strike_R","Strike_R","Strike_R","Strike_R","Defend_R","Defend_R","Defend_R","Defend_R"]},{"damage_healed":0,"gold_gain":0,"player_choice":"Fought Bandits","damage_taken":0,"max_hp_gain":0,"max_hp_loss":0,"event_name":"Masked Bandits","floor":21,"gold_loss":0},{"damage_healed":0,"gold_gain":222,"player_choice":"Wore Mask","damage_taken":0,"max_hp_gain":0,"max_hp_loss":0,"event_name":"Tomb of Lord Red Mask","floor":39,"gold_loss":0},{"damage_healed":0,"gold_gain":0,"player_choice":"Bought 0 Potions","damage_taken":0,"max_hp_gain":0,"max_hp_loss":0,"event_name":"The Woman in Blue","floor":47,"gold_loss":0}],"is_beta":false,"boss_relics":[{"not_picked":["Velvet Choker","Runic Dome"],"picked":"Cursed Key"},{"not_picked":["Mark of Pain","Black Star"],"picked":"Runic Pyramid"}],"items_purged_floors":[44],"is_endless":false,"potions_floor_spawned":[5,6,10,13,16,20,21,27,30,31,33,38,45,46,48,55],"ascension_level":20,"potion_discard_per_floor":[[],[],[],[],[],[],[],[],[],[],[],[],[],[],[],[],[],[],[],["Energy Potion"],[],[],[],[],[],[],[],[],[],[],[],[],[],[],[],[],[],[],[],[],[],[],[],[],[],["Fire Potion"],[],[],[],[],[],[],[],["Energy Potion"],[],[],[]]}