{"neow_bonuses_skipped_log":["UPGRADE_CARD","ONE_RARE_RELIC","BOSS_RELIC"],"potions_obtained_entropic_brew":[[],[],[],[],[],[],[],[],[],[],[],[],[],[],[],[],[],[],[],[],[],[],[],[],[],[],[],[],[],[],[],[],[]],"neow_costs_skipped_log":["NONE","NO_GOLD","NONE"],"gold_per_floor":[112,131,145,124,138,138,62,91,114,142,142,142,168,186,186,262,262,280,280,297,33,51,78,78,109,135,15,15,15,15,35,35,35],"floor_reached":33,"playtime":1962,"items_purged":["Strike_B"],"score":660,"play_id":"aad9cda4-4a39-4d90-a7bb-df80d889a20d","local_time":"20240206185637","score_breakdown":["Floors Climbed (33): 165","Enemies Slain (10): 20","Exordium Elites Killed (3): 30","City Elites Killed (2): 40","Bosses Slain (1): 50","Champion (1): 25","Ascension (20): 330"],"is_ascension_mode":true,"potions_obtained_alchemize":[[],[],[],[],[],[],[],[],[],[],[],[],[],[],[],[],[],[],[],[],[],[],[],[],[],[],[],[],[],[],[],[],[]],"campfire_choices":[{"floor":6,"key":"REST"},{"floor":11,"key":"REST"},{"data":"Turbo","floor":15,"key":"SMITH"},{"floor":24,"key":"REST"},{"floor":30,"key":"REST"},{"data":"Defragment","floor":32,"key":"SMITH"}],"lesson_learned_per_floor":[[],[],[],[],[],[],[],[],[],[],[],[],[],[],[],[],[],[],[],[],[],[],[],[],[],[],[],[],[],[],[],[],[]],"neow_cost":"NONE","improvable_cards":{},"seed_source_timestamp":1565205415779,"shop_contents":[{"floor":7,"relics":["CaptainsWheel","Toy Ornithopter","Toolbox"],"cards":["Scrape","Force Field","Leap","Storm","Flash of Steel","Chrysalis"],"potions":["AttackPotion","Regen Potion","Weak Potion"]},{"floor":21,"relics":["Darkstone Periapt","Bottled Lightning"],"cards":["Sunder","Blizzard","Rainbow","Undo","Capacitor","Purity","Violence"],"potions":["EntropicBrew","BlessingOfTheForge"]},{"floor":27,"relics":["Mercury Hourglass","Oddly Smooth Stone","OrangePellets"],"cards":["Melter","Blizzard","Consume","Mind Blast","Magnetism"],"potions":["FocusPotion","ColorlessPotion","Fire Potion"]}],"circlet_count":0,"master_deck":["AscendersBane","Strike_B","Strike_B","Strike_B","Defend_B","Defend_B","Defend_B","Defend_B","Zap","Dualcast","Coolheaded","Conserve Battery","Meteor Strike","Coolheaded","Turbo+1","FTL","Go for the Eyes","Compile Driver","Coolheaded","Skim","Rainbow","Consume","Hologram","Reinforced Body","Meteor Strike","Skim","Defragment+1","Undo","Skim"],"potion_use_per_floor":[[],[],[],[],[],[],[],[],[],["LiquidMemories"],[],[],["FearPotion"],[],[],["LiquidMemories"],[],[],[],[],[],["AttackPotion"],["AttackPotion"],[],["Energy Potion"],[],[],[],[],[],[],[],[]],"relics":["Cracked Core","Lantern","Bag of Preparation","Smiling Mask","Orichalcum","Regal Pillow","Nuclear Battery","Gremlin Horn","Runic Capacitor","Bird Faced Urn","Pen Nib","Centennial Puzzle"],"potions_floor_usage":[10,13,16,22,23,25],"damage_taken":[{"damage":7,"enemies":"Jaw Worm","floor":1,"turns":2},{"damage":0,"enemies":"Cultist","floor":2,"turns":4},{"damage":0,"enemies":"2 Louse","floor":3,"turns":2},{"damage":18,"enemies":"Exordium Thugs","floor":4,"turns":4},{"damage":8,"enemies":"2 Fungi Beasts","floor":5,"turns":4},{"damage":23,"enemies":"Lagavulin","floor":8,"turns":8},{"damage":9,"enemies":"3 Sentries","floor":10,"turns":11},{"damage":23,"enemies":"Gremlin Nob","floor":13,"turns":4},{"damage":2,"enemies":"Red Slaver","floor":14,"turns":4},{"damage":15,"enemies":"Slime Boss","floor":16,"turns":10},{"damage":10,"enemies":"2 Thieves","floor":18,"turns":3},{"damage":0,"enemies":"Spheric Guardian","floor":20,"turns":3},{"damage":32,"enemies":"Cultist and Chosen","floor":22,"turns":8},{"damage":0,"enemies":"Gremlin Leader","floor":23,"turns":7},{"damage":41,"enemies":"Slavers","floor":25,"turns":8},{"damage":0,"enemies":"3 Cultists","floor":31,"turns":8},{"damage":92,"enemies":"Champ","floor":33,"turns":16}],"seed_played":"7178013911573772854","neow_bonus_log":{"cardsObtained":[],"cardsUpgraded":[],"cardsRemoved":[],"cardsTransformed":[],"relicsObtained":["Lantern"],"maxHpGained":0,"goldGained":0,"damageTaken":0,"goldLost":0,"maxHpLost":0},"potions_obtained":[{"floor":3,"key":"LiquidMemories"},{"floor":4,"key":"FearPotion"},{"floor":14,"key":"LiquidMemories"},{"floor":16,"key":"AttackPotion"},{"floor":22,"key":"AttackPotion"},{"floor":25,"key":"Dexterity Potion"},{"floor":31,"key":"FearPotion"}],"is_trial":false,"path_per_floor":["M","M","M","M","M","R","$","E","T","E","R","?","E","M","R","B",null,"M","T","M","$","M","E","R","E","T","$","?","?","R","M","R","B"],"character_chosen":"DEFECT","basemod:card_modifiers":[null,null,null,null,null,null,null,null,null,null,null,null,null,null,null,null,null,null,null,null,null,null,null,null,null,null,null,null,null],"items_purchased":["FTL","Runic Capacitor","Energy Potion","Skim","Defragment"],"campfire_rested":4,"item_purchase_floors":[7,21,21,27,27],"current_hp_per_floor":[57,57,57,39,31,52,52,29,29,20,41,71,48,46,46,31,61,51,51,51,51,19,19,55,14,14,14,14,14,50,52,52,0],"gold":35,"neow_bonus":"RANDOM_COMMON_RELIC","is_prod":false,"is_daily":false,"rewards_skipped":[{"floor":8,"relics":[],"potions":["Weak Potion"]}],"chose_seed":false,"campfire_upgraded":2,"win_rate":0,"floor_exit_playtime":[69,129,153,201,250,270,288,356,361,461,465,477,520,558,575,753,788,849,853,903,938,1107,1272,1289,1399,1403,1413,1421,1436,1441,1595,1611],"timestamp":1707263797,"path_taken":["M","M","M","M","M","R","$","E","T","E","R","?","E","?","R","BOSS","M","?","M","$","M","E","R","E","T","$","?","?","R","M","R","BOSS"],"build_version":"2022-12-18","purchased_purges":1,"victory":false,"max_hp_per_floor":[71,71,71,71,71,71,71,71,71,71,71,71,71,71,71,71,71,71,71,71,71,71,71,71,71,71,71,71,71,71,71,71,71],"relic_stats":{"Regal Pillow":30,"Centennial Puzzle":[3],"Gremlin Horn":[10,10],"counters":[17,106],"Bird Faced Urn":[4],"Pen Nib":[4],"Bag of Preparation":[22],"Orichalcum":[84],"Smiling Mask":25,"obtain_stats":[{"Lantern":0,"Regal Pillow":13,"Centennial Puzzle":26,"Gremlin Horn":19,"Bird Faced Urn":23,"Pen Nib":25,"Bag of Preparation":8,"Runic Capacitor":21,"Orichalcum":10,"Cracked Core":0,"Smiling Mask":9,"Nuclear Battery":17},{"Lantern":0,"Regal Pillow":8,"Centennial Puzzle":15,"Gremlin Horn":11,"Bird Faced Urn":14,"Pen Nib":15,"Bag of Preparation":6,"Runic Capacitor":12,"Orichalcum":7,"Cracked Core":0,"Smiling Mask":6,"Nuclear Battery":10},{"Lantern":0,"Regal Pillow":39,"Centennial Puzzle":82,"Gremlin Horn":56,"Bird Faced Urn":74,"Pen Nib":82,"Bag of Preparation":24,"Runic Capacitor":59,"Orichalcum":35,"Cracked Core":0,"Smiling Mask":24,"Nuclear Battery":53}]},"card_choices":[{"not_picked":["Steam Power","Redo"],"picked":"Coolheaded","floor":1},{"not_picked":["Leap","Ball Lightning"],"picked":"Conserve Battery","floor":2},{"not_picked":["Turbo","Rebound"],"picked":"Meteor Strike","floor":3},{"not_picked":["Genetic Algorithm","Sweeping Beam"],"picked":"Coolheaded","floor":4},{"not_picked":["Coolheaded","Barrage"],"picked":"Turbo","floor":5},{"not_picked":["Barrage","Turbo"],"picked":"Go for the Eyes","floor":8},{"not_picked":["Rip and Tear","Turbo"],"picked":"Compile Driver","floor":10},{"not_picked":["Leap","Amplify"],"picked":"Coolheaded","floor":13},{"not_picked":["Lockon","Streamline"],"picked":"Skim","floor":14},{"not_picked":["Multi-Cast","Machine Learning"],"picked":"Rainbow","floor":16},{"not_picked":["Steam","Rebound"],"picked":"Consume","floor":18},{"not_picked":["Leap","Redo"],"picked":"Hologram","floor":20},{"not_picked":["Streamline","Ball Lightning"],"picked":"Reinforced Body","floor":22},{"not_picked":["Melter","Static Discharge","Auto Shields"],"picked":"SKIP","floor":23},{"not_picked":["Leap","Force Field"],"picked":"Meteor Strike","floor":25},{"not_picked":["Conserve Battery","Darkness","Static Discharge","Rip and Tear","Beam Cell","Coolheaded","Leap","Redo","Stack","Chill","Cold Snap","Lockon","Steam","Compile Driver","Scrape","Steam Power","Go for the Eyes","Rebound","Doom and Gloom"],"picked":"Undo","floor":28},{"not_picked":["Turbo","Leap+1","Sweeping Beam"],"picked":"SKIP","floor":31}],"player_experience":5890400,"relics_obtained":[{"floor":8,"key":"Bag of Preparation"},{"floor":9,"key":"Smiling Mask"},{"floor":10,"key":"Orichalcum"},{"floor":13,"key":"Regal Pillow"},{"floor":19,"key":"Gremlin Horn"},{"floor":23,"key":"Bird Faced Urn"},{"floor":25,"key":"Pen Nib"},{"floor":26,"key":"Centennial Puzzle"}],"event_choices":[{"damage_healed":30,"gold_gain":0,"player_choice":"Full Heal","damage_taken":0,"max_hp_gain":0,"max_hp_loss":0,"event_name":"Wheel of Change","floor":12,"gold_loss":0},{"damage_healed":0,"gold_gain":0,"player_choice":"Read","damage_taken":0,"max_hp_gain":0,"max_hp_loss":0,"event_name":"The Library","floor":28,"gold_loss":0,"cards_obtained":["Undo"]},{"damage_healed":0,"gold_gain":0,"player_choice":"Copied","damage_taken":0,"max_hp_gain":0,"max_hp_loss":0,"event_name":"Duplicator","floor":29,"gold_loss":0,"cards_obtained":["Skim"]}],"is_beta":false,"boss_relics":[{"not_picked":["Philosopher\u0027s Stone","FrozenCore"],"picked":"Nuclear Battery"}],"items_purged_floors":[21],"is_endless":false,"potions_floor_spawned":[3,4,8,14,16,22,25,31],"killed_by":"Champ","ascension_level":20,"potion_discard_per_floor":[[],[],[],[],[],[],[],[],[],[],[],[],[],[],[],[],[],[],[],[],[],[],[],[],[],[],[],[],[],[],[],[],[]]}