{"neow_bonuses_skipped_log":["TRANSFORM_CARD","THREE_SMALL_POTIONS","BOSS_RELIC"],"potions_obtained_entropic_brew":[[],[],[],[],[],[],[],[],[],[],[],[],[],[],[],[]],"neow_costs_skipped_log":["NONE","NONE","NONE"],"gold_per_floor":[14,14,39,39,52,52,73,113,113,128,128,171,185,209,209,209],"floor_reached":16,"playtime":733,"items_purged":[],"score":228,"play_id":"95bc0a48-147c-42da-811c-afb88d15348b","local_time":"20240209220748","score_breakdown":["Floors Climbed (16): 80","Enemies Slain (7): 14","Exordium Elites Killed (2): 20","Bosses Slain (0): 0","Ascension (20): 114"],"is_ascension_mode":true,"potions_obtained_alchemize":[[],[],[],[],[],[],[],[],[],[],[],[],[],[],[],["Energy Potion"]],"campfire_choices":[{"data":"Predator","floor":6,"key":"SMITH"},{"floor":11,"key":"REST"},{"data":"Blade Dance","floor":15,"key":"SMITH"}],"lesson_learned_per_floor":[[],[],[],[],[],[],[],[],[],[],[],[],[],[],[],[]],"neow_cost":"NO_GOLD","improvable_cards":{},"seed_source_timestamp":21448765878810,"shop_contents":[],"circlet_count":0,"master_deck":["AscendersBane","Strike_G","Strike_G","Strike_G","Strike_G","Strike_G","Defend_G","Defend_G","Defend_G","Defend_G","Defend_G","Survivor","Neutralize","Predator+1","Blade Dance","Blade Dance+1","Slice","Backflip","Acrobatics","Venomology"],"potion_use_per_floor":[[],[],[],[],[],[],[],["FearPotion"],[],[],[],["CunningPotion"],[],["AttackPotion"],[],["Weak Potion","Energy Potion","Swift Potion"]],"relics":["Ring of the Snake","The Specimen","Golden Idol","Vajra","White Beast Statue","Pantograph","Pear"],"potions_floor_usage":[8,12,14,16,16,16],"damage_taken":[{"damage":0,"enemies":"2 Louse","floor":1,"turns":3},{"damage":4,"enemies":"Small Slimes","floor":3,"turns":5},{"damage":2,"enemies":"Jaw Worm","floor":5,"turns":3},{"damage":8,"enemies":"Blue Slaver","floor":7,"turns":3},{"damage":12,"enemies":"Lagavulin","floor":8,"turns":7},{"damage":1,"enemies":"3 Louse","floor":10,"turns":2},{"damage":6,"enemies":"Gremlin Nob","floor":12,"turns":3},{"damage":0,"enemies":"Gremlin Gang","floor":13,"turns":5},{"damage":0,"enemies":"Lots of Slimes","floor":14,"turns":4},{"damage":53,"enemies":"Hexaghost","floor":16,"turns":11}],"seed_played":"7248485226949455490","neow_bonus_log":{"cardsObtained":[],"cardsUpgraded":[],"cardsRemoved":[],"cardsTransformed":[],"relicsObtained":["The Specimen"],"maxHpGained":0,"goldGained":0,"damageTaken":0,"goldLost":99,"maxHpLost":0},"potions_obtained":[{"floor":1,"key":"FearPotion"},{"floor":7,"key":"CunningPotion"},{"floor":8,"key":"Ancient Potion"},{"floor":10,"key":"SkillPotion"},{"floor":12,"key":"AttackPotion"},{"floor":13,"key":"Swift Potion"},{"floor":14,"key":"Weak Potion"}],"is_trial":false,"path_per_floor":["M","?","M","?","M","R","M","E","T","M","R","E","M","M","R","B"],"character_chosen":"THE_SILENT","basemod:card_modifiers":[null,null,null,null,null,null,null,null,null,null,null,null,null,null,null,null,null,null,null,null],"items_purchased":[],"campfire_rested":1,"item_purchase_floors":[],"current_hp_per_floor":[59,59,55,29,27,27,19,7,7,6,24,28,28,28,28,0],"gold":209,"neow_bonus":"ONE_RARE_RELIC","is_prod":false,"is_daily":false,"rewards_skipped":[],"chose_seed":false,"campfire_upgraded":2,"win_rate":0,"floor_exit_playtime":[212,216,249,254,281,286,326,393,395,423,427,454,521,568,578],"timestamp":1707534468,"path_taken":["M","?","M","?","M","R","M","E","T","M","R","E","M","M","R","BOSS"],"build_version":"2022-12-18","purchased_purges":0,"victory":false,"max_hp_per_floor":[66,60,60,60,60,60,60,60,60,60,60,70,70,70,70,70],"relic_stats":{"The Specimen":[0],"counters":[10,46],"Golden Idol":40,"Pantograph":25,"obtain_stats":[{"Pear":12,"The Specimen":0,"Golden Idol":2,"Pantograph":9,"Vajra":4,"White Beast Statue":8,"Ring of the Snake":0},{"Pear":7,"The Specimen":0,"Golden Idol":1,"Pantograph":5,"Vajra":2,"White Beast Statue":5,"Ring of the Snake":0},{"Pear":26,"The Specimen":0,"Golden Idol":3,"Pantograph":21,"Vajra":8,"White Beast Statue":21,"Ring of the Snake":0}],"White Beast Statue":[0.0,0.048000000000000015,0.0,0.39760000000000006,0.0,0.47040000000000015,0.0,0.08400000000000002,0.0,0.0,0.0,1.4096000000000004],"Ring of the Snake":[20]},"card_choices":[{"not_picked":["Bane","Underhanded Strike"],"picked":"Predator","floor":1},{"not_picked":["Bane","Dagger Spray"],"picked":"Blade Dance","floor":3},{"not_picked":["Bane","Outmaneuver"],"picked":"Blade Dance","floor":5},{"not_picked":["Dodge and Roll","A Thousand Cuts"],"picked":"Slice","floor":8},{"not_picked":["Dagger Throw","Cloak And Dagger","Slice"],"picked":"SKIP","floor":10},{"not_picked":["Dodge and Roll","Outmaneuver"],"picked":"Backflip","floor":12},{"not_picked":["Dagger Spray","Blade Dance"],"picked":"Acrobatics","floor":13},{"not_picked":["All Out Attack","Dagger Spray"],"picked":"Venomology","floor":14}],"player_experience":5955278,"relics_obtained":[{"floor":8,"key":"White Beast Statue"},{"floor":9,"key":"Pantograph"},{"floor":12,"key":"Pear"}],"event_choices":[{"damage_healed":0,"gold_gain":0,"player_choice":"Lose Max HP","damage_taken":0,"relics_obtained":["Golden Idol"],"max_hp_gain":0,"max_hp_loss":6,"event_name":"Golden Idol","floor":2,"gold_loss":0},{"damage_healed":0,"gold_gain":0,"player_choice":"Success","damage_taken":26,"relics_obtained":["Vajra"],"max_hp_gain":0,"max_hp_loss":0,"event_name":"Scrap Ooze","floor":4,"gold_loss":0}],"is_beta":false,"boss_relics":[],"items_purged_floors":[],"is_endless":false,"potions_floor_spawned":[1,7,8,10,12,13,14],"killed_by":"Hexaghost","ascension_level":20,"potion_discard_per_floor":[[],[],[],[],[],[],[],[],[],["Ancient Potion"],[],[],["SkillPotion"],[],[],[]]}