{"neow_bonuses_skipped_log":["RANDOM_COLORLESS","TEN_PERCENT_HP_BONUS","RANDOM_COLORLESS_2"],"potions_obtained_entropic_brew":[[],[],[],[],[],[],[],[],[],[],[],[],[],[],[],[],[],[],[],[],[],[],[],[],[],[],[],[],[],[],[],[],[],[],[],[],[],[],[],[],[],[],[],[],[],[],[],[],[],[],[],[],[],[],[],[],[]],"neow_costs_skipped_log":["NONE","NONE","PERCENT_DAMAGE"],"gold_per_floor":[117,131,151,167,14,47,47,79,132,132,158,169,69,69,69,140,140,160,179,191,207,227,256,54,68,93,106,106,106,138,153,153,224,224,236,253,44,64,82,107,118,152,176,176,195,213,213,245,245,245,245,245,245,15,43,43],"floor_reached":57,"playtime":3635,"items_purged":["Defend_P","Defend_P","Worship","PathToVictory+1"],"score":3220,"play_id":"df1e7ed5-2082-4d64-b63d-cfa058b54858","local_time":"20240203221119","falling_options_log":["Crescendo+1","LikeWater+1"],"score_breakdown":["Floors Climbed (57): 285","Enemies Slain (20): 40","Exordium Elites Killed (3): 30","City Elites Killed (2): 40","Beyond Elites Killed (3): 90","Bosses Slain (5): 750","Champion (5): 125","Perfect (2): 100","Overkill: 25","Ascension (20): 1485","Heartbreaker: 250"],"is_ascension_mode":true,"potions_obtained_alchemize":[[],[],[],[],[],[],[],[],[],[],[],[],[],[],[],[],[],[],[],[],[],[],[],[],[],[],[],[],[],[],[],[],[],[],[],[],[],[],[],[],[],[],[],[],[],[],[],[],[],[],[],[],[],[],[],[],[]],"campfire_choices":[{"data":"1","floor":7,"key":"LIFT"},{"data":"2","floor":10,"key":"LIFT"},{"data":"3","floor":15,"key":"LIFT"},{"floor":29,"key":"REST"},{"floor":32,"key":"RECALL"},{"floor":47,"key":"REST"},{"floor":49,"key":"REST"},{"floor":53,"key":"REST"}],"lesson_learned_per_floor":[[],[],[],[],[],[],[],[],[],[],[],[],[],[],[],[],[],[],["Vigilance"],["Wallop"],["LikeWater"],["LessonLearned"],["EmptyFist"],[],["Consecrate"],[],["CutThroughFate"],[],[],["Adaptation"],["Crescendo"],[],["SandsOfTime"],[],["PathToVictory"],["EmptyMind"],[],["Wireheading"],[],["Evaluate"],["Adaptation"],[],[],[],["Indignation"],["InnerPeace"],[],[],[],["EmptyMind"],[],[],[],[],["WaveOfTheHand"],[],[]],"neow_cost":"NONE","improvable_cards":{},"seed_source_timestamp":13323450854302,"shop_contents":[{"floor":5,"relics":["Ice Cream","Sundial","Toolbox"],"cards":["JustLucky","Prostrate","EmptyBody","MentalFortress","Purity","Metamorphosis"],"potions":["Dexterity Potion","StancePotion","Ancient Potion"]},{"floor":13,"relics":["Ginger","Damaru","Strange Spoon"],"cards":["Brilliance","FlurryOfBlows","EmptyMind","ClearTheMind","MasterReality","Bandage Up","Panache"],"potions":["EssenceOfSteel","BlessingOfTheForge","Swift Potion"]},{"floor":24,"relics":["Kunai","Toxic Egg 2","PrismaticShard"],"cards":["BowlingBash","FlyingSleeves","Crescendo","ThirdEye","Dark Shackles","Panache"],"potions":["AttackPotion","FearPotion","ColorlessPotion"]},{"floor":37,"relics":["TungstenRod","Chemical X"],"cards":["CrushJoints","Consecrate","EmptyMind","Halt","Enlightenment","Sadistic Nature"],"potions":["GamblersBrew","ColorlessPotion","Energy Potion"]},{"floor":54,"relics":["Pear","Mummified Hand","Medical Kit"],"cards":["FlurryOfBlows","FollowUp","Protect","LikeWater","Discovery","The Bomb"],"potions":["Block Potion","ColorlessPotion","PowerPotion"]}],"circlet_count":0,"master_deck":["AscendersBane","Eruption+1","Vigilance+1","MentalFortress+1","SandsOfTime+1","Wallop+1","CutThroughFate+1","LessonLearned+1","LikeWater+1","Consecrate+1","Evaluate+1","Crescendo+1","FearNoEvil+1","ThirdEye+1","Adaptation+1","EmptyMind+1","CutThroughFate+1","Adaptation+1","Wireheading+1","Indignation+1","InnerPeace+1","EmptyMind+1","WaveOfTheHand+1"],"potion_use_per_floor":[[],[],[],[],[],[],[],[],[],[],[],[],[],[],[],[],[],[],[],[],[],[],[],[],[],[],[],[],[],[],[],[],[],[],["LiquidMemories"],[],[],[],[],[],[],[],[],[],[],[],[],[],[],["Weak Potion"],[],[],[],[],["SteroidPotion"],["FearPotion","FearPotion"],[]],"relics":["Velvet Choker","Girya","Ornamental Fan","Bronze Scales","Art of War","Pandora\u0027s Box","Du-Vu Doll","Happy Flower","Pen Nib","Fusion Hammer","Potion Belt","Letter Opener","Regal Pillow","Dream Catcher","Eternal Feather"],"potions_floor_usage":[35,50,55,56,56],"damage_taken":[{"damage":0,"enemies":"Jaw Worm","floor":1,"turns":3},{"damage":2,"enemies":"Small Slimes","floor":2,"turns":3},{"damage":0,"enemies":"2 Louse","floor":3,"turns":2},{"damage":3,"enemies":"Gremlin Gang","floor":4,"turns":4},{"damage":0,"enemies":"Gremlin Nob","floor":6,"turns":3},{"damage":10,"enemies":"Lagavulin","floor":8,"turns":6},{"damage":0,"enemies":"Gremlin Nob","floor":11,"turns":3},{"damage":1,"enemies":"Exordium Thugs","floor":12,"turns":4},{"damage":0,"enemies":"Slime Boss","floor":16,"turns":4},{"damage":2,"enemies":"Shell Parasite","floor":18,"turns":3},{"damage":0,"enemies":"Chosen","floor":19,"turns":4},{"damage":18,"enemies":"Snake Plant","floor":20,"turns":4},{"damage":0,"enemies":"Cultist and Chosen","floor":21,"turns":4},{"damage":3,"enemies":"Shelled Parasite and Fungi","floor":22,"turns":5},{"damage":0,"enemies":"Gremlin Leader","floor":23,"turns":5},{"damage":0,"enemies":"Centurion and Healer","floor":25,"turns":4},{"damage":0,"enemies":"Chosen and Byrds","floor":27,"turns":3},{"damage":5,"enemies":"Book of Stabbing","floor":30,"turns":4},{"damage":5,"enemies":"Snake Plant","floor":31,"turns":4},{"damage":0,"enemies":"Automaton","floor":33,"turns":9},{"damage":0,"enemies":"3 Shapes","floor":35,"turns":2},{"damage":1,"enemies":"3 Darklings","floor":36,"turns":3},{"damage":8,"enemies":"Jaw Worm Horde","floor":38,"turns":3},{"damage":8,"enemies":"Transient","floor":39,"turns":6},{"damage":0,"enemies":"Reptomancer","floor":40,"turns":7},{"damage":5,"enemies":"3 Darklings","floor":41,"turns":5},{"damage":4,"enemies":"Nemesis","floor":42,"turns":5},{"damage":0,"enemies":"4 Shapes","floor":45,"turns":5},{"damage":0,"enemies":"Jaw Worm Horde","floor":46,"turns":3},{"damage":0,"enemies":"Giant Head","floor":48,"turns":5},{"damage":36,"enemies":"Time Eater","floor":50,"turns":6},{"damage":24,"enemies":"Donu and Deca","floor":51,"turns":7},{"damage":34,"enemies":"Shield and Spear","floor":55,"turns":6},{"damage":29,"enemies":"The Heart","floor":56,"turns":9}],"green_key_taken_log":11,"seed_played":"938045491653151182","neow_bonus_log":{"cardsObtained":[],"cardsUpgraded":[],"cardsRemoved":[],"cardsTransformed":[],"relicsObtained":["Velvet Choker"],"maxHpGained":0,"goldGained":0,"damageTaken":0,"goldLost":0,"maxHpLost":0},"potions_obtained":[{"floor":6,"key":"LiquidMemories"},{"floor":8,"key":"BlessingOfTheForge"},{"floor":11,"key":"SteroidPotion"},{"floor":39,"key":"LiquidBronze"},{"floor":40,"key":"FearPotion"},{"floor":42,"key":"Weak Potion"},{"floor":46,"key":"FearPotion"}],"is_trial":false,"path_per_floor":["M","M","M","M","$","E","R","E","T","R","E","M","$","?","R","B",null,"M","M","M","M","M","E","$","M","T","M","?","R","E","M","R","B",null,"M","M","$","M","M","E","M","E","T","?","M","M","R","E","R","B","B",null,"R","$","E","B",null],"character_chosen":"WATCHER","basemod:card_modifiers":[null,null,null,null,null,null,null,null,null,null,null,null,null,null,null,null,null,null,null,null,null,null,null],"items_purchased":["Wallop","Adaptation","Potion Belt","Wireheading","WaveOfTheHand"],"campfire_rested":4,"item_purchase_floors":[5,24,37,37,54],"current_hp_per_floor":[61,59,59,56,56,56,56,46,46,46,46,45,45,25,25,25,57,55,55,37,37,34,34,34,34,34,34,34,54,49,44,44,44,62,62,61,61,53,45,45,40,36,36,36,36,36,68,68,68,32,8,53,68,68,34,5],"gold":43,"neow_bonus":"BOSS_RELIC","is_prod":false,"is_daily":false,"rewards_skipped":[{"floor":16,"relics":[],"potions":["BlessingOfTheForge"]},{"floor":20,"relics":[],"potions":["LiquidBronze"]},{"floor":22,"relics":[],"potions":["DuplicationPotion"]},{"floor":27,"relics":[],"potions":["Strength Potion"]},{"floor":31,"relics":[],"potions":["Regen Potion"]},{"floor":33,"relics":[],"potions":["SkillPotion"]},{"floor":48,"relics":[],"potions":["BlessingOfTheForge"]}],"chose_seed":false,"campfire_upgraded":0,"win_rate":0,"floor_exit_playtime":[37,57,71,119,132,153,158,204,207,225,253,310,324,327,332,364,396,438,507,548,620,720,809,837,888,892,944,966,970,1031,1110,1114,1312,1330,1369,1426,1439,1477,1596,1747,1823,1972,1975,1987,2069,2131,2136,2262,2268,2439,2694,2705,2714,2775,3084,3635],"timestamp":1707016279,"blue_key_relic_skipped_log":{"floor":43,"relicID":"Omamori"},"path_taken":["M","M","M","M","$","E","R","E","T","R","E","M","$","?","R","BOSS","M","M","M","M","M","E","$","M","T","M","?","R","E","M","R","BOSS","M","M","$","M","M","E","M","E","T","?","M","M","R","E","R","BOSS","BOSS","R","$","E","BOSS"],"build_version":"2022-12-18","purchased_purges":4,"victory":true,"max_hp_per_floor":[68,68,68,68,68,68,68,68,68,68,68,68,68,68,68,68,68,68,68,68,68,68,68,68,68,68,68,68,68,68,68,68,68,68,68,68,68,68,68,68,68,68,68,68,68,68,68,68,68,68,68,68,68,68,68,68],"relic_stats":{"Girya":3,"Regal Pillow":12,"Happy Flower":[30],"counters":[34,153],"Eternal Feather":0,"Pen Nib":[18],"Letter Opener":[105],"Dream Catcher":2,"Ornamental Fan":[192],"Bronze Scales":[399],"Pandora\u0027s Box":["LikeWater","PathToVictory","Consecrate","Evaluate","Crescendo","Worship"],"Art of War":[15],"obtain_stats":[{"Potion Belt":37,"Girya":6,"Regal Pillow":42,"Happy Flower":26,"Velvet Choker":0,"Eternal Feather":55,"Pen Nib":30,"Letter Opener":40,"Du-Vu Doll":23,"Dream Catcher":48,"Ornamental Fan":8,"Bronze Scales":9,"Pandora\u0027s Box":17,"Fusion Hammer":34,"Art of War":11,"PureWater":0},{"Potion Belt":22,"Girya":5,"Regal Pillow":27,"Happy Flower":16,"Velvet Choker":0,"Eternal Feather":33,"Pen Nib":18,"Letter Opener":25,"Du-Vu Doll":15,"Dream Catcher":30,"Ornamental Fan":6,"Bronze Scales":6,"Pandora\u0027s Box":9,"Fusion Hammer":20,"Art of War":7,"PureWater":0},{"Potion Belt":86,"Girya":15,"Regal Pillow":112,"Happy Flower":61,"Velvet Choker":0,"Eternal Feather":144,"Pen Nib":68,"Letter Opener":102,"Du-Vu Doll":57,"Dream Catcher":125,"Ornamental Fan":21,"Bronze Scales":21,"Pandora\u0027s Box":32,"Fusion Hammer":81,"Art of War":24,"PureWater":0}]},"card_choices":[{"not_picked":["FlyingSleeves","ThirdEye","ForeignInfluence"],"picked":"SKIP","floor":1},{"not_picked":["FlyingSleeves","Protect"],"picked":"EmptyFist","floor":2},{"not_picked":["BowlingBash","ForeignInfluence"],"picked":"MentalFortress","floor":3},{"not_picked":["BowlingBash","SashWhip"],"picked":"SandsOfTime","floor":4},{"not_picked":["JustLucky","ThirdEye","ClearTheMind"],"picked":"SKIP","floor":6},{"not_picked":["FlyingSleeves","ThirdEye"],"picked":"CutThroughFate","floor":8},{"not_picked":["PathToVictory","Vengeance","Prostrate"],"picked":"SKIP","floor":11},{"not_picked":["WheelKick","LikeWater","CrushJoints"],"picked":"SKIP","floor":12},{"not_picked":["WheelKick","LikeWater","CrushJoints"],"picked":"SKIP","floor":12},{"not_picked":["DeusExMachina","Judgement"],"picked":"LessonLearned","floor":16},{"not_picked":["ThirdEye","Swivel"],"picked":"FearNoEvil+1","floor":18},{"not_picked":["Pray","ForeignInfluence","Evaluate"],"picked":"SKIP","floor":19},{"not_picked":["LikeWater","EmptyBody","EmptyFist"],"picked":"SKIP","floor":20},{"not_picked":["CrushJoints","CarveReality"],"picked":"ThirdEye+1","floor":21},{"not_picked":["FlyingSleeves+1","DevaForm","Nirvana"],"picked":"SKIP","floor":22},{"not_picked":["Indignation","CrushJoints","Evaluate"],"picked":"SKIP","floor":23},{"not_picked":["Prostrate","EmptyBody","SashWhip"],"picked":"SKIP","floor":25},{"not_picked":["BattleHymn","EmptyFist","Nirvana"],"picked":"SKIP","floor":27},{"not_picked":["BattleHymn","WindmillStrike"],"picked":"EmptyMind","floor":30},{"not_picked":["WreathOfFlame","FlurryOfBlows","Evaluate"],"picked":"SKIP","floor":31},{"not_picked":["Alpha","DeusExMachina","Wish"],"picked":"SKIP","floor":33},{"not_picked":["WaveOfTheHand","CrushJoints"],"picked":"CutThroughFate+1","floor":35},{"not_picked":["SashWhip","Protect"],"picked":"Adaptation","floor":36},{"not_picked":["Consecrate","BattleHymn","LikeWater"],"picked":"SKIP","floor":38},{"not_picked":["ThirdEye","FlyingSleeves+1","EmptyFist"],"picked":"SKIP","floor":39},{"not_picked":["Alpha","ClearTheMind+1","Perseverance+1"],"picked":"SKIP","floor":40},{"not_picked":["SignatureMove","CrushJoints+1","Protect+1"],"picked":"SKIP","floor":41},{"not_picked":["Wireheading","Prostrate"],"picked":"Indignation","floor":42},{"not_picked":["Collect","Halt"],"picked":"InnerPeace","floor":45},{"not_picked":["BowlingBash+1","DeusExMachina","Crescendo"],"picked":"SKIP","floor":46},{"not_picked":["Consecrate","ForeignInfluence","JustLucky"],"picked":"SKIP","floor":48},{"not_picked":["Protect","CutThroughFate"],"picked":"EmptyMind","floor":49},{"not_picked":["Swivel","Study+1","LikeWater+1"],"picked":"SKIP","floor":55}],"player_experience":5837369,"relics_obtained":[{"floor":6,"key":"Girya"},{"floor":8,"key":"Ornamental Fan"},{"floor":9,"key":"Bronze Scales"},{"floor":11,"key":"Art of War"},{"floor":23,"key":"Du-Vu Doll"},{"floor":26,"key":"Happy Flower"},{"floor":30,"key":"Pen Nib"},{"floor":40,"key":"Letter Opener"},{"floor":42,"key":"Regal Pillow"},{"floor":48,"key":"Dream Catcher"},{"floor":55,"key":"Eternal Feather"}],"event_choices":[{"damage_healed":0,"gold_gain":0,"player_choice":"Entered Light","damage_taken":20,"max_hp_gain":0,"max_hp_loss":0,"event_name":"Shining Light","floor":14,"gold_loss":0,"cards_upgraded":["Eruption","MentalFortress"]},{"damage_healed":0,"gold_gain":0,"player_choice":"Ignored","damage_taken":0,"max_hp_gain":0,"max_hp_loss":0,"event_name":"The Mausoleum","floor":28,"gold_loss":0},{"cards_removed":["EmptyFist"],"damage_healed":0,"gold_gain":0,"player_choice":"Removed Attack","damage_taken":0,"max_hp_gain":0,"max_hp_loss":0,"event_name":"Falling","floor":44,"gold_loss":0}],"is_beta":false,"boss_relics":[{"not_picked":["SlaversCollar","Sozu"],"picked":"Pandora\u0027s Box"},{"not_picked":["Tiny House","Coffee Dripper"],"picked":"Fusion Hammer"}],"items_purged_floors":[5,13,24,54],"is_endless":false,"potions_floor_spawned":[6,8,11,16,20,22,27,31,33,39,40,42,46,48],"ascension_level":20,"potion_discard_per_floor":[[],[],[],[],[],[],[],[],[],[],["BlessingOfTheForge"],[],[],[],[],[],[],[],[],[],[],[],[],[],[],[],[],[],[],[],[],[],[],[],[],[],[],[],[],[],[],[],[],[],[],["LiquidBronze"],[],[],[],[],[],[],[],[],[],[],[]]}