{"neow_bonuses_skipped_log":["THREE_CARDS","RANDOM_COMMON_RELIC","BOSS_RELIC"],"potions_obtained_entropic_brew":[[],[],[],[],[],[],[],[],[],[],[],[],[],[],[],[],[],[],[],[],[],[],[],[],[]],"neow_costs_skipped_log":["NONE","NONE","NONE"],"gold_per_floor":[364,378,396,396,407,407,429,14,14,0,16,16,50,62,62,139,139,156,156,156,134,144,171,171,171],"floor_reached":25,"playtime":1315,"items_purged":["Defend_G"],"score":471,"play_id":"64fe845e-2b10-4f4d-a13a-44ca0cab3f67","local_time":"20240206182349","score_breakdown":["Floors Climbed (25): 125","Enemies Slain (9): 18","Exordium Elites Killed (1): 10","City Elites Killed (1): 20","Bosses Slain (1): 50","Well Fed: 25","Ascension (20): 223"],"is_ascension_mode":true,"potions_obtained_alchemize":[[],[],[],[],[],[],[],[],[],[],[],[],[],[],[],[],[],[],[],[],[],[],[],[],[]],"campfire_choices":[{"floor":6,"key":"REST"},{"data":"Footwork","floor":15,"key":"SMITH"},{"floor":24,"key":"REST"}],"lesson_learned_per_floor":[[],[],[],[],[],[],[],[],[],[],[],[],[],[],[],[],[],[],[],[],[],[],[],[],[]],"neow_cost":"TEN_PERCENT_HP_LOSS","improvable_cards":{},"seed_source_timestamp":241074362914,"shop_contents":[{"floor":8,"relics":["Unceasing Top","Ancient Tea Set"],"cards":["Poisoned Stab","Grand Finale","Backflip","Blind","Transmutation"],"potions":["Energy Potion","CunningPotion"]}],"circlet_count":0,"master_deck":["AscendersBane","Strike_G","Strike_G","Strike_G+1","Strike_G","Strike_G","Defend_G","Defend_G","Defend_G","Survivor","Neutralize","Blade Dance","Glass Knife","Backflip+1","Backflip","Deflect","Footwork+1","Bouncing Flask","Leg Sweep","Deflect","PiercingWail","Die Die Die","Outmaneuver+1","Backflip"],"potion_use_per_floor":[[],[],[],[],[],["Fruit Juice"],[],[],[],[],[],[],["Block Potion"],[],[],[],[],[],[],[],[],[],["Strength Potion"],[],["FearPotion"]],"relics":["Ring of the Snake","Odd Mushroom","ClockworkSouvenir","The Courier","Pear","SlaversCollar","Mango","White Beast Statue"],"potions_floor_usage":[6,13,23,25],"damage_taken":[{"damage":1,"enemies":"Cultist","floor":1,"turns":5},{"damage":10,"enemies":"Small Slimes","floor":2,"turns":5},{"damage":0,"enemies":"Jaw Worm","floor":3,"turns":3},{"damage":11,"enemies":"Large Slime","floor":5,"turns":7},{"damage":9,"enemies":"The Mushroom Lair","floor":7,"turns":5},{"damage":1,"enemies":"Red Slaver","floor":11,"turns":4},{"damage":8,"enemies":"Lagavulin","floor":13,"turns":9},{"damage":9,"enemies":"Exordium Wildlife","floor":14,"turns":5},{"damage":20,"enemies":"The Guardian","floor":16,"turns":13},{"damage":4,"enemies":"Chosen","floor":18,"turns":7},{"damage":9,"enemies":"2 Thieves","floor":21,"turns":5},{"damage":15,"enemies":"Snake Plant","floor":22,"turns":7},{"damage":28,"enemies":"Slavers","floor":23,"turns":6},{"damage":42,"enemies":"Gremlin Leader","floor":25,"turns":6}],"green_key_taken_log":13,"seed_played":"9115247862492603422","neow_bonus_log":{"cardsObtained":[],"cardsUpgraded":[],"cardsRemoved":[],"cardsTransformed":[],"relicsObtained":[],"maxHpGained":0,"goldGained":250,"damageTaken":0,"goldLost":0,"maxHpLost":6},"potions_obtained":[{"floor":2,"key":"Fruit Juice"},{"floor":7,"key":"FearPotion"},{"floor":16,"key":"SkillPotion"},{"floor":18,"key":"Strength Potion"}],"is_trial":false,"path_per_floor":["M","M","M","?","M","R","?","$","T","?","M","?","E","M","R","B",null,"M","?","?","M","M","E","R","E"],"character_chosen":"THE_SILENT","basemod:card_modifiers":[null,null,null,null,null,null,null,null,null,null,null,null,null,null,null,null,null,null,null,null,null,null,null,null],"items_purchased":["Footwork","Bouncing Flask","ClockworkSouvenir","Block Potion"],"campfire_rested":2,"item_purchase_floors":[8,8,8,8],"current_hp_per_floor":[58,48,48,30,19,43,34,34,34,34,33,33,35,26,26,6,58,54,68,68,59,44,16,42,0],"gold":171,"neow_bonus":"TWO_FIFTY_GOLD","is_prod":false,"is_daily":false,"rewards_skipped":[],"chose_seed":false,"campfire_upgraded":1,"win_rate":0,"floor_exit_playtime":[86,161,184,187,261,275,335,397,399,405,443,461,542,599,611,734,769,832,836,855,978,1056,1134,1138],"timestamp":1707261829,"path_taken":["M","M","M","?","M","R","?","$","T","?","M","?","E","M","R","BOSS","M","?","?","M","M","E","R","E"],"build_version":"2022-12-18","purchased_purges":1,"victory":false,"max_hp_per_floor":[60,60,60,60,60,65,65,65,65,65,65,65,75,75,75,75,75,75,89,89,89,89,89,89,89],"relic_stats":{"counters":[14,87],"The Courier":0,"obtain_stats":[{"SlaversCollar":17,"Pear":13,"Mango":19,"The Courier":9,"Odd Mushroom":7,"White Beast Statue":23,"Ring of the Snake":0,"ClockworkSouvenir":8},{"SlaversCollar":9,"Pear":7,"Mango":10,"The Courier":5,"Odd Mushroom":5,"White Beast Statue":13,"Ring of the Snake":0,"ClockworkSouvenir":5},{"SlaversCollar":56,"Pear":38,"Mango":63,"The Courier":25,"Odd Mushroom":25,"White Beast Statue":81,"Ring of the Snake":0,"ClockworkSouvenir":25}],"White Beast Statue":[0.0,0.0,0.0,0.0,0.0,0.0,1.0,0.0,0.0,0.0,0.0,0.0],"Ring of the Snake":[28]},"card_choices":[{"not_picked":["Slice","Sucker Punch"],"picked":"Blade Dance","floor":1},{"not_picked":["Setup","Bane"],"picked":"Glass Knife","floor":2},{"not_picked":["Blade Dance","Slice"],"picked":"Backflip","floor":3},{"not_picked":["Dagger Throw","Choke"],"picked":"Backflip","floor":5},{"not_picked":["Underhanded Strike","Poisoned Stab"],"picked":"Deflect","floor":7},{"not_picked":["Masterful Stab","Dagger Throw"],"picked":"Leg Sweep","floor":11},{"not_picked":["Flying Knee","Eviscerate"],"picked":"Deflect","floor":13},{"not_picked":["Acrobatics","Escape Plan"],"picked":"PiercingWail","floor":14},{"not_picked":["Grand Finale","Doppelganger"],"picked":"Die Die Die","floor":16},{"not_picked":["Dodge and Roll","Dagger Throw"],"picked":"Outmaneuver+1","floor":18},{"not_picked":["Finisher","Deadly Poison","Bane"],"picked":"SKIP","floor":21},{"not_picked":["Outmaneuver","Tactician","Quick Slash"],"picked":"SKIP","floor":22},{"not_picked":["Outmaneuver","Tactician","Quick Slash"],"picked":"SKIP","floor":22},{"not_picked":["Accuracy","Dash"],"picked":"Backflip","floor":23}],"player_experience":5889085,"relics_obtained":[{"floor":7,"key":"Odd Mushroom"},{"floor":9,"key":"The Courier"},{"floor":13,"key":"Pear"},{"floor":23,"key":"White Beast Statue"}],"event_choices":[{"damage_healed":0,"gold_gain":0,"player_choice":"Entered Light","damage_taken":18,"max_hp_gain":0,"max_hp_loss":0,"event_name":"Shining Light","floor":4,"gold_loss":0,"cards_upgraded":["Strike_G","Backflip"]},{"damage_healed":0,"gold_gain":0,"player_choice":"Fought Mushrooms","damage_taken":0,"max_hp_gain":0,"max_hp_loss":0,"event_name":"Mushrooms","floor":7,"gold_loss":0},{"damage_healed":0,"gold_gain":0,"player_choice":"Left Gold","damage_taken":0,"max_hp_gain":0,"max_hp_loss":0,"event_name":"World of Goop","floor":10,"gold_loss":14},{"cards_removed":["Defend_G"],"damage_healed":0,"gold_gain":0,"player_choice":"Purged","damage_taken":0,"max_hp_gain":0,"max_hp_loss":0,"event_name":"Purifier","floor":12,"gold_loss":0},{"damage_healed":0,"gold_gain":0,"player_choice":"Opened","damage_taken":0,"relics_obtained":["Mango"],"max_hp_gain":0,"max_hp_loss":0,"event_name":"The Mausoleum","floor":19,"gold_loss":0,"cards_obtained":["Writhe"]},{"cards_removed":["Writhe"],"damage_healed":0,"gold_gain":0,"player_choice":"Purged","damage_taken":0,"max_hp_gain":0,"max_hp_loss":0,"event_name":"Purifier","floor":20,"gold_loss":0}],"is_beta":false,"boss_relics":[{"not_picked":["Black Star","Ring of the Serpent"],"picked":"SlaversCollar"}],"items_purged_floors":[8],"is_endless":false,"potions_floor_spawned":[2,7,16,18],"killed_by":"Gremlin Leader","ascension_level":20,"potion_discard_per_floor":[[],[],[],[],[],[],[],[],[],[],[],[],[],[],[],[],[],["SkillPotion"],[],[],[],[],[],[],[]]}