{"neow_bonuses_skipped_log":["THREE_CARDS","HUNDRED_GOLD","BOSS_RELIC"],"potions_obtained_entropic_brew":[[],[],[],[],[],[],[],[],[],[],[],[],[],[],[],[]],"neow_costs_skipped_log":["NONE","NONE","NONE"],"gold_per_floor":[119,119,137,151,151,151,172,172,172,206,206,1,1,41,41,41],"floor_reached":16,"playtime":577,"items_purged":[],"score":216,"play_id":"487da92a-7c36-441d-a977-9eca40ebe46c","local_time":"20240210205813","score_breakdown":["Floors Climbed (16): 80","Enemies Slain (4): 8","Exordium Elites Killed (2): 20","Bosses Slain (0): 0","Ascension (20): 108"],"is_ascension_mode":true,"potions_obtained_alchemize":[[],[],[],[],[],[],[],[],[],[],[],[],[],[],[],[]],"campfire_choices":[{"data":"Skewer","floor":6,"key":"SMITH"},{"data":"Choke","floor":8,"key":"SMITH"},{"floor":11,"key":"REST"},{"data":"Eviscerate","floor":13,"key":"SMITH"},{"floor":15,"key":"REST"}],"lesson_learned_per_floor":[[],[],[],[],[],[],[],[],[],[],[],[],[],[],[],[]],"neow_cost":"TEN_PERCENT_HP_LOSS","improvable_cards":{},"seed_source_timestamp":1774952116696,"shop_contents":[{"floor":12,"relics":["Meat on the Bone","Nunchaku"],"cards":["Dagger Spray","Setup","Escape Plan","Footwork","Mind Blast","Transmutation"],"potions":["Weak Potion","PowerPotion","SmokeBomb"]}],"circlet_count":0,"master_deck":["AscendersBane","Strike_G","Strike_G","Strike_G","Strike_G","Strike_G","Defend_G","Defend_G","Defend_G","Defend_G","Survivor","Neutralize","Slice","Acrobatics","Calculated Gamble","Skewer+1","Choke+1","Backflip","Eviscerate+1","Acrobatics"],"potion_use_per_floor":[[],[],[],[],[],[],[],[],[],[],[],[],[],["Fire Potion"],[],[]],"relics":["Ring of the Snake","TungstenRod","Golden Idol","WingedGreaves","Bottled Lightning","Membership Card","White Beast Statue"],"potions_floor_usage":[14],"damage_taken":[{"damage":0,"enemies":"2 Louse","floor":1,"turns":4},{"damage":1,"enemies":"Jaw Worm","floor":3,"turns":5},{"damage":0,"enemies":"Cultist","floor":4,"turns":3},{"damage":2,"enemies":"Blue Slaver","floor":7,"turns":4},{"damage":35,"enemies":"3 Sentries","floor":10,"turns":9},{"damage":20,"enemies":"Lagavulin","floor":14,"turns":7},{"damage":39,"enemies":"The Guardian","floor":16,"turns":12}],"seed_played":"6774069540809576271","neow_bonus_log":{"cardsObtained":[],"cardsUpgraded":[],"cardsRemoved":[],"cardsTransformed":[],"relicsObtained":["TungstenRod"],"maxHpGained":0,"goldGained":0,"damageTaken":0,"goldLost":0,"maxHpLost":6},"potions_obtained":[{"floor":1,"key":"Fire Potion"}],"is_trial":false,"path_per_floor":["M","?","M","M","?","R","M","R","T","E","R","$","R","E","R","B"],"character_chosen":"THE_SILENT","basemod:card_modifiers":[null,null,null,null,null,null,null,null,null,null,null,null,null,null,null,null,null,null,null,null],"items_purchased":["Membership Card","Eviscerate"],"campfire_rested":2,"item_purchase_floors":[12,12],"current_hp_per_floor":[59,54,53,53,53,53,51,51,51,16,32,32,32,12,28,0],"gold":41,"neow_bonus":"ONE_RARE_RELIC","is_prod":false,"is_daily":false,"rewards_skipped":[],"chose_seed":false,"campfire_upgraded":3,"win_rate":0,"floor_exit_playtime":[67,80,110,134,144,149,213,219,222,332,342,355,363,439,442],"timestamp":1707616693,"path_taken":["M","?","M","M","?","R","M","R","T","E","R","$","R","E","R","BOSS"],"build_version":"2022-12-18","purchased_purges":0,"victory":false,"max_hp_per_floor":[60,54,54,54,54,54,54,54,54,54,54,54,54,54,54,54],"relic_stats":{"counters":[7,44],"Golden Idol":26,"WingedGreaves":2,"Bottled Lightning":"Calculated Gamble","Membership Card":42,"obtain_stats":[{"Golden Idol":2,"WingedGreaves":9,"Bottled Lightning":10,"Membership Card":12,"TungstenRod":0,"White Beast Statue":14,"Ring of the Snake":0},{"Golden Idol":1,"WingedGreaves":4,"Bottled Lightning":5,"Membership Card":5,"TungstenRod":0,"White Beast Statue":6,"Ring of the Snake":0},{"Golden Idol":4,"WingedGreaves":16,"Bottled Lightning":25,"Membership Card":25,"TungstenRod":0,"White Beast Statue":32,"Ring of the Snake":0}],"TungstenRod":20,"White Beast Statue":[0.0,0.0,0.0,0.0,0.0,0.0,0.0,0.0,1.0,0.0,0.0,0.0],"Ring of the Snake":[14]},"card_choices":[{"not_picked":["Expertise","Quick Slash"],"picked":"Slice","floor":1},{"not_picked":["Quick Slash","Finisher"],"picked":"Acrobatics","floor":3},{"not_picked":["Prepared","Dagger Spray"],"picked":"Calculated Gamble","floor":4},{"not_picked":["Flechettes","Poisoned Stab"],"picked":"Choke","floor":7},{"not_picked":["Calculated Gamble","Slice"],"picked":"Backflip","floor":10},{"not_picked":["Dodge and Roll","Die Die Die"],"picked":"Acrobatics","floor":14}],"player_experience":5979711,"relics_obtained":[{"floor":9,"key":"WingedGreaves"},{"floor":10,"key":"Bottled Lightning"},{"floor":14,"key":"White Beast Statue"}],"event_choices":[{"damage_healed":0,"gold_gain":0,"player_choice":"Lose Max HP","damage_taken":0,"relics_obtained":["Golden Idol"],"max_hp_gain":0,"max_hp_loss":6,"event_name":"Golden Idol","floor":2,"gold_loss":0},{"damage_healed":0,"gold_gain":0,"cards_transformed":["Defend_G"],"player_choice":"Transformed","damage_taken":0,"max_hp_gain":0,"max_hp_loss":0,"event_name":"Transmorgrifier","floor":5,"gold_loss":0,"cards_obtained":["Skewer"]}],"is_beta":false,"boss_relics":[],"items_purged_floors":[],"is_endless":false,"potions_floor_spawned":[1],"killed_by":"The Guardian","ascension_level":20,"potion_discard_per_floor":[[],[],[],[],[],[],[],[],[],[],[],[],[],[],[],[]]}