{"neow_bonuses_skipped_log":["ONE_RANDOM_RARE_CARD","THREE_SMALL_POTIONS","BOSS_RELIC"],"neow_costs_skipped_log":["NONE","NONE","NONE"],"potions_obtained_entropic_brew":[[],[],[],[],[],[],[],[],[],[],[],[],[],[],[],[],[],[],[],[],[],[],[],[],[],[],[],[],[],[],[],[],[],[],[],[],[],[],[],[],[],[],[],[],[],[],[],[],[],[],[],[],[],[],[],[],[]],"gold_per_floor":[111,36,49,49,62,62,94,106,132,147,147,158,158,178,178,252,252,268,11,11,29,79,108,108,120,120,120,154,154,167,14,14,91,91,102,113,113,128,128,128,161,206,206,206,238,77,116,141,141,141,141,141,141,41,66,66],"floor_reached":57,"playtime":4391,"items_purged":["Doubt","Strike_R"],"score":2760,"play_id":"eff36188-fdbd-4988-b2f4-28b61fd29824","local_time":"20240204191256","score_breakdown":["Floors Climbed (57): 285","Enemies Slain (15): 30","Exordium Elites Killed (1): 10","City Elites Killed (2): 40","Beyond Elites Killed (3): 90","Bosses Slain (5): 750","Champion (1): 25","Overkill: 25","Ascension (20): 1255","Heartbreaker: 250"],"is_ascension_mode":true,"potions_obtained_alchemize":[[],[],[],[],[],[],[],[],[],[],[],[],[],[],[],[],[],[],[],[],[],[],[],[],[],[],[],[],[],[],[],[],[],[],[],[],[],[],[],[],[],[],[],[],[],[],[],[],[],[],[],[],[],[],[],[],[]],"campfire_choices":[{"data":"Battle Trance","floor":6,"key":"SMITH"},{"floor":11,"key":"REST"},{"data":"Pommel Strike","floor":13,"key":"SMITH"},{"data":"Power Through","floor":15,"key":"SMITH"},{"floor":24,"key":"REST"},{"data":"Battle Trance","floor":27,"key":"SMITH"},{"floor":29,"key":"REST"},{"data":"Burning Pact","floor":32,"key":"SMITH"},{"floor":40,"key":"RECALL"},{"floor":44,"key":"REST"},{"floor":49,"key":"REST"},{"floor":53,"key":"REST"}],"lesson_learned_per_floor":[[],[],[],[],[],[],[],[],[],[],[],[],[],[],[],[],[],[],[],[],[],[],[],[],[],[],[],[],[],[],[],[],[],[],[],[],[],[],[],[],[],[],[],[],[],[],[],[],[],[],[],[],[],[],[],[],[]],"neow_cost":"TEN_PERCENT_HP_LOSS","improvable_cards":{},"seed_source_timestamp":6506598176331,"shop_contents":[{"floor":19,"relics":["Kunai","Whetstone"],"cards":["Body Slam","Twin Strike","Flex","Warcry","Metallicize","Secret Technique"],"potions":["SpeedPotion","SpeedPotion","ElixirPotion"]},{"floor":31,"relics":["Bronze Scales","Matryoshka","OrangePellets"],"cards":["Thunderclap","Pummel","Bloodletting","Evolve","Dramatic Entrance","Sadistic Nature"],"potions":["ColorlessPotion","Weak Potion","SpeedPotion"]},{"floor":46,"relics":["HornCleat","Magic Flower"],"cards":["Perfected Strike","Dropkick","Havoc","True Grit","Berserk+1","Impatience","Master of Strategy"],"potions":["Block Potion","Dexterity Potion","SteroidPotion"]},{"floor":54,"relics":["Happy Flower","White Beast Statue","HandDrill"],"cards":["Sword Boomerang","Whirlwind","Dual Wield","Intimidate","Metallicize+1","Purity","Apotheosis"],"potions":["LiquidBronze","Weak Potion","Explosive Potion"]}],"circlet_count":0,"master_deck":["AscendersBane","Strike_R","Defend_R","Defend_R","Defend_R","Bash","Heavy Blade","Demon Form","Headbutt","Battle Trance+1","Pommel Strike+1","Disarm","Metallicize","Power Through+1","Impervious","Anger","Flash of Steel","Evolve","Battle Trance+1","Bloodletting","Shrug It Off","Burning Pact+1","Fiend Fire","Clothesline","Power Through","Secret Technique","Discovery","Discovery","Second Wind","Reaper","Clumsy","Feed","Second Wind","Sword Boomerang+1"],"potion_use_per_floor":[[],[],[],[],[],[],["AttackPotion"],[],[],[],[],[],[],[],[],["Weak Potion"],[],[],[],[],[],[],[],[],[],[],[],[],[],[],[],[],[],[],[],[],[],[],[],[],[],[],[],[],[],[],[],[],[],[],[],[],[],[],[],["Swift Potion","FairyPotion"],[]],"relics":["Burning Blood","Nunchaku","Pen Nib","Cursed Key","Toolbox","Blood Vial","Pantograph","Lantern","Fusion Hammer","Bottled Flame","StoneCalendar","Frozen Egg 2","ClockworkSouvenir","CeramicFish","Oddly Smooth Stone"],"potions_floor_usage":[7,16,56],"damage_taken":[{"damage":14,"enemies":"Jaw Worm","floor":1,"turns":5},{"damage":16,"enemies":"Small Slimes","floor":3,"turns":4},{"damage":1,"enemies":"Cultist","floor":5,"turns":3},{"damage":39,"enemies":"Gremlin Nob","floor":7,"turns":4},{"damage":16,"enemies":"Lots of Slimes","floor":8,"turns":6},{"damage":7,"enemies":"Blue Slaver","floor":10,"turns":4},{"damage":7,"enemies":"Exordium Thugs","floor":12,"turns":3},{"damage":0,"enemies":"Exordium Wildlife","floor":14,"turns":4},{"damage":32,"enemies":"Slime Boss","floor":16,"turns":8},{"damage":0,"enemies":"Spheric Guardian","floor":18,"turns":5},{"damage":13,"enemies":"2 Thieves","floor":21,"turns":4},{"damage":40,"enemies":"Slavers","floor":23,"turns":7},{"damage":0,"enemies":"Snecko","floor":25,"turns":5},{"damage":38,"enemies":"Book of Stabbing","floor":28,"turns":6},{"damage":11,"enemies":"Centurion and Healer","floor":30,"turns":6},{"damage":27,"enemies":"Champ","floor":33,"turns":11},{"damage":6,"enemies":"3 Shapes","floor":35,"turns":6},{"damage":0,"enemies":"Orb Walker","floor":36,"turns":2},{"damage":3,"enemies":"Spire Growth","floor":38,"turns":6},{"damage":3,"enemies":"Nemesis","floor":41,"turns":5},{"damage":17,"enemies":"2 Orb Walkers","floor":42,"turns":7},{"damage":43,"enemies":"Giant Head","floor":45,"turns":7},{"damage":25,"enemies":"Nemesis","floor":47,"turns":9},{"damage":15,"enemies":"Maw","floor":48,"turns":9},{"damage":49,"enemies":"Donu and Deca","floor":50,"turns":10},{"damage":90,"enemies":"Awakened One","floor":51,"turns":21},{"damage":54,"enemies":"Shield and Spear","floor":55,"turns":7},{"damage":126,"enemies":"The Heart","floor":56,"turns":11}],"green_key_taken_log":41,"seed_played":"5248525184149188418","neow_bonus_log":{"cardsObtained":["Heavy Blade","Demon Form"],"cardsUpgraded":[],"cardsRemoved":[],"cardsTransformed":["Strike_R","Defend_R"],"relicsObtained":[],"maxHpGained":0,"goldGained":0,"damageTaken":0,"goldLost":0,"maxHpLost":7},"potions_obtained":[{"floor":3,"key":"FearPotion"},{"floor":5,"key":"AttackPotion"},{"floor":8,"key":"Weak Potion"},{"floor":16,"key":"FairyPotion"},{"floor":33,"key":"Swift Potion"}],"is_trial":false,"path_per_floor":["M","?","M","?","M","R","E","M","T","M","R","M","R","M","R","B",null,"M","$","T","M","?","E","R","M","T","R","E","R","M","$","R","B",null,"M","M","?","M","?","R","E","?","T","R","E","$","E","M","R","B","B",null,"R","$","E","B",null],"character_chosen":"IRONCLAD","basemod:card_modifiers":[null,null,null,null,null,null,null,null,null,null,null,null,null,null,null,null,null,null,null,null,null,null,null,null,null,null,null,null,null,null,null,null,null,null],"items_purchased":["Toolbox","Flash of Steel","Burning Pact","ClockworkSouvenir"],"campfire_rested":6,"item_purchase_floors":[19,19,31,46],"current_hp_per_floor":[60,60,50,50,55,55,22,12,12,11,31,30,30,36,36,10,54,60,60,60,53,47,13,33,41,41,41,11,31,28,28,28,34,60,62,68,58,63,63,63,68,57,57,68,31,31,72,67,76,54,11,62,79,79,82,9],"gold":66,"neow_bonus":"TRANSFORM_TWO_CARDS","is_prod":false,"is_daily":false,"rewards_skipped":[{"floor":14,"relics":[],"potions":["EssenceOfSteel"]},{"floor":21,"relics":[],"potions":["BloodPotion"]},{"floor":23,"relics":[],"potions":["Block Potion"]},{"floor":30,"relics":[],"potions":["SkillPotion"]},{"floor":35,"relics":[],"potions":["Fire Potion"]},{"floor":38,"relics":[],"potions":["EssenceOfSteel"]},{"floor":41,"relics":[],"potions":["LiquidBronze"]}],"chose_seed":false,"campfire_upgraded":5,"win_rate":0,"floor_exit_playtime":[75,83,136,152,176,204,283,360,376,425,431,489,497,572,591,781,817,889,910,917,994,998,1102,1105,1177,1181,1190,1272,1276,1342,1364,1379,1632,1650,1771,1838,1856,1932,1935,1940,2095,2247,2253,2262,2469,2492,2691,2875,2879,3107,3698,3709,3713,3782,4021,4391],"timestamp":1707091976,"blue_key_relic_skipped_log":{"floor":43,"relicID":"Bag of Preparation"},"path_taken":["M","?","M","?","M","R","E","M","T","M","R","M","R","M","R","BOSS","M","$","?","?","?","E","R","M","T","R","E","R","M","?","R","BOSS","M","M","?","M","?","R","E","?","T","R","E","$","E","M","R","BOSS","BOSS","R","$","E","BOSS"],"build_version":"2022-12-18","purchased_purges":2,"victory":true,"max_hp_per_floor":[68,68,68,68,68,68,68,68,68,68,68,68,68,68,68,68,68,68,68,68,68,68,68,68,68,68,68,68,68,68,68,68,68,68,68,68,68,68,68,68,68,68,68,68,68,68,72,76,76,79,79,79,79,79,82,82],"relic_stats":{"Blood Vial":18,"Nunchaku":[34],"Bottled Flame":"Pommel Strike","counters":[28,185],"Pantograph":50,"CeramicFish":18,"StoneCalendar":[291],"Pen Nib":[33],"Cursed Key":2,"obtain_stats":[{"Lantern":28,"CeramicFish":47,"Oddly Smooth Stone":55,"StoneCalendar":42,"Pen Nib":9,"Frozen Egg 2":45,"Cursed Key":17,"Burning Blood":0,"ClockworkSouvenir":46,"Blood Vial":23,"Nunchaku":7,"Bottled Flame":41,"Pantograph":26,"Toolbox":19,"Fusion Hammer":34},{"Lantern":14,"CeramicFish":23,"Oddly Smooth Stone":27,"StoneCalendar":21,"Pen Nib":5,"Frozen Egg 2":22,"Cursed Key":9,"Burning Blood":0,"ClockworkSouvenir":22,"Blood Vial":12,"Nunchaku":4,"Bottled Flame":20,"Pantograph":13,"Toolbox":10,"Fusion Hammer":16},{"Lantern":68,"CeramicFish":127,"Oddly Smooth Stone":174,"StoneCalendar":111,"Pen Nib":22,"Frozen Egg 2":118,"Cursed Key":41,"Burning Blood":0,"ClockworkSouvenir":118,"Blood Vial":57,"Nunchaku":16,"Bottled Flame":104,"Pantograph":62,"Toolbox":46,"Fusion Hammer":85}],"Burning Blood":162},"card_choices":[{"not_picked":["Entrench","Armaments"],"picked":"Headbutt","floor":1},{"not_picked":["Twin Strike","Iron Wave"],"picked":"Battle Trance","floor":5},{"not_picked":["Body Slam","Rage"],"picked":"Pommel Strike","floor":7},{"not_picked":["Havoc","Sword Boomerang"],"picked":"Disarm","floor":8},{"not_picked":["Heavy Blade","Warcry"],"picked":"Metallicize","floor":10},{"not_picked":["Evolve","Armaments"],"picked":"Power Through","floor":12},{"not_picked":["Pummel","Metallicize","Sentinel"],"picked":"SKIP","floor":14},{"not_picked":["Corruption","Barricade"],"picked":"Impervious","floor":16},{"not_picked":["Battle Trance","Perfected Strike"],"picked":"Anger","floor":18},{"not_picked":["Ghostly Armor","Pummel","Clothesline"],"picked":"SKIP","floor":21},{"not_picked":["Infernal Blade","Clothesline"],"picked":"Evolve","floor":23},{"not_picked":["Twin Strike","Heavy Blade"],"picked":"Battle Trance","floor":25},{"not_picked":["Sword Boomerang","Thunderclap"],"picked":"Bloodletting","floor":28},{"not_picked":["Uppercut","Twin Strike"],"picked":"Shrug It Off","floor":30},{"not_picked":["Immolate","Feed"],"picked":"Fiend Fire","floor":33},{"not_picked":["Battle Trance","Twin Strike+1"],"picked":"Clothesline","floor":35},{"not_picked":["Sword Boomerang","Shrug It Off"],"picked":"Power Through","floor":36},{"not_picked":["Trip","Madness"],"picked":"Secret Technique","floor":37},{"not_picked":["Dramatic Entrance","Sadistic Nature"],"picked":"Discovery","floor":37},{"not_picked":["Dramatic Entrance","The Bomb"],"picked":"Discovery","floor":37},{"not_picked":["Reckless Charge+1","Battle Trance","Headbutt+1"],"picked":"SKIP","floor":38},{"not_picked":["Metallicize","Cleave"],"picked":"Second Wind","floor":41},{"not_picked":["Thunderclap+1","Iron Wave+1"],"picked":"Reaper","floor":42},{"not_picked":["Combust+1","Wild Strike"],"picked":"Feed","floor":45},{"not_picked":["Clash+1","Twin Strike+1"],"picked":"Second Wind","floor":47},{"not_picked":["Flame Barrier","Twin Strike"],"picked":"Sword Boomerang+1","floor":48},{"not_picked":["True Grit","Blood for Blood","Entrench+1"],"picked":"SKIP","floor":55}],"player_experience":5849378,"relics_obtained":[{"floor":7,"key":"Nunchaku"},{"floor":9,"key":"Pen Nib"},{"floor":23,"key":"Blood Vial"},{"floor":26,"key":"Pantograph"},{"floor":28,"key":"Lantern"},{"floor":41,"key":"Bottled Flame"},{"floor":42,"key":"StoneCalendar"},{"floor":45,"key":"Frozen Egg 2"},{"floor":47,"key":"CeramicFish"},{"floor":55,"key":"Oddly Smooth Stone"}],"event_choices":[{"cards_removed":["Strike_R"],"damage_healed":0,"gold_gain":0,"player_choice":"Card Removal","damage_taken":0,"max_hp_gain":0,"max_hp_loss":0,"event_name":"The Cleric","floor":2,"gold_loss":75},{"cards_removed":["Strike_R"],"damage_healed":0,"gold_gain":0,"player_choice":"Offered Basic","damage_taken":0,"max_hp_gain":0,"max_hp_loss":0,"event_name":"Bonfire Elementals","floor":4,"gold_loss":0},{"damage_healed":0,"gold_gain":50,"player_choice":"Touch","damage_taken":6,"max_hp_gain":0,"max_hp_loss":0,"event_name":"FaceTrader","floor":22,"gold_loss":0},{"damage_healed":0,"gold_gain":0,"player_choice":"Memory 3","damage_taken":10,"max_hp_gain":0,"max_hp_loss":0,"event_name":"SensoryStone","floor":37,"gold_loss":0},{"damage_healed":0,"gold_gain":0,"player_choice":"Ignored","damage_taken":0,"max_hp_gain":0,"max_hp_loss":0,"event_name":"Tomb of Lord Red Mask","floor":39,"gold_loss":0},{"damage_healed":0,"gold_gain":0,"player_choice":"Fight","damage_taken":0,"max_hp_gain":0,"max_hp_loss":0,"event_name":"Mysterious Sphere","floor":42,"gold_loss":0}],"is_beta":false,"boss_relics":[{"not_picked":["Coffee Dripper","Pandora\u0027s Box"],"picked":"Cursed Key"},{"not_picked":["Tiny House","Sozu"],"picked":"Fusion Hammer"}],"items_purged_floors":[31,54],"is_endless":false,"potions_floor_spawned":[3,5,8,14,16,21,23,30,33,35,38,41],"ascension_level":20,"potion_discard_per_floor":[[],[],[],[],[],[],[],[],[],[],[],[],[],[],[],[],[],[],[],[],[],[],[],[],[],[],[],[],[],[],[],[],["FearPotion"],[],[],[],[],[],[],[],[],[],[],[],[],[],[],[],[],[],[],[],[],[],[],[],[]]}