{"neow_bonuses_skipped_log":["THREE_CARDS","THREE_SMALL_POTIONS","ONE_RARE_RELIC"],"neow_costs_skipped_log":["NONE","NONE","PERCENT_DAMAGE"],"potions_obtained_entropic_brew":[[],[],[],[],[],[],[],[],[],[],[],[],[],[],[],[],[],[],[],[],[]],"gold_per_floor":[99,99,99,99,99,99,99,99,99,99,99,24,24,24,24,24,24,24,0,0,0],"floor_reached":21,"playtime":914,"items_purged":["Defend_P"],"score":498,"play_id":"957358e9-4d1c-4c8b-bcdd-edf9488fe386","local_time":"20240205003021","score_breakdown":["Floors Climbed (21): 105","Enemies Slain (7): 14","Exordium Elites Killed (3): 30","City Elites Killed (0): 0","Bosses Slain (1): 50","Perfect (1): 50","Ascension (20): 249"],"is_ascension_mode":true,"potions_obtained_alchemize":[[],[],[],[],[],[],[],[],[],[],[],[],[],[],[],[],[],[],[],[],[]],"campfire_choices":[{"data":"Meditate","floor":7,"key":"SMITH"},{"data":"Eruption","floor":10,"key":"SMITH"},{"data":"TalkToTheHand","floor":13,"key":"SMITH"},{"data":"CutThroughFate","floor":15,"key":"SMITH"}],"lesson_learned_per_floor":[[],[],[],[],[],[],[],[],[],[],[],[],[],[],[],[],[],[],[],[],[]],"neow_cost":"NONE","improvable_cards":{},"seed_source_timestamp":29069726154748,"shop_contents":[{"floor":12,"relics":["MealTicket","Frozen Egg 2","DollysMirror"],"cards":["CutThroughFate","BowlingBash","Evaluate","EmptyBody","Nirvana","Good Instincts","Mayhem"],"potions":["Strength Potion","Block Potion","PowerPotion"]}],"circlet_count":0,"master_deck":["AscendersBane","Strike_P","Strike_P","Strike_P","Strike_P","Defend_P","Eruption+1","Vigilance","Wireheading","Meditate+1","TalkToTheHand+1","Indignation","CutThroughFate+1","EmptyMind","WaveOfTheHand","DeusExMachina","Study","Sanctity","MentalFortress"],"potion_use_per_floor":[[],[],[],[],[],["LiquidMemories"],[],[],[],[],[],[],[],["LiquidMemories"],[],[],[],["EssenceOfSteel"],[],[],["PowerPotion"]],"relics":["Ectoplasm","Ginger","Letter Opener","Bag of Marbles","Ice Cream","Empty Cage"],"potions_floor_usage":[6,14,18,21],"damage_taken":[{"damage":0,"enemies":"2 Louse","floor":1,"turns":3},{"damage":0,"enemies":"Small Slimes","floor":2,"turns":4},{"damage":0,"enemies":"Jaw Worm","floor":3,"turns":3},{"damage":1,"enemies":"Large Slime","floor":4,"turns":5},{"damage":33,"enemies":"Gremlin Nob","floor":6,"turns":4},{"damage":3,"enemies":"3 Louse","floor":8,"turns":3},{"damage":6,"enemies":"Lagavulin","floor":11,"turns":6},{"damage":3,"enemies":"Gremlin Nob","floor":14,"turns":3},{"damage":0,"enemies":"Hexaghost","floor":16,"turns":8},{"damage":11,"enemies":"Shell Parasite","floor":18,"turns":4},{"damage":28,"enemies":"2 Thieves","floor":19,"turns":4},{"damage":18,"enemies":"Centurion and Healer","floor":21,"turns":1}],"seed_played":"2884970412066836900","neow_bonus_log":{"cardsObtained":[],"cardsUpgraded":[],"cardsRemoved":[],"cardsTransformed":[],"relicsObtained":["Ectoplasm"],"maxHpGained":0,"goldGained":0,"damageTaken":0,"goldLost":0,"maxHpLost":0},"potions_obtained":[{"floor":1,"key":"FairyPotion"},{"floor":2,"key":"LiquidMemories"},{"floor":3,"key":"LiquidMemories"},{"floor":11,"key":"EssenceOfSteel"},{"floor":19,"key":"PowerPotion"}],"is_trial":false,"path_per_floor":["M","M","M","M","?","E","R","M","T","R","E","$","R","E","R","B",null,"M","M","?","M"],"character_chosen":"WATCHER","basemod:card_modifiers":[null,null,null,null,null,null,null,null,null,null,null,null,null,null,null,null,null,null,null],"items_purchased":[],"campfire_rested":0,"item_purchase_floors":[],"current_hp_per_floor":[61,61,61,60,60,27,27,24,24,24,18,18,18,15,15,15,55,44,16,16,0],"gold":0,"neow_bonus":"BOSS_RELIC","is_prod":false,"is_daily":false,"rewards_skipped":[],"chose_seed":false,"campfire_upgraded":4,"win_rate":0,"floor_exit_playtime":[46,80,112,176,183,277,287,320,341,348,425,440,449,506,516,698,750,812,881,893],"timestamp":1707111021,"path_taken":["M","M","M","M","?","E","R","M","T","R","E","$","R","E","R","BOSS","M","M","?","M"],"build_version":"2022-12-18","purchased_purges":1,"victory":false,"max_hp_per_floor":[68,68,68,68,68,68,68,68,68,68,68,68,68,68,68,68,68,68,68,68,68],"relic_stats":{"Ice Cream":[0],"counters":[12,48],"Ectoplasm":294,"Ginger":[2],"Letter Opener":[45],"obtain_stats":[{"Ice Cream":14,"Ectoplasm":0,"Bag of Marbles":11,"Ginger":6,"Letter Opener":9,"PureWater":0,"Empty Cage":17},{"Ice Cream":8,"Ectoplasm":0,"Bag of Marbles":7,"Ginger":5,"Letter Opener":6,"PureWater":0,"Empty Cage":9},{"Ice Cream":31,"Ectoplasm":0,"Bag of Marbles":28,"Ginger":19,"Letter Opener":22,"PureWater":0,"Empty Cage":39}]},"card_choices":[{"not_picked":["BattleHymn","LikeWater"],"picked":"Wireheading","floor":1},{"not_picked":["FlyingSleeves","Protect"],"picked":"Meditate","floor":2},{"not_picked":["WreathOfFlame","Indignation"],"picked":"TalkToTheHand","floor":3},{"not_picked":["CrushJoints","Evaluate"],"picked":"Indignation","floor":4},{"not_picked":["FlyingSleeves","Crescendo","ClearTheMind"],"picked":"SKIP","floor":6},{"not_picked":["CrushJoints","Crescendo"],"picked":"CutThroughFate","floor":8},{"not_picked":["MasterReality","Halt"],"picked":"EmptyMind","floor":11},{"not_picked":["SashWhip","CutThroughFate"],"picked":"WaveOfTheHand","floor":14},{"not_picked":["SpiritShield","Omniscience"],"picked":"DeusExMachina","floor":16},{"not_picked":["PathToVictory","Evaluate"],"picked":"Study","floor":18},{"not_picked":["EmptyBody","SashWhip"],"picked":"Sanctity","floor":19},{"not_picked":["WreathOfFlame","FlyingSleeves","Ragnarok","ForeignInfluence","EmptyMind","ThirdEye","SandsOfTime","EmptyBody","Prostrate","Protect","CutThroughFate","BattleHymn","Wallop","FollowUp","Evaluate","BowlingBash","FlurryOfBlows","Study","SashWhip"],"picked":"MentalFortress","floor":20}],"player_experience":5871523,"relics_obtained":[{"floor":6,"key":"Ginger"},{"floor":9,"key":"Letter Opener"},{"floor":11,"key":"Bag of Marbles"},{"floor":14,"key":"Ice Cream"}],"event_choices":[{"damage_healed":0,"gold_gain":0,"player_choice":"Ignored","damage_taken":0,"max_hp_gain":0,"max_hp_loss":0,"event_name":"Golden Idol","floor":5,"gold_loss":0},{"damage_healed":0,"gold_gain":0,"player_choice":"Read","damage_taken":0,"max_hp_gain":0,"max_hp_loss":0,"event_name":"The Library","floor":20,"gold_loss":0,"cards_obtained":["MentalFortress"]}],"is_beta":false,"boss_relics":[{"not_picked":["Fusion Hammer","Philosopher\u0027s Stone"],"picked":"Empty Cage"}],"items_purged_floors":[12],"is_endless":false,"potions_floor_spawned":[1,2,3,11,19],"killed_by":"Centurion and Healer","ascension_level":20,"potion_discard_per_floor":[[],[],["FairyPotion"],[],[],[],[],[],[],[],[],[],[],[],[],[],[],[],[],[],[]]}