{"neow_bonuses_skipped_log":["REMOVE_CARD","TWENTY_PERCENT_HP_BONUS","BOSS_RELIC"],"potions_obtained_entropic_brew":[[],[],[],[],[],[],[]],"neow_costs_skipped_log":["NONE","CURSE","NONE"],"gold_per_floor":[210,224,244,263,26,26,26],"floor_reached":7,"playtime":384,"items_purged":["Strike_R"],"score":86,"play_id":"799efd74-317e-4b2c-aaa9-9b4c02fa8b10","local_time":"20240211193740","score_breakdown":["Floors Climbed (7): 35","Enemies Slain (4): 8","Exordium Elites Killed (0): 0","Bosses Slain (0): 0","Ascension (20): 43"],"is_ascension_mode":true,"potions_obtained_alchemize":[[],[],[],[],[],[],[]],"campfire_choices":[{"data":"Cleave","floor":6,"key":"SMITH"}],"lesson_learned_per_floor":[[],[],[],[],[],[],[]],"neow_cost":"NONE","improvable_cards":{},"seed_source_timestamp":21182813876238,"shop_contents":[{"floor":5,"relics":["Gambling Chip","Turnip","DollysMirror"],"cards":["Searing Blow","True Grit","Double Tap","Fire Breathing","Forethought","Violence"],"potions":["GamblersBrew"]}],"circlet_count":0,"master_deck":["AscendersBane","Strike_R","Strike_R","Strike_R","Strike_R","Defend_R","Defend_R","Defend_R","Defend_R","Bash","Intimidate","Pommel Strike","Headbutt","Second Wind","Cleave+1"],"potion_use_per_floor":[[],[],[],[],["Fruit Juice","BloodPotion"],[],["SpeedPotion"]],"relics":["Burning Blood"],"potions_floor_usage":[5,5,7],"damage_taken":[{"damage":0,"enemies":"2 Louse","floor":1,"turns":2},{"damage":9,"enemies":"Cultist","floor":2,"turns":4},{"damage":12,"enemies":"Small Slimes","floor":3,"turns":3},{"damage":50,"enemies":"Gremlin Gang","floor":4,"turns":6},{"damage":55,"enemies":"Lagavulin","floor":7,"turns":8}],"seed_played":"4647724786717655202","neow_bonus_log":{"cardsObtained":[],"cardsUpgraded":[],"cardsRemoved":[],"cardsTransformed":[],"relicsObtained":[],"maxHpGained":0,"goldGained":100,"damageTaken":0,"goldLost":0,"maxHpLost":0},"potions_obtained":[{"floor":2,"key":"Fruit Juice"},{"floor":3,"key":"SpeedPotion"}],"is_trial":false,"path_per_floor":["M","M","M","M","$","R","E"],"character_chosen":"IRONCLAD","basemod:card_modifiers":[null,null,null,null,null,null,null,null,null,null,null,null,null,null,null],"items_purchased":["BloodPotion","Cleave","Ancient Potion"],"campfire_rested":0,"item_purchase_floors":[5,5,5],"current_hp_per_floor":[74,71,65,21,42,42,0],"gold":26,"neow_bonus":"HUNDRED_GOLD","is_prod":false,"is_daily":false,"rewards_skipped":[],"chose_seed":false,"campfire_upgraded":1,"win_rate":0,"floor_exit_playtime":[56,80,101,207,272,277],"timestamp":1707698260,"path_taken":["M","M","M","M","$","R","E"],"build_version":"2022-12-18","purchased_purges":1,"victory":false,"max_hp_per_floor":[75,75,75,75,80,80,80],"relic_stats":{"counters":[5,23],"obtain_stats":[{"Burning Blood":0},{"Burning Blood":0},{"Burning Blood":0}],"Burning Blood":24},"card_choices":[{"not_picked":["Dropkick","Entrench"],"picked":"Intimidate","floor":1},{"not_picked":["True Grit","Wild Strike"],"picked":"Pommel Strike","floor":2},{"not_picked":["True Grit","Heavy Blade"],"picked":"Headbutt","floor":3},{"not_picked":["Wild Strike","Havoc"],"picked":"Second Wind","floor":4}],"player_experience":6013394,"relics_obtained":[],"event_choices":[],"is_beta":false,"boss_relics":[],"items_purged_floors":[5],"is_endless":false,"potions_floor_spawned":[2,3],"killed_by":"Lagavulin","ascension_level":20,"potion_discard_per_floor":[[],[],[],[],[],[],[]]}