{"neow_bonuses_skipped_log":["TRANSFORM_CARD","THREE_SMALL_POTIONS","BOSS_RELIC"],"neow_costs_skipped_log":["NONE","NONE","NONE"],"potions_obtained_entropic_brew":[[],[],[],[],[],[],[],[],[],[],[],[],[],[],[],[],[],[],[],[],[],[],[],[],[],[],[],[],[],[],[],[],[],[],[],[],[],[],[],[],[],[],[],[],[],[],[],[],[],[],[],[],[],[],[],[]],"gold_per_floor":[113,123,198,198,214,245,245,264,264,105,124,152,152,179,179,251,251,271,288,68,78,97,132,24,50,131,160,176,196,196,213,213,290,290,301,301,11,28,44,78,78,104,158,187,204,204,214,247,247,247,247,247,247,12,42,42],"floor_reached":56,"playtime":4754,"items_purged":[],"score":2273,"play_id":"afa79d64-a505-4a4c-8b8c-894e822e5edf","local_time":"20240206003249","score_breakdown":["Floors Climbed (56): 280","Enemies Slain (17): 34","Exordium Elites Killed (3): 30","City Elites Killed (3): 60","Beyond Elites Killed (4): 120","Bosses Slain (4): 500","Librarian: 25","Champion (4): 100","Ascension (20): 1124"],"is_ascension_mode":true,"potions_obtained_alchemize":[[],[],[],[],[],[],[],[],[],[],[],[],[],[],[],[],[],[],[],[],[],[],[],[],[],[],[],[],[],[],[],[],[],[],[],[],[],[],[],[],[],[],[],[],[],[],[],[],[],[],[],[],[],[],[],[]],"campfire_choices":[{"data":"Pommel Strike","floor":7,"key":"SMITH"},{"floor":15,"key":"REST"},{"data":"Havoc","floor":32,"key":"SMITH"},{"data":"Feel No Pain","floor":41,"key":"SMITH"},{"floor":49,"key":"RECALL"},{"data":"Burning Pact","floor":53,"key":"SMITH"}],"lesson_learned_per_floor":[[],[],[],[],[],[],[],[],[],[],[],[],[],[],[],[],[],[],[],[],[],[],[],[],[],[],[],[],[],[],[],[],[],[],[],[],[],[],[],[],[],[],[],[],[],[],[],[],[],[],[],[],[],[],[],[]],"neow_cost":"PERCENT_DAMAGE","improvable_cards":{},"seed_source_timestamp":32122211569927,"shop_contents":[{"floor":10,"relics":["Bottled Tornado","Dream Catcher","TheAbacus"],"cards":["Reckless Charge","Body Slam","Armaments","Dark Embrace","Finesse","Mayhem"],"potions":["Fruit Juice","BlessingOfTheForge"]},{"floor":20,"relics":["Turnip","CeramicFish","OrangePellets"],"cards":["Sever Soul","Reckless Charge","Flex","Metallicize","Metamorphosis"],"potions":["DuplicationPotion","EssenceOfSteel"]},{"floor":24,"relics":["Pear","Dead Branch","Chemical X"],"cards":["Sword Boomerang","Dropkick","Exhume","Havoc","Combust","Blind","Secret Technique"],"potions":["BloodPotion","ElixirPotion","Strength Potion"]},{"floor":37,"relics":["Calipers","HornCleat","Molten Egg 2"],"cards":["Thunderclap","Carnage","Havoc","Armaments","Combust","Purity","HandOfGreed"],"potions":["DistilledChaos","Energy Potion","Energy Potion"]},{"floor":54,"relics":["Oddly Smooth Stone","Letter Opener","Nunchaku"],"cards":["Heavy Blade","Whirlwind","Havoc","Warcry","Inflame","Trip","Master of Strategy"],"potions":["SpeedPotion","Weak Potion","SpeedPotion"]}],"circlet_count":0,"master_deck":["AscendersBane","Strike_R","Strike_R","Strike_R","Strike_R","Strike_R","Defend_R","Defend_R","Defend_R","Defend_R","Bash","Anger","Metallicize","Pommel Strike+1","Demon Form","Shrug It Off","Iron Wave","Whirlwind+1","Shockwave","Fiend Fire","CurseOfTheBell","Headbutt","Feel No Pain+1","Bloodletting","PanicButton","Battle Trance","Intimidate","Shockwave","Power Through","Havoc+1","Second Wind","Warcry","Writhe","Impervious","Disarm","Evolve","Shrug It Off","Pommel Strike+1","Second Wind+1","Burning Pact+1"],"potion_use_per_floor":[[],[],[],[],[],["Dexterity Potion"],[],[],[],[],["LiquidBronze"],["SneckoOil"],[],["Dexterity Potion"],[],[],[],[],["Fire Potion"],[],[],["LiquidMemories"],[],[],["Fire Potion"],[],[],[],[],[],[],[],["Dexterity Potion","SkillPotion","PowerPotion"],[],[],[],[],[],[],["PowerPotion","SpeedPotion"],[],[],[],["ColorlessPotion"],[],[],[],[],[],[],["ColorlessPotion","AttackPotion"],[],[],[],["Swift Potion"],["ElixirPotion"]],"relics":["Burning Blood","Question Card","Gremlin Horn","Blue Candle","Darkstone Periapt","Calling Bell","Strawberry","Shuriken","Du-Vu Doll","The Courier","Sundial","Mummified Hand","Potion Belt","Incense Burner","Coffee Dripper","Orrery","Toy Ornithopter","Centennial Puzzle","Omamori","Red Skull","TungstenRod","Lee\u0027s Waffle","Unceasing Top"],"potions_floor_usage":[6,11,12,14,19,22,25,33,33,33,40,40,44,51,51,55,56],"damage_taken":[{"damage":12,"enemies":"Small Slimes","floor":1,"turns":4},{"damage":8,"enemies":"2 Louse","floor":2,"turns":3},{"damage":0,"enemies":"Cultist","floor":5,"turns":3},{"damage":30,"enemies":"3 Sentries","floor":6,"turns":13},{"damage":11,"enemies":"Blue Slaver","floor":8,"turns":4},{"damage":27,"enemies":"Lots of Slimes","floor":11,"turns":3},{"damage":26,"enemies":"Gremlin Nob","floor":12,"turns":4},{"damage":0,"enemies":"3 Sentries","floor":14,"turns":7},{"damage":25,"enemies":"Slime Boss","floor":16,"turns":8},{"damage":15,"enemies":"3 Byrds","floor":18,"turns":4},{"damage":3,"enemies":"2 Thieves","floor":19,"turns":2},{"damage":11,"enemies":"Snecko","floor":21,"turns":4},{"damage":14,"enemies":"Centurion and Healer","floor":22,"turns":5},{"damage":3,"enemies":"Gremlin Leader","floor":23,"turns":5},{"damage":13,"enemies":"Slavers","floor":25,"turns":5},{"damage":32,"enemies":"Book of Stabbing","floor":27,"turns":6},{"damage":7,"enemies":"3 Cultists","floor":28,"turns":5},{"damage":4,"enemies":"Shelled Parasite and Fungi","floor":29,"turns":6},{"damage":1,"enemies":"Centurion and Healer","floor":31,"turns":6},{"damage":31,"enemies":"Automaton","floor":33,"turns":14},{"damage":20,"enemies":"3 Shapes","floor":35,"turns":9},{"damage":35,"enemies":"3 Darklings","floor":38,"turns":12},{"damage":37,"enemies":"Transient","floor":39,"turns":6},{"damage":0,"enemies":"Reptomancer","floor":40,"turns":5},{"damage":1,"enemies":"Nemesis","floor":42,"turns":9},{"damage":7,"enemies":"Reptomancer","floor":44,"turns":8},{"damage":15,"enemies":"4 Shapes","floor":45,"turns":13},{"damage":7,"enemies":"Maw","floor":47,"turns":10},{"damage":28,"enemies":"Giant Head","floor":48,"turns":8},{"damage":22,"enemies":"Donu and Deca","floor":50,"turns":12},{"damage":46,"enemies":"Time Eater","floor":51,"turns":18},{"damage":24,"enemies":"Shield and Spear","floor":55,"turns":12},{"damage":84,"enemies":"The Heart","floor":56,"turns":11}],"green_key_taken_log":48,"seed_played":"-1045859926997213341","neow_bonus_log":{"cardsObtained":[],"cardsUpgraded":[],"cardsRemoved":[],"cardsTransformed":[],"relicsObtained":[],"maxHpGained":0,"goldGained":0,"damageTaken":18,"goldLost":0,"maxHpLost":0},"potions_obtained":[{"floor":1,"key":"Dexterity Potion"},{"floor":8,"key":"LiquidBronze"},{"floor":12,"key":"Dexterity Potion"},{"floor":14,"key":"Fire Potion"},{"floor":18,"key":"LiquidMemories"},{"floor":22,"key":"Dexterity Potion"},{"floor":29,"key":"SkillPotion"},{"floor":31,"key":"PowerPotion"},{"floor":39,"key":"SpeedPotion"},{"floor":40,"key":"ColorlessPotion"},{"floor":42,"key":"ColorlessPotion"},{"floor":48,"key":"AttackPotion"}],"is_trial":false,"path_per_floor":["M","M","?","?","M","E","R","M","T","$","M","E","?","E","R","B",null,"M","M","$","M","M","E","$","E","T","E","M","M","?","M","R","B",null,"M","?","$","M","M","E","R","E","T","E","M","?","M","E","R","B","B",null,"R","$","E","B"],"character_chosen":"IRONCLAD","basemod:card_modifiers":[null,null,null,null,null,null,null,null,null,null,null,null,null,null,null,null,null,null,null,null,null,null,null,null,null,null,null,null,null,null,null,null,null,null,null,null,null,null,null,null],"items_purchased":["Shrug It Off","SneckoOil","Bloodletting","PanicButton","Fire Potion","Power Through","Havoc","Orrery","Toy Ornithopter","PowerPotion","Swift Potion","ElixirPotion","Lee\u0027s Waffle"],"campfire_rested":1,"item_purchase_floors":[10,10,20,20,20,24,24,37,37,37,54,54,54],"current_hp_per_floor":[44,42,31,85,85,61,61,56,56,56,35,15,15,21,46,27,84,75,78,78,73,65,68,68,61,61,35,34,36,42,47,47,22,84,70,70,70,41,10,26,26,31,31,35,26,85,84,62,62,46,16,68,68,92,79,0],"gold":42,"neow_bonus":"THREE_RARE_CARDS","is_prod":false,"is_daily":false,"rewards_skipped":[],"chose_seed":false,"campfire_upgraded":4,"win_rate":0,"floor_exit_playtime":[75,98,106,143,166,295,301,337,339,379,435,482,486,553,560,616,660,736,774,843,901,1019,1090,1113,1220,1223,1301,1395,1470,1485,1583,1601,1963,1989,2103,2107,2155,2355,2491,2602,2625,2759,2763,2950,3081,3100,3218,3354,3357,3639,4078,4088,4098,4121,4385],"timestamp":1707197569,"blue_key_relic_skipped_log":{"floor":43,"relicID":"Bag of Marbles"},"path_taken":["M","M","?","?","M","E","R","M","T","$","?","E","?","E","R","BOSS","M","M","?","M","M","E","$","E","T","E","M","?","?","M","R","BOSS","M","?","$","?","M","E","R","E","T","E","M","?","M","E","R","BOSS","BOSS","R","$","E","BOSS"],"build_version":"2022-12-18","purchased_purges":0,"victory":false,"max_hp_per_floor":[75,75,75,85,85,85,85,85,85,85,85,85,85,85,85,85,98,98,98,98,98,98,98,98,98,98,98,98,98,104,104,104,104,104,104,104,104,104,104,104,104,104,104,104,104,85,85,85,85,85,85,85,85,92,92,92],"relic_stats":{"Darkstone Periapt":12,"Lee\u0027s Waffle":24,"Gremlin Horn":[48,54],"counters":[33,244],"Blue Candle":[16],"The Courier":159,"Omamori":0,"Question Card":32,"Burning Blood":186,"Centennial Puzzle":[27],"Shuriken":[49],"Sundial":[50],"Mummified Hand":[77],"obtain_stats":[{"Darkstone Periapt":14,"Potion Belt":27,"Lee\u0027s Waffle":54,"Gremlin Horn":9,"Blue Candle":12,"The Courier":23,"Incense Burner":30,"Omamori":42,"Question Card":6,"Burning Blood":0,"Calling Bell":17,"Du-Vu Doll":17,"Centennial Puzzle":40,"Shuriken":17,"Sundial":25,"Mummified Hand":26,"Strawberry":17,"Orrery":37,"Coffee Dripper":34,"Toy Ornithopter":37,"Red Skull":44,"TungstenRod":48,"Unceasing Top":55},{"Darkstone Periapt":8,"Potion Belt":16,"Lee\u0027s Waffle":31,"Gremlin Horn":5,"Blue Candle":7,"The Courier":14,"Incense Burner":18,"Omamori":25,"Question Card":4,"Burning Blood":0,"Calling Bell":9,"Du-Vu Doll":9,"Centennial Puzzle":24,"Shuriken":9,"Sundial":15,"Mummified Hand":15,"Strawberry":9,"Orrery":21,"Coffee Dripper":20,"Toy Ornithopter":21,"Red Skull":26,"TungstenRod":29,"Unceasing Top":32},{"Darkstone Periapt":41,"Potion Belt":80,"Lee\u0027s Waffle":221,"Gremlin Horn":27,"Blue Candle":34,"The Courier":69,"Incense Burner":91,"Omamori":152,"Question Card":23,"Burning Blood":0,"Calling Bell":49,"Du-Vu Doll":49,"Centennial Puzzle":143,"Shuriken":49,"Sundial":74,"Mummified Hand":74,"Strawberry":49,"Orrery":120,"Coffee Dripper":111,"Toy Ornithopter":120,"Red Skull":160,"TungstenRod":191,"Unceasing Top":233}],"Toy Ornithopter":35,"TungstenRod":52,"Unceasing Top":[3]},"card_choices":[{"not_picked":["Brutality","Exhume"],"picked":"Demon Form","floor":0},{"not_picked":["Dark Embrace","Dropkick"],"picked":"Anger","floor":1},{"not_picked":["Perfected Strike","True Grit"],"picked":"Metallicize","floor":2},{"not_picked":["Clash","Sword Boomerang"],"picked":"Pommel Strike","floor":5},{"not_picked":["Battle Trance","Headbutt"],"picked":"Demon Form","floor":6},{"not_picked":["Heavy Blade","Flex","Clash","Cleave"],"picked":"SKIP","floor":8},{"not_picked":["Flex","Reckless Charge","Combust"],"picked":"Iron Wave","floor":11},{"not_picked":["True Grit","Havoc","Combust"],"picked":"Whirlwind","floor":12},{"not_picked":["Havoc","Immolate","Reckless Charge"],"picked":"Shockwave","floor":14},{"not_picked":["Bludgeon","Limit Break","Immolate"],"picked":"Fiend Fire","floor":16},{"not_picked":["Uppercut","Armaments","Havoc"],"picked":"Headbutt","floor":18},{"not_picked":["Clothesline","Intimidate+1","Wild Strike"],"picked":"Feel No Pain","floor":19},{"not_picked":["Thunderclap","Dropkick","Intimidate"],"picked":"Battle Trance","floor":21},{"not_picked":["Pommel Strike","Reckless Charge+1","Rampage"],"picked":"Intimidate","floor":22},{"not_picked":["Limit Break","Sword Boomerang","Clothesline"],"picked":"Shockwave","floor":23},{"not_picked":["Sword Boomerang","Iron Wave","Bloodletting"],"picked":"Second Wind","floor":27},{"not_picked":["Reckless Charge","Blood for Blood","Anger"],"picked":"Warcry","floor":28},{"not_picked":["Hemokinesis+1","Cleave","Flame Barrier","Intimidate"],"picked":"SKIP","floor":29},{"not_picked":["Bludgeon","Exhume","Brutality"],"picked":"Impervious","floor":33},{"not_picked":["Sword Boomerang","Iron Wave","Pommel Strike"],"picked":"Disarm","floor":35},{"not_picked":["Feel No Pain","Second Wind","Headbutt"],"picked":"Evolve","floor":37},{"not_picked":["Spot Weakness","Rampage","Whirlwind+1"],"picked":"Shrug It Off","floor":37},{"not_picked":["Headbutt","Intimidate","Havoc","Anger"],"picked":"SKIP","floor":37},{"not_picked":["Cleave+1","Heavy Blade","Warcry","Immolate"],"picked":"SKIP","floor":37},{"not_picked":["Rage","Warcry","Ghostly Armor","Rupture+1"],"picked":"SKIP","floor":37},{"not_picked":["Sentinel","Infernal Blade","Twin Strike","Clothesline"],"picked":"SKIP","floor":38},{"not_picked":["True Grit","Body Slam","Sword Boomerang"],"picked":"Pommel Strike+1","floor":39},{"not_picked":["Twin Strike","Demon Form","Warcry"],"picked":"Second Wind+1","floor":40},{"not_picked":["Second Wind","Iron Wave","Perfected Strike","Clash"],"picked":"SKIP","floor":42},{"not_picked":["Searing Blow","Flex","Sever Soul","Anger"],"picked":"SKIP","floor":44},{"not_picked":["Body Slam","Cleave","Iron Wave"],"picked":"Burning Pact","floor":45},{"not_picked":["Ghostly Armor+1","Havoc","Heavy Blade+1","Iron Wave"],"picked":"SKIP","floor":47},{"not_picked":["Bloodletting","Rampage+1","Whirlwind","Infernal Blade+1"],"picked":"SKIP","floor":48},{"not_picked":["Metallicize+1","Pummel","Spot Weakness","Combust+1"],"picked":"SKIP","floor":55}],"player_experience":5884331,"relics_obtained":[{"floor":6,"key":"Question Card"},{"floor":9,"key":"Gremlin Horn"},{"floor":12,"key":"Blue Candle"},{"floor":14,"key":"Darkstone Periapt"},{"floor":17,"key":"Strawberry"},{"floor":17,"key":"Shuriken"},{"floor":17,"key":"Du-Vu Doll"},{"floor":23,"key":"The Courier"},{"floor":25,"key":"Sundial"},{"floor":26,"key":"Mummified Hand"},{"floor":27,"key":"Potion Belt"},{"floor":40,"key":"Centennial Puzzle"},{"floor":42,"key":"Omamori"},{"floor":44,"key":"Red Skull"},{"floor":48,"key":"TungstenRod"},{"floor":55,"key":"Unceasing Top"}],"event_choices":[{"damage_healed":0,"gold_gain":75,"player_choice":"Gather Gold","damage_taken":11,"max_hp_gain":0,"max_hp_loss":0,"event_name":"World of Goop","floor":3,"gold_loss":0},{"cards_removed":["Demon Form"],"damage_healed":44,"gold_gain":0,"player_choice":"Offered Rare","damage_taken":0,"max_hp_gain":10,"max_hp_loss":0,"event_name":"Bonfire Elementals","floor":4,"gold_loss":0},{"damage_healed":0,"gold_gain":0,"player_choice":"Upgraded","damage_taken":0,"max_hp_gain":0,"max_hp_loss":0,"event_name":"Upgrade Shrine","floor":13,"gold_loss":0,"cards_upgraded":["Whirlwind"]},{"damage_healed":0,"gold_gain":0,"player_choice":"Opened","damage_taken":0,"relics_obtained":["Incense Burner"],"max_hp_gain":0,"max_hp_loss":0,"event_name":"The Mausoleum","floor":30,"gold_loss":0,"cards_obtained":["Writhe"]},{"damage_healed":0,"gold_gain":0,"player_choice":"Ignored","damage_taken":0,"max_hp_gain":0,"max_hp_loss":0,"event_name":"SecretPortal","floor":36,"gold_loss":0},{"damage_healed":85,"gold_gain":0,"player_choice":"Heal","damage_taken":0,"max_hp_gain":0,"max_hp_loss":19,"event_name":"The Moai Head","floor":46,"gold_loss":0}],"is_beta":false,"boss_relics":[{"not_picked":["SacredBark","Empty Cage"],"picked":"Calling Bell"},{"not_picked":["Sozu","Runic Dome"],"picked":"Coffee Dripper"}],"items_purged_floors":[],"is_endless":false,"potions_floor_spawned":[1,8,12,14,18,22,29,31,39,40,42,48],"killed_by":"The Heart","ascension_level":20,"potion_discard_per_floor":[[],[],[],[],[],[],[],[],[],[],[],[],[],[],[],[],[],[],[],[],[],[],[],[],[],[],[],[],[],[],[],[],[],[],[],[],[],[],[],[],[],[],[],[],[],[],[],[],[],[],[],[],[],[],[],[]]}