{"neow_bonuses_skipped_log":["THREE_CARDS","TEN_PERCENT_HP_BONUS","RANDOM_COLORLESS_2"],"neow_costs_skipped_log":["NONE","NONE","NO_GOLD"],"potions_obtained_entropic_brew":[[],[],[],[],[],[]],"gold_per_floor":[116,41,52,52,65,65],"floor_reached":6,"playtime":196,"items_purged":[],"score":72,"play_id":"64bd6b3f-3029-4f4d-9e28-f8ec3464ff71","local_time":"20240207202849","score_breakdown":["Floors Climbed (6): 30","Enemies Slain (3): 6","Exordium Elites Killed (0): 0","Bosses Slain (0): 0","Ascension (20): 36"],"is_ascension_mode":true,"potions_obtained_alchemize":[[],[],[],[],[],[]],"campfire_choices":[],"lesson_learned_per_floor":[[],[],[],[],[],[]],"neow_cost":"NONE","improvable_cards":{},"seed_source_timestamp":14194072697702,"shop_contents":[],"circlet_count":0,"master_deck":["AscendersBane","Strike_P","Strike_P","Strike_P","Strike_P","Defend_P","Defend_P","Defend_P","Eruption+1","Vigilance","FearNoEvil","FlurryOfBlows","MentalFortress"],"potion_use_per_floor":[[],[],[],[],[],["Block Potion"]],"relics":["Fusion Hammer"],"potions_floor_usage":[6],"damage_taken":[{"damage":6,"enemies":"Small Slimes","floor":1,"turns":4},{"damage":0,"enemies":"Cultist","floor":3,"turns":2},{"damage":7,"enemies":"2 Louse","floor":5,"turns":2},{"damage":54,"enemies":"3 Sentries","floor":6,"turns":11}],"seed_played":"871714617020933448","neow_bonus_log":{"cardsObtained":[],"cardsUpgraded":[],"cardsRemoved":[],"cardsTransformed":[],"relicsObtained":["Fusion Hammer"],"maxHpGained":0,"goldGained":0,"damageTaken":0,"goldLost":0,"maxHpLost":0},"potions_obtained":[{"floor":3,"key":"Block Potion"}],"is_trial":false,"path_per_floor":["M","?","M","?","M","E"],"character_chosen":"WATCHER","basemod:card_modifiers":[null,null,null,null,null,null,null,null,null,null,null,null,null],"items_purchased":[],"campfire_rested":0,"item_purchase_floors":[],"current_hp_per_floor":[55,55,55,55,48,0],"gold":65,"neow_bonus":"BOSS_RELIC","is_prod":false,"is_daily":false,"rewards_skipped":[],"chose_seed":false,"campfire_upgraded":0,"win_rate":0,"floor_exit_playtime":[43,48,59,63,88],"timestamp":1707355729,"path_taken":["M","?","M","?","M","E"],"build_version":"2022-12-18","purchased_purges":0,"victory":false,"max_hp_per_floor":[68,68,68,68,68,68],"relic_stats":{"counters":[4,19],"obtain_stats":[{"Fusion Hammer":0,"PureWater":0},{"Fusion Hammer":0,"PureWater":0},{"Fusion Hammer":0,"PureWater":0}]},"card_choices":[{"not_picked":["EmptyBody","Evaluate"],"picked":"FearNoEvil","floor":1},{"not_picked":["Conclude","SashWhip"],"picked":"FlurryOfBlows","floor":3},{"not_picked":["Protect","Perseverance"],"picked":"MentalFortress","floor":5}],"player_experience":5918052,"relics_obtained":[],"event_choices":[{"cards_removed":["Defend_P"],"damage_healed":0,"gold_gain":0,"player_choice":"Card Removal","damage_taken":0,"max_hp_gain":0,"max_hp_loss":0,"event_name":"The Cleric","floor":2,"gold_loss":75},{"damage_healed":0,"gold_gain":0,"player_choice":"Forge","damage_taken":0,"max_hp_gain":0,"max_hp_loss":0,"event_name":"Accursed Blacksmith","floor":4,"gold_loss":0,"cards_upgraded":["Eruption"]}],"is_beta":false,"boss_relics":[],"items_purged_floors":[],"is_endless":false,"potions_floor_spawned":[3],"killed_by":"3 Sentries","ascension_level":20,"potion_discard_per_floor":[[],[],[],[],[],[]]}