{"neow_bonuses_skipped_log":["ONE_RANDOM_RARE_CARD","REMOVE_TWO","BOSS_RELIC"],"neow_costs_skipped_log":["NONE","PERCENT_DAMAGE","NONE"],"potions_obtained_entropic_brew":[[],[],[],[],[],[],[],[],[],[],[],[],[],[],[],[],[],[],[],[],[],[],[],[],[],[],[],[],[],[],[],[],["Regen Potion","CunningPotion","EssenceOfSteel","FairyPotion"],[],[],[],[],[],[],[],[],[],[],[],[],[],[],[],[],[],[]],"gold_per_floor":[112,112,124,138,25,55,55,70,94,128,140,140,171,189,189,263,263,275,295,295,295,53,79,79,110,110,127,127,147,175,8,8,81,81,98,116,116,116,134,166,180,210,210,226,237,237,237,256,256,256,256],"floor_reached":51,"playtime":3681,"items_purged":["Strike_G"],"score":1653,"play_id":"ef0a2845-157b-460d-9f63-eee22c534e58","local_time":"20240204201457","score_breakdown":["Floors Climbed (51): 255","Enemies Slain (17): 34","Exordium Elites Killed (3): 30","City Elites Killed (3): 60","Beyond Elites Killed (2): 60","Bosses Slain (3): 300","Librarian: 25","Champion (3): 75","Ascension (20): 814"],"is_ascension_mode":true,"potions_obtained_alchemize":[[],[],[],[],[],[],[],[],[],[],[],[],[],[],[],[],[],["Energy Potion"],[],[],[],[],["FearPotion"],[],["EntropicBrew"],[],["SteroidPotion"],[],[],["Strength Potion"],[],[],["SkillPotion"],[],["PowerPotion"],[],[],[],["LiquidBronze"],["LiquidMemories"],[],["Dexterity Potion"],[],["Weak Potion"],["DistilledChaos"],[],[],["CunningPotion"],[],["FearPotion"],["Block Potion"]],"campfire_choices":[{"floor":7,"key":"REST"},{"data":"Skewer","floor":15,"key":"SMITH"},{"data":"Terror","floor":24,"key":"SMITH"},{"data":"Footwork","floor":28,"key":"SMITH"},{"data":"Footwork","floor":32,"key":"SMITH"},{"floor":46,"key":"RECALL"},{"data":"Outmaneuver","floor":49,"key":"SMITH"}],"lesson_learned_per_floor":[[],[],[],[],[],[],[],[],[],[],[],[],[],[],[],[],[],[],[],[],[],[],[],[],[],[],[],[],[],[],[],[],[],[],[],[],[],[],[],[],[],[],[],[],[],[],[],[],[],[],[]],"neow_cost":"NONE","improvable_cards":{},"seed_source_timestamp":10963225172179,"shop_contents":[{"floor":5,"relics":["Bird Faced Urn","Girya","Strange Spoon"],"cards":["Cloak And Dagger","Crippling Poison","Accuracy","Deep Breath","Violence"],"potions":["SkillPotion","Fruit Juice","DistilledChaos"]},{"floor":22,"relics":["Anchor","Pocketwatch"],"cards":["Dagger Spray","Bane","Doppelganger","Acrobatics","Well Laid Plans","Mind Blast","Secret Technique"],"potions":["SpeedPotion","Strength Potion","Swift Potion"]},{"floor":31,"relics":["Mango","TwistedFunnel"],"cards":["Skewer","Backstab","PiercingWail","Corpse Explosion","Accuracy","Mind Blast","Magnetism"],"potions":["GamblersBrew","SteroidPotion","Weak Potion"]}],"circlet_count":0,"master_deck":["AscendersBane","Strike_G","Strike_G","Defend_G","Defend_G","Defend_G","Defend_G","Defend_G","Survivor","Neutralize+1","Terror+1","Backstab","Footwork+1","Dagger Throw","Skewer+1","PiercingWail","Predator+1","Escape Plan","PiercingWail","Blade Dance","Deflect","Venomology","Noxious Fumes","Dodge and Roll","Blade Dance","Heel Hook","Writhe","Footwork+1","Accuracy","Sucker Punch+1","Calculated Gamble","After Image","PiercingWail","Blade Dance","Setup+1","Acrobatics","Outmaneuver+1","Flechettes","Injury","Cloak And Dagger+1"],"potion_use_per_floor":[[],[],[],[],[],[],[],[],[],["Strength Potion"],["FearPotion"],[],[],[],[],[],[],[],["Energy Potion"],[],[],[],[],[],["Energy Potion"],[],["FearPotion"],[],[],["SteroidPotion"],[],[],["Strength Potion","EntropicBrew","Regen Potion"],[],["EssenceOfSteel"],[],[],[],["CunningPotion","LiquidBronze"],[],[],["DistilledChaos"],[],["Dexterity Potion","Weak Potion"],["Explosive Potion"],[],[],["DistilledChaos"],[],["CunningPotion"],["FearPotion","Block Potion","PowerPotion","FairyPotion","LiquidMemories"]],"relics":["Ring of the Snake","Regal Pillow","Snake Skull","Bag of Preparation","Centennial Puzzle","Blue Candle","Runic Pyramid","TungstenRod","Sling","MealTicket","Turnip","Mummified Hand","Eternal Feather","Potion Belt","Cursed Key","Boot","Strawberry"],"potions_floor_usage":[10,11,19,25,27,30,33,33,33,35,39,39,42,44,44,45,48,50,51,51,51,51],"damage_taken":[{"damage":1,"enemies":"Jaw Worm","floor":1,"turns":5},{"damage":7,"enemies":"Small Slimes","floor":3,"turns":4},{"damage":0,"enemies":"2 Louse","floor":4,"turns":2},{"damage":28,"enemies":"3 Sentries","floor":6,"turns":12},{"damage":6,"enemies":"Large Slime","floor":8,"turns":10},{"damage":0,"enemies":"Gremlin Nob","floor":10,"turns":2},{"damage":0,"enemies":"Exordium Wildlife","floor":11,"turns":3},{"damage":10,"enemies":"3 Sentries","floor":13,"turns":8},{"damage":1,"enemies":"Exordium Thugs","floor":14,"turns":3},{"damage":7,"enemies":"The Guardian","floor":16,"turns":15},{"damage":0,"enemies":"3 Byrds","floor":18,"turns":10},{"damage":6,"enemies":"2 Thieves","floor":19,"turns":5},{"damage":5,"enemies":"Book of Stabbing","floor":23,"turns":5},{"damage":9,"enemies":"Gremlin Leader","floor":25,"turns":7},{"damage":3,"enemies":"Shelled Parasite and Fungi","floor":27,"turns":6},{"damage":5,"enemies":"Sentry and Sphere","floor":29,"turns":8},{"damage":15,"enemies":"Slavers","floor":30,"turns":6},{"damage":16,"enemies":"Collector","floor":33,"turns":11},{"damage":1,"enemies":"3 Darklings","floor":35,"turns":5},{"damage":0,"enemies":"Orb Walker","floor":36,"turns":3},{"damage":0,"enemies":"Sphere and 2 Shapes","floor":39,"turns":6},{"damage":0,"enemies":"Nemesis","floor":40,"turns":7},{"damage":6,"enemies":"Spire Growth","floor":41,"turns":7},{"damage":0,"enemies":"Reptomancer","floor":42,"turns":10},{"damage":1,"enemies":"Writhing Mass","floor":44,"turns":10},{"damage":0,"enemies":"Maw","floor":45,"turns":8},{"damage":4,"enemies":"Transient","floor":48,"turns":6},{"damage":62,"enemies":"Donu and Deca","floor":50,"turns":13},{"damage":41,"enemies":"Time Eater","floor":51,"turns":7}],"green_key_taken_log":42,"seed_played":"3162451094258018457","neow_bonus_log":{"cardsObtained":[],"cardsUpgraded":[],"cardsRemoved":[],"cardsTransformed":[],"relicsObtained":["Regal Pillow"],"maxHpGained":0,"goldGained":0,"damageTaken":0,"goldLost":0,"maxHpLost":0},"potions_obtained":[{"floor":1,"key":"Dexterity Potion"},{"floor":6,"key":"Strength Potion"},{"floor":8,"key":"FearPotion"},{"floor":16,"key":"Energy Potion"},{"floor":33,"key":"DistilledChaos"},{"floor":44,"key":"Explosive Potion"}],"is_trial":false,"path_per_floor":["M","?","M","M","$","E","R","M","T","E","M","?","E","M","R","B",null,"M","M","?","?","$","E","R","E","T","M","R","M","E","$","R","B",null,"M","M","?","?","M","E","M","E","T","M","M","R","?","M","R","B","B"],"character_chosen":"THE_SILENT","basemod:card_modifiers":[null,null,null,null,null,null,null,null,null,null,null,null,null,null,null,null,null,null,null,null,null,null,null,null,null,null,null,null,null,null,null,null,null,null,null,null,null,null,null,null],"items_purchased":["Dagger Throw","Skewer","Sling","Potion Belt"],"campfire_rested":1,"item_purchase_floors":[5,5,22,31],"current_hp_per_floor":[58,58,51,51,51,23,57,51,51,51,51,51,41,40,40,33,58,58,52,52,52,52,47,47,38,38,35,35,30,15,30,48,47,61,60,60,60,57,57,57,51,58,58,57,57,73,73,69,73,11,0],"gold":256,"neow_bonus":"RANDOM_COMMON_RELIC","is_prod":false,"is_daily":false,"rewards_skipped":[{"floor":25,"relics":[],"potions":["Dexterity Potion"]},{"floor":30,"relics":[],"potions":["SteroidPotion"]},{"floor":40,"relics":[],"potions":["SpeedPotion"]},{"floor":41,"relics":[],"potions":["Ancient Potion"]}],"chose_seed":false,"campfire_upgraded":5,"win_rate":0,"floor_exit_playtime":[57,65,96,141,162,264,268,371,374,402,443,461,539,579,587,740,757,911,971,991,1003,1026,1104,1117,1261,1263,1363,1373,1474,1582,1592,1599,1833,1869,1967,2017,2022,2034,2131,2235,2379,2604,2611,2755,2841,2888,2897,3046,3076,3302],"timestamp":1707095697,"blue_key_relic_skipped_log":{"floor":43,"relicID":"Meat on the Bone"},"path_taken":["M","?","M","M","$","E","R","M","T","E","M","?","E","M","R","BOSS","M","M","?","?","$","E","R","E","T","M","R","M","E","?","R","BOSS","M","M","?","?","?","E","M","E","T","?","M","R","?","M","R","BOSS","BOSS"],"build_version":"2022-12-18","purchased_purges":1,"victory":false,"max_hp_per_floor":[66,66,66,66,66,66,66,66,66,66,66,66,66,66,66,66,66,66,66,66,66,66,66,66,66,66,66,66,66,66,66,66,66,66,66,66,66,66,66,66,66,73,73,73,73,73,73,73,73,73,73],"relic_stats":{"Regal Pillow":15,"counters":[29,204],"Blue Candle":[25],"Eternal Feather":38,"Snake Skull":[112],"Bag of Preparation":[48],"Cursed Key":1,"Boot":[48],"Centennial Puzzle":[48],"Mummified Hand":[71],"MealTicket":15,"Turnip":[23],"obtain_stats":[{"Potion Belt":31,"Regal Pillow":0,"Blue Candle":13,"Eternal Feather":30,"Snake Skull":6,"Bag of Preparation":9,"Sling":22,"Cursed Key":34,"Boot":40,"Centennial Puzzle":10,"Mummified Hand":26,"Strawberry":42,"MealTicket":23,"Turnip":25,"TungstenRod":21,"Ring of the Snake":0,"Runic Pyramid":17},{"Potion Belt":17,"Regal Pillow":0,"Blue Candle":8,"Eternal Feather":17,"Snake Skull":4,"Bag of Preparation":5,"Sling":12,"Cursed Key":18,"Boot":22,"Centennial Puzzle":6,"Mummified Hand":14,"Strawberry":24,"MealTicket":13,"Turnip":14,"TungstenRod":12,"Ring of the Snake":0,"Runic Pyramid":10},{"Potion Belt":111,"Regal Pillow":0,"Blue Candle":46,"Eternal Feather":111,"Snake Skull":23,"Bag of Preparation":33,"Sling":79,"Cursed Key":122,"Boot":143,"Centennial Puzzle":35,"Mummified Hand":91,"Strawberry":160,"MealTicket":84,"Turnip":91,"TungstenRod":79,"Ring of the Snake":0,"Runic Pyramid":64}],"TungstenRod":69,"Ring of the Snake":[58]},"card_choices":[{"not_picked":["Slice","Sucker Punch"],"picked":"Terror","floor":1},{"not_picked":["Heel Hook","Blade Dance"],"picked":"Backstab","floor":3},{"not_picked":["Dagger Throw","Adrenaline"],"picked":"Footwork","floor":4},{"not_picked":["Acrobatics","Outmaneuver"],"picked":"PiercingWail","floor":6},{"not_picked":["Infinite Blades","Eviscerate"],"picked":"Predator","floor":8},{"not_picked":["Sucker Punch","Outmaneuver"],"picked":"Escape Plan","floor":10},{"not_picked":["Prepared","Poisoned Stab"],"picked":"PiercingWail","floor":11},{"not_picked":["Burst","Dagger Throw"],"picked":"Blade Dance","floor":13},{"not_picked":["Sucker Punch","Bane"],"picked":"Deflect","floor":14},{"not_picked":["Envenom","Phantasmal Killer"],"picked":"Venomology","floor":16},{"not_picked":["PiercingWail","Dodge and Roll"],"picked":"Noxious Fumes","floor":18},{"not_picked":["Blade Dance+1","Predator"],"picked":"Dodge and Roll","floor":19},{"not_picked":["Skewer+1","Storm of Steel"],"picked":"Footwork","floor":23},{"not_picked":["Infinite Blades","Underhanded Strike+1"],"picked":"Accuracy","floor":25},{"not_picked":["Slice","Dodge and Roll","Eviscerate"],"picked":"SKIP","floor":27},{"not_picked":["Dagger Throw","Distraction"],"picked":"Sucker Punch+1","floor":29},{"not_picked":["Sucker Punch","Accuracy"],"picked":"Calculated Gamble","floor":30},{"not_picked":["A Thousand Cuts","Bullet Time"],"picked":"After Image","floor":33},{"not_picked":["Dagger Throw","Deflect"],"picked":"PiercingWail","floor":35},{"not_picked":["Slice","Dagger Throw"],"picked":"Blade Dance","floor":36},{"not_picked":["All Out Attack","Skewer+1"],"picked":"Setup+1","floor":39},{"not_picked":["Masterful Stab","Flying Knee"],"picked":"Acrobatics","floor":40},{"not_picked":["Terror","Caltrops"],"picked":"Outmaneuver","floor":41},{"not_picked":["Riddle With Holes+1","Well Laid Plans"],"picked":"Flechettes","floor":42},{"not_picked":["Flying Knee","Eviscerate"],"picked":"Cloak And Dagger+1","floor":44},{"not_picked":["Dagger Throw","Blade Dance","Well Laid Plans"],"picked":"SKIP","floor":45},{"not_picked":["Sucker Punch","Flechettes+1","Riddle With Holes+1"],"picked":"SKIP","floor":48}],"player_experience":5853769,"relics_obtained":[{"floor":6,"key":"Snake Skull"},{"floor":9,"key":"Bag of Preparation"},{"floor":10,"key":"Centennial Puzzle"},{"floor":13,"key":"Blue Candle"},{"floor":23,"key":"MealTicket"},{"floor":25,"key":"Turnip"},{"floor":26,"key":"Mummified Hand"},{"floor":30,"key":"Eternal Feather"},{"floor":40,"key":"Boot"},{"floor":42,"key":"Strawberry"}],"event_choices":[{"damage_healed":0,"gold_gain":0,"player_choice":"Leave","damage_taken":0,"max_hp_gain":0,"max_hp_loss":0,"event_name":"The Cleric","floor":2,"gold_loss":0},{"damage_healed":0,"gold_gain":0,"player_choice":"Grow","damage_taken":0,"max_hp_gain":0,"max_hp_loss":0,"event_name":"Living Wall","floor":12,"gold_loss":0,"cards_upgraded":["Predator"]},{"damage_healed":0,"gold_gain":0,"cards_transformed":["Strike_G","Strike_G"],"player_choice":"Became Test Subject","damage_taken":0,"max_hp_gain":0,"max_hp_loss":0,"event_name":"Drug Dealer","floor":20,"gold_loss":0,"cards_obtained":["Blade Dance","Heel Hook"]},{"damage_healed":0,"gold_gain":0,"player_choice":"Opened","damage_taken":0,"relics_obtained":["TungstenRod"],"max_hp_gain":0,"max_hp_loss":0,"event_name":"The Mausoleum","floor":21,"gold_loss":0,"cards_obtained":["Writhe"]},{"damage_healed":0,"gold_gain":0,"player_choice":"Ignored","damage_taken":0,"max_hp_gain":0,"max_hp_loss":0,"event_name":"Tomb of Lord Red Mask","floor":37,"gold_loss":0},{"damage_healed":0,"gold_gain":0,"player_choice":"Bought 0 Potions","damage_taken":0,"max_hp_gain":0,"max_hp_loss":0,"event_name":"The Woman in Blue","floor":38,"gold_loss":0},{"damage_healed":0,"gold_gain":0,"player_choice":"Upgraded","damage_taken":0,"max_hp_gain":0,"max_hp_loss":0,"event_name":"Upgrade Shrine","floor":47,"gold_loss":0,"cards_upgraded":["Neutralize"]}],"is_beta":false,"boss_relics":[{"not_picked":["Ectoplasm","Empty Cage"],"picked":"Runic Pyramid"},{"not_picked":["Black Star","WristBlade"],"picked":"Cursed Key"}],"items_purged_floors":[22],"is_endless":false,"potions_floor_spawned":[1,6,8,16,25,30,33,40,41,44],"killed_by":"Time Eater","ascension_level":20,"potion_discard_per_floor":[[],[],[],[],[],[],[],["Dexterity Potion"],[],[],[],[],[],[],[],[],[],[],[],[],[],[],[],[],[],[],[],[],[],[],[],[],["SkillPotion"],[],[],[],[],[],[],[],[],[],[],[],[],[],[],[],[],[],[]]}