{"neow_bonuses_skipped_log":["THREE_CARDS","THREE_ENEMY_KILL","BOSS_RELIC"],"potions_obtained_entropic_brew":[[],[],[],[],[],[],[],[],[],[],[],[],[],[],[],[],[],[],[],[],[],[],[],[],[],[],[],[],[],[],[],[],[],[],[],[],[],[],[],[],[],[],[],[],[],[],[],[],[],[],[],[],[],[],[],["AttackPotion","GamblersBrew","ElixirPotion","DistilledChaos"],[]],"neow_costs_skipped_log":["NONE","NONE","NONE"],"gold_per_floor":[110,70,27,43,58,58,86,96,96,96,8,41,41,75,75,152,152,162,182,182,182,199,199,233,251,333,365,375,387,400,429,429,504,504,521,8,25,45,61,88,88,115,115,140,171,187,187,198,198,198,198,198,198,65,93,93],"floor_reached":57,"playtime":3563,"items_purged":["Bite"],"score":3023,"play_id":"a40cff55-6647-4f90-aac5-dc2e503ecae0","local_time":"20240209215420","falling_options_log":["Discovery+1","Barricade+1"],"score_breakdown":["Floors Climbed (57): 285","Enemies Slain (17): 34","Exordium Elites Killed (3): 30","City Elites Killed (3): 60","Beyond Elites Killed (3): 90","Bosses Slain (5): 750","Speedster: 25","Collector (1): 25","Librarian: 25","Champion (1): 25","Perfect (1): 50","Overkill: 25","Ascension (20): 1349","Heartbreaker: 250"],"is_ascension_mode":true,"potions_obtained_alchemize":[[],[],[],[],[],[],[],[],[],[],[],[],[],[],[],[],[],[],[],[],[],[],[],[],[],[],[],[],[],[],[],[],[],[],[],[],[],[],[],[],[],[],[],[],[],[],[],[],[],[],[],[],[],[],[],[],[]],"campfire_choices":[{"data":"Whirlwind","floor":6,"key":"SMITH"},{"floor":13,"key":"REST"},{"data":"Pommel Strike","floor":15,"key":"SMITH"},{"data":"Barricade","floor":23,"key":"SMITH"},{"data":"Corruption","floor":32,"key":"SMITH"},{"floor":49,"key":"RECALL"}],"lesson_learned_per_floor":[[],[],[],[],[],[],[],[],[],[],[],[],[],[],[],[],[],[],[],[],[],[],[],[],[],[],[],[],[],[],[],[],[],[],[],[],[],[],[],[],[],[],[],[],[],[],[],[],[],[],[],[],[],[],[],[],[]],"neow_cost":"PERCENT_DAMAGE","improvable_cards":{},"seed_source_timestamp":17756565883855,"shop_contents":[{"floor":3,"relics":["Dream Catcher","Frozen Egg 2","Toolbox"],"cards":["Whirlwind","Uppercut","Flame Barrier","Shockwave","Forethought","Panache"],"potions":["Regen Potion","BloodPotion","BlessingOfTheForge"]},{"floor":11,"relics":["Boot","Bronze Scales","HandDrill"],"cards":["Pummel","Impervious","Entrench","Fire Breathing","Swift Strike","Sadistic Nature"],"potions":["Fruit Juice","ColorlessPotion","ElixirPotion"]},{"floor":36,"relics":["StrikeDummy"],"cards":["Body Slam","Heavy Blade","Warcry+1","Armaments+1","Fire Breathing","The Bomb+1"],"potions":["Explosive Potion","SpeedPotion","FairyPotion"]},{"floor":54,"relics":["Orichalcum","Red Skull","Bag of Preparation"],"cards":["Sword Boomerang","Hemokinesis","Spot Weakness+1","Armaments+1","Rupture","Mind Blast","HandOfGreed"],"potions":["Strength Potion","Explosive Potion","Fire Potion"]}],"circlet_count":0,"master_deck":["AscendersBane","Defend_R","Defend_R","Defend_R","Defend_R","Bash","Whirlwind+1","Metallicize","Shrug It Off","Iron Wave","Carnage+1","Shrug It Off","Reaper","Shrug It Off+1","Pommel Strike+1","Barricade+1","Headbutt","Havoc+1","Bite","Bite","Bite","Body Slam+1","Corruption+1","Bloodletting+1","Burning Pact+1","Flame Barrier+1","Exhume+1","Discovery+1","Burning Pact+1","True Grit+1","Shrug It Off+1","Shockwave+1","Disarm+1","True Grit+1","Shrug It Off+1","Shockwave+1","Burning Pact+1","Offering+1","Entrench+1","Shrug It Off+1","Body Slam+1","Flame Barrier+1"],"potion_use_per_floor":[[],[],[],[],[],[],["Explosive Potion"],[],[],[],[],["Dexterity Potion"],[],[],[],["Fire Potion"],[],[],[],[],[],[],[],["Explosive Potion","Explosive Potion"],[],[],["Energy Potion"],[],["AttackPotion"],[],["ColorlessPotion"],[],["AttackPotion"],[],[],[],[],[],[],[],[],[],[],[],[],[],[],[],[],[],[],[],[],[],[],["CultistPotion","Regen Potion","SkillPotion","EntropicBrew","ElixirPotion","AttackPotion","GamblersBrew"],[]],"relics":["Burning Blood","Calipers","Vajra","Nunchaku","Toxic Egg 2","Letter Opener","Coffee Dripper","MealTicket","PreservedInsect","InkBottle","Fusion Hammer","DollysMirror","Happy Flower","Potion Belt","Omamori","The Courier","Lizard Tail","Pen Nib","Orrery","Unceasing Top"],"potions_floor_usage":[7,12,16,24,24,27,29,31,33,56,56,56,56,56,56,56],"damage_taken":[{"damage":19,"enemies":"Small Slimes","floor":1,"turns":5},{"damage":6,"enemies":"Cultist","floor":4,"turns":5},{"damage":2,"enemies":"Jaw Worm","floor":5,"turns":5},{"damage":12,"enemies":"3 Sentries","floor":7,"turns":5},{"damage":0,"enemies":"3 Louse","floor":8,"turns":1},{"damage":21,"enemies":"Lagavulin","floor":12,"turns":9},{"damage":11,"enemies":"3 Sentries","floor":14,"turns":9},{"damage":38,"enemies":"Slime Boss","floor":16,"turns":7},{"damage":23,"enemies":"Shell Parasite","floor":18,"turns":5},{"damage":10,"enemies":"3 Byrds","floor":19,"turns":5},{"damage":26,"enemies":"Shelled Parasite and Fungi","floor":22,"turns":12},{"damage":30,"enemies":"Book of Stabbing","floor":24,"turns":4},{"damage":15,"enemies":"Centurion and Healer","floor":25,"turns":12},{"damage":34,"enemies":"Gremlin Leader","floor":27,"turns":7},{"damage":31,"enemies":"Sentry and Sphere","floor":28,"turns":10},{"damage":29,"enemies":"Snake Plant","floor":29,"turns":5},{"damage":23,"enemies":"Chosen and Byrds","floor":30,"turns":8},{"damage":12,"enemies":"Book of Stabbing","floor":31,"turns":3},{"damage":6,"enemies":"Automaton","floor":33,"turns":8},{"damage":0,"enemies":"Orb Walker","floor":35,"turns":4},{"damage":14,"enemies":"3 Shapes","floor":37,"turns":5},{"damage":7,"enemies":"Writhing Mass","floor":38,"turns":8},{"damage":16,"enemies":"Transient","floor":39,"turns":6},{"damage":12,"enemies":"Nemesis","floor":40,"turns":7},{"damage":15,"enemies":"Reptomancer","floor":42,"turns":4},{"damage":0,"enemies":"Mind Bloom Boss Battle","floor":44,"turns":8},{"damage":3,"enemies":"Giant Head","floor":45,"turns":6},{"damage":0,"enemies":"3 Darklings","floor":46,"turns":2},{"damage":4,"enemies":"Jaw Worm Horde","floor":48,"turns":2},{"damage":18,"enemies":"Donu and Deca","floor":50,"turns":11},{"damage":7,"enemies":"Time Eater","floor":51,"turns":7},{"damage":23,"enemies":"Shield and Spear","floor":55,"turns":11},{"damage":11,"enemies":"The Heart","floor":56,"turns":8}],"green_key_taken_log":42,"seed_played":"-875085118505842553","neow_bonus_log":{"cardsObtained":[],"cardsUpgraded":[],"cardsRemoved":[],"cardsTransformed":[],"relicsObtained":["Calipers"],"maxHpGained":0,"goldGained":0,"damageTaken":18,"goldLost":0,"maxHpLost":0},"potions_obtained":[{"floor":2,"key":"Explosive Potion"},{"floor":2,"key":"DistilledChaos"},{"floor":5,"key":"Fire Potion"},{"floor":7,"key":"Dexterity Potion"},{"floor":14,"key":"Explosive Potion"},{"floor":19,"key":"Explosive Potion"},{"floor":25,"key":"Energy Potion"},{"floor":28,"key":"AttackPotion"},{"floor":30,"key":"ColorlessPotion"},{"floor":31,"key":"AttackPotion"},{"floor":33,"key":"EntropicBrew"},{"floor":39,"key":"SkillPotion"},{"floor":40,"key":"Regen Potion"},{"floor":48,"key":"CultistPotion"}],"is_trial":false,"path_per_floor":["M","?","$","M","M","R","E","M","T","?","$","E","R","E","R","B",null,"M","M","?","?","M","R","E","M","T","E","M","M","M","E","R","B",null,"M","$","M","M","M","E","?","E","T","?","E","M","?","M","R","B","B",null,"R","$","E","B",null],"character_chosen":"IRONCLAD","basemod:card_modifiers":[null,null,null,null,null,null,null,null,null,null,null,null,null,null,null,null,null,null,null,null,null,null,null,null,null,null,null,null,null,null,null,null,null,null,null,null,null,null,null,null,null,null],"items_purchased":["Metallicize","Reaper","Discovery+1","DollysMirror","Happy Flower","Orrery"],"campfire_rested":1,"item_purchase_floors":[3,11,36,36,36,54],"current_hp_per_floor":[37,37,37,37,41,41,35,41,41,41,41,26,48,48,48,21,62,50,52,52,52,52,52,35,52,52,36,29,17,20,22,22,38,49,52,52,52,52,52,52,52,52,52,52,52,52,52,52,52,52,52,52,52,52,50,52],"gold":93,"neow_bonus":"ONE_RARE_RELIC","is_prod":false,"is_daily":false,"rewards_skipped":[{"floor":2,"relics":[],"potions":["Energy Potion"]},{"floor":4,"relics":[],"potions":["Weak Potion"]}],"chose_seed":false,"campfire_upgraded":4,"win_rate":0,"floor_exit_playtime":[92,101,107,140,172,177,235,245,248,255,260,341,348,434,441,526,568,624,698,704,721,863,877,949,1065,1073,1193,1320,1397,1472,1524,1551,1698,1727,1776,1831,1917,2042,2167,2283,2288,2378,2383,2481,2586,2615,2661,2752,2756,2950,3112,3123,3126,3188,3350,3563],"timestamp":1707533660,"blue_key_relic_skipped_log":{"floor":26,"relicID":"Matryoshka"},"path_taken":["M","?","?","M","?","R","E","M","T","?","$","E","R","E","R","BOSS","M","M","?","?","?","R","E","M","T","E","M","M","M","E","R","BOSS","M","$","M","M","?","E","?","E","T","?","E","M","?","M","R","BOSS","BOSS","R","$","E","BOSS"],"build_version":"2022-12-18","purchased_purges":1,"victory":true,"max_hp_per_floor":[75,75,75,75,75,75,75,75,75,75,75,75,75,75,75,75,75,75,75,52,52,52,52,52,52,52,52,52,52,52,52,52,52,52,52,52,52,52,52,52,52,52,52,52,52,52,52,52,52,52,52,52,52,52,52,52],"relic_stats":{"Calipers":[113],"Happy Flower":[28],"counters":[33,214],"PreservedInsect":377,"The Courier":33,"Pen Nib":[7],"Omamori":0,"Letter Opener":[463],"Burning Blood":129,"Nunchaku":[39],"Lizard Tail":0,"MealTicket":0,"obtain_stats":[{"Potion Belt":40,"Calipers":0,"Happy Flower":36,"Vajra":7,"PreservedInsect":27,"The Courier":43,"Pen Nib":45,"Omamori":42,"Letter Opener":14,"Burning Blood":0,"Nunchaku":9,"Lizard Tail":44,"DollysMirror":36,"Orrery":54,"MealTicket":24,"Fusion Hammer":34,"Coffee Dripper":17,"Toxic Egg 2":12,"InkBottle":31,"Unceasing Top":55},{"Potion Belt":24,"Calipers":0,"Happy Flower":20,"Vajra":4,"PreservedInsect":14,"The Courier":25,"Pen Nib":27,"Omamori":25,"Letter Opener":7,"Burning Blood":0,"Nunchaku":5,"Lizard Tail":26,"DollysMirror":20,"Orrery":31,"MealTicket":12,"Fusion Hammer":19,"Coffee Dripper":8,"Toxic Egg 2":6,"InkBottle":18,"Unceasing Top":32},{"Potion Belt":155,"Calipers":0,"Happy Flower":129,"Vajra":20,"PreservedInsect":91,"The Courier":159,"Pen Nib":173,"Omamori":159,"Letter Opener":39,"Burning Blood":0,"Nunchaku":21,"Lizard Tail":167,"DollysMirror":129,"Orrery":195,"MealTicket":72,"Fusion Hammer":125,"Coffee Dripper":46,"Toxic Egg 2":30,"InkBottle":117,"Unceasing Top":206}],"InkBottle":[53],"Unceasing Top":[0]},"card_choices":[{"not_picked":["Clash","Perfected Strike"],"picked":"Whirlwind","floor":1},{"not_picked":["Warcry","Heavy Blade"],"picked":"Shrug It Off","floor":4},{"not_picked":["Whirlwind","Feel No Pain"],"picked":"Iron Wave","floor":5},{"not_picked":["Twin Strike","Reckless Charge"],"picked":"Carnage","floor":7},{"not_picked":["Armaments","Twin Strike"],"picked":"Shrug It Off","floor":8},{"not_picked":["Iron Wave","Juggernaut"],"picked":"Shrug It Off+1","floor":12},{"not_picked":["Sentinel+1","Iron Wave"],"picked":"Pommel Strike","floor":14},{"not_picked":["Brutality","Bludgeon"],"picked":"Barricade","floor":16},{"not_picked":["Perfected Strike","Rupture"],"picked":"Headbutt","floor":18},{"not_picked":["Perfected Strike","Wild Strike"],"picked":"Havoc+1","floor":19},{"not_picked":["Feel No Pain","Headbutt+1"],"picked":"Body Slam+1","floor":22},{"not_picked":["Clash","Ghostly Armor+1"],"picked":"Corruption","floor":24},{"not_picked":["Sword Boomerang","Heavy Blade","Perfected Strike"],"picked":"SKIP","floor":25},{"not_picked":["Juggernaut","Perfected Strike","Dropkick"],"picked":"SKIP","floor":27},{"not_picked":["Pummel","Headbutt","Heavy Blade"],"picked":"SKIP","floor":28},{"not_picked":["True Grit+1","Clash"],"picked":"Bloodletting+1","floor":29},{"not_picked":["Clash","Combust"],"picked":"Burning Pact+1","floor":30},{"not_picked":["Rampage","Blood for Blood"],"picked":"Flame Barrier+1","floor":31},{"not_picked":["Reaper","Barricade"],"picked":"Exhume+1","floor":33},{"not_picked":["Thunderclap+1","Pommel Strike","Rampage"],"picked":"SKIP","floor":35},{"not_picked":["Infernal Blade+1","Anger"],"picked":"True Grit+1","floor":37},{"not_picked":["Bloodletting+1","Clash"],"picked":"Shrug It Off+1","floor":38},{"not_picked":["Thunderclap","Havoc+1","Sword Boomerang"],"picked":"SKIP","floor":39},{"not_picked":["Second Wind+1","Warcry+1"],"picked":"Shockwave+1","floor":40},{"not_picked":["Blood for Blood","Anger"],"picked":"Disarm+1","floor":42},{"not_picked":["Berserk","Cleave+1"],"picked":"True Grit+1","floor":44},{"not_picked":["Iron Wave","Pommel Strike"],"picked":"Shrug It Off+1","floor":45},{"not_picked":["Reaper","True Grit+1"],"picked":"Shockwave+1","floor":46},{"not_picked":["Second Wind+1","Inflame","Uppercut"],"picked":"SKIP","floor":48},{"not_picked":["Havoc+1","True Grit+1"],"picked":"Offering+1","floor":54},{"not_picked":["Shockwave+1","Ghostly Armor+1"],"picked":"Entrench+1","floor":54},{"not_picked":["Rage+1","Power Through+1"],"picked":"Shrug It Off+1","floor":54},{"not_picked":["Cleave+1","Pummel"],"picked":"Body Slam+1","floor":54},{"not_picked":["Flex+1","Heavy Blade","Thunderclap"],"picked":"SKIP","floor":54},{"not_picked":["Armaments+1","Thunderclap"],"picked":"Flame Barrier+1","floor":55}],"player_experience":5951715,"relics_obtained":[{"floor":7,"key":"Vajra"},{"floor":9,"key":"Nunchaku"},{"floor":12,"key":"Toxic Egg 2"},{"floor":14,"key":"Letter Opener"},{"floor":24,"key":"MealTicket"},{"floor":27,"key":"PreservedInsect"},{"floor":31,"key":"InkBottle"},{"floor":40,"key":"Potion Belt"},{"floor":42,"key":"Omamori"},{"floor":43,"key":"The Courier"},{"floor":44,"key":"Lizard Tail"},{"floor":45,"key":"Pen Nib"},{"floor":55,"key":"Unceasing Top"}],"event_choices":[{"damage_healed":0,"gold_gain":0,"player_choice":"Bought 3 Potions","damage_taken":0,"max_hp_gain":0,"max_hp_loss":0,"event_name":"The Woman in Blue","floor":2,"gold_loss":0},{"damage_healed":0,"gold_gain":0,"player_choice":"Grow","damage_taken":0,"max_hp_gain":0,"max_hp_loss":0,"event_name":"Living Wall","floor":10,"gold_loss":0,"cards_upgraded":["Carnage"]},{"damage_healed":0,"gold_gain":0,"player_choice":"Became a vampire","damage_taken":0,"max_hp_gain":0,"max_hp_loss":23,"event_name":"Vampires","floor":20,"gold_loss":0,"cards_obtained":["Bite","Bite","Bite","Bite","Bite"]},{"damage_healed":0,"gold_gain":0,"player_choice":"Ignored","damage_taken":0,"max_hp_gain":0,"max_hp_loss":0,"event_name":"N\u0027loth","floor":21,"gold_loss":0},{"cards_removed":["Bite"],"damage_healed":0,"gold_gain":0,"player_choice":"Removed Attack","damage_taken":0,"max_hp_gain":0,"max_hp_loss":0,"event_name":"Falling","floor":41,"gold_loss":0},{"damage_healed":0,"gold_gain":0,"player_choice":"Fight","damage_taken":0,"max_hp_gain":0,"max_hp_loss":0,"event_name":"MindBloom","floor":44,"gold_loss":0},{"damage_healed":0,"gold_gain":0,"player_choice":"Copied","damage_taken":0,"max_hp_gain":0,"max_hp_loss":0,"event_name":"Duplicator","floor":47,"gold_loss":0,"cards_obtained":["Burning Pact"]}],"is_beta":false,"boss_relics":[{"not_picked":["Velvet Choker","Ectoplasm"],"picked":"Coffee Dripper"},{"not_picked":["SacredBark","Black Blood"],"picked":"Fusion Hammer"}],"items_purged_floors":[36],"is_endless":false,"potions_floor_spawned":[4,5,7,14,19,25,28,30,31,33,39,40,48],"ascension_level":20,"potion_discard_per_floor":[[],[],[],[],["DistilledChaos"],[],[],[],[],[],[],[],[],[],[],[],[],[],[],[],[],[],[],[],[],[],[],[],[],[],[],[],[],[],[],[],[],[],[],[],[],[],[],[],[],[],[],[],[],[],[],[],[],[],[],[],[]]}