{"neow_bonuses_skipped_log":["THREE_CARDS","RANDOM_COMMON_RELIC","BOSS_RELIC"],"potions_obtained_entropic_brew":[[],[],[],[],[],[],[],[],[],[]],"neow_costs_skipped_log":["NONE","NONE","NONE"],"gold_per_floor":[114,164,1,19,35,35,50,76,76,76],"floor_reached":10,"playtime":429,"items_purged":[],"score":136,"play_id":"450df377-9f9e-44e2-aecf-7dbbb03fac87","local_time":"20240209221524","score_breakdown":["Floors Climbed (10): 50","Enemies Slain (4): 8","Exordium Elites Killed (1): 10","Bosses Slain (0): 0","Ascension (20): 68"],"is_ascension_mode":true,"potions_obtained_alchemize":[[],[],[],[],[],[],[],[],[],[]],"campfire_choices":[{"data":"Static Discharge","floor":6,"key":"SMITH"}],"lesson_learned_per_floor":[[],[],[],[],[],[],[],[],[],[]],"neow_cost":"TEN_PERCENT_HP_LOSS","improvable_cards":{},"seed_source_timestamp":22208291855816,"shop_contents":[{"floor":3,"relics":["Bag of Marbles","Blue Candle","Runic Capacitor"],"cards":["Melter","Compile Driver","Double Energy","Auto Shields","Storm","Master of Strategy"],"potions":["SpeedPotion","PotionOfCapacity"]}],"circlet_count":0,"master_deck":["AscendersBane","Strike_B","Strike_B","Strike_B","Strike_B","Defend_B","Defend_B","Defend_B","Defend_B","Zap","Dualcast","Echo Form","BootSequence","Good Instincts","Static Discharge+1","FTL","Sweeping Beam","Conserve Battery"],"potion_use_per_floor":[[],[],[],[],[],[],[],["Swift Potion","AttackPotion"],[],[]],"relics":["Cracked Core","TungstenRod","Molten Egg 2"],"potions_floor_usage":[8,8],"damage_taken":[{"damage":2,"enemies":"Jaw Worm","floor":1,"turns":3},{"damage":0,"enemies":"Cultist","floor":4,"turns":4},{"damage":0,"enemies":"2 Louse","floor":5,"turns":3},{"damage":11,"enemies":"Large Slime","floor":7,"turns":5},{"damage":32,"enemies":"Gremlin Nob","floor":8,"turns":3},{"damage":16,"enemies":"Exordium Thugs","floor":10,"turns":3}],"green_key_taken_log":8,"seed_played":"6757118019131291731","neow_bonus_log":{"cardsObtained":[],"cardsUpgraded":[],"cardsRemoved":[],"cardsTransformed":[],"relicsObtained":[],"maxHpGained":0,"goldGained":0,"damageTaken":0,"goldLost":0,"maxHpLost":7},"potions_obtained":[{"floor":4,"key":"Dexterity Potion"},{"floor":5,"key":"Swift Potion"}],"is_trial":false,"path_per_floor":["M","?","$","M","M","R","M","E","T","M"],"character_chosen":"DEFECT","basemod:card_modifiers":[null,null,null,null,null,null,null,null,null,null,null,null,null,null,null,null,null,null],"items_purchased":["AttackPotion","Good Instincts"],"campfire_rested":0,"item_purchase_floors":[3,3],"current_hp_per_floor":[62,56,56,56,56,56,45,13,13,0],"gold":76,"neow_bonus":"THREE_RARE_CARDS","is_prod":false,"is_daily":false,"rewards_skipped":[{"floor":7,"relics":[],"potions":["SteroidPotion"]}],"chose_seed":false,"campfire_upgraded":1,"win_rate":0,"floor_exit_playtime":[158,168,187,221,258,278,314,377,389],"timestamp":1707534924,"path_taken":["M","?","$","?","M","R","M","E","T","M"],"build_version":"2022-12-18","purchased_purges":0,"victory":false,"max_hp_per_floor":[64,64,64,64,64,64,64,64,64,64],"relic_stats":{"counters":[6,21],"obtain_stats":[{"Molten Egg 2":9,"Cracked Core":0,"TungstenRod":8},{"Molten Egg 2":5,"Cracked Core":0,"TungstenRod":5},{"Molten Egg 2":18,"Cracked Core":0,"TungstenRod":18}],"TungstenRod":2},"card_choices":[{"not_picked":["Seek","Core Surge"],"picked":"Echo Form","floor":0},{"not_picked":["Gash","Force Field"],"picked":"BootSequence","floor":1},{"not_picked":["Double Energy","Reprogram"],"picked":"Static Discharge","floor":4},{"not_picked":["Reinforced Body","Force Field"],"picked":"FTL","floor":5},{"not_picked":["FTL","Turbo"],"picked":"Sweeping Beam","floor":7},{"not_picked":["Scrape","Barrage"],"picked":"Conserve Battery","floor":8}],"player_experience":5956011,"relics_obtained":[{"floor":8,"key":"TungstenRod"},{"floor":9,"key":"Molten Egg 2"}],"event_choices":[{"damage_healed":0,"gold_gain":50,"player_choice":"Touch","damage_taken":6,"max_hp_gain":0,"max_hp_loss":0,"event_name":"FaceTrader","floor":2,"gold_loss":0}],"is_beta":false,"boss_relics":[],"items_purged_floors":[],"is_endless":false,"potions_floor_spawned":[4,5,7],"killed_by":"Exordium Thugs","ascension_level":20,"potion_discard_per_floor":[[],[],[],[],["Dexterity Potion"],[],[],[],[],[]]}