{"neow_bonuses_skipped_log":["REMOVE_CARD","THREE_ENEMY_KILL","TWENTY_PERCENT_HP_BONUS"],"potions_obtained_entropic_brew":[[],[],[],[],[],[],[],[],[],[],[],[],[],[],[],[],[],[],[],[],[]],"neow_costs_skipped_log":["NONE","NONE","PERCENT_DAMAGE"],"gold_per_floor":[110,24,44,61,61,61,79,119,199,199,233,233,233,249,249,340,340,360,59,79,79],"floor_reached":21,"playtime":1081,"items_purged":[],"score":378,"play_id":"ea47e75e-e5bc-48ce-9dbc-256a7dfb2f04","local_time":"20240217153506","score_breakdown":["Floors Climbed (21): 105","Enemies Slain (7): 14","Exordium Elites Killed (2): 20","City Elites Killed (0): 0","Bosses Slain (1): 50","Ascension (20): 189"],"is_ascension_mode":true,"potions_obtained_alchemize":[[],[],[],[],[],[],[],[],[],[],[],[],[],[],[],[],[],[],[],[],[]],"campfire_choices":[{"data":"Noxious Fumes","floor":6,"key":"SMITH"},{"floor":10,"key":"REST"},{"data":"Well Laid Plans","floor":12,"key":"SMITH"},{"floor":15,"key":"REST"}],"lesson_learned_per_floor":[[],[],[],[],[],[],[],[],[],[],[],[],[],[],[],[],[],[],[],[],[]],"neow_cost":"NONE","improvable_cards":{},"seed_source_timestamp":12506475862378,"shop_contents":[{"floor":2,"relics":["PreservedInsect","Regal Pillow","ClockworkSouvenir"],"cards":["Quick Slash","Bane","Deadly Poison","Calculated Gamble","Bandage Up","Sadistic Nature"],"potions":["GamblersBrew","SpeedPotion","SneckoOil"]},{"floor":19,"relics":["Pen Nib","War Paint"],"cards":["Riddle With Holes","Quick Slash","Outmaneuver","Caltrops","Thinking Ahead"],"potions":["DuplicationPotion","Energy Potion","DistilledChaos"]}],"circlet_count":0,"master_deck":["AscendersBane","Strike_G","Strike_G","Strike_G","Strike_G","Defend_G","Defend_G","Defend_G","Defend_G","Defend_G","Survivor","Neutralize","Noxious Fumes+1","Dodge and Roll","Dagger Throw","Well Laid Plans+1","Sucker Punch","Trip","Calculated Gamble","Noxious Fumes"],"potion_use_per_floor":[[],[],[],[],[],[],["SneckoOil"],[],[],[],["FearPotion"],[],[],[],[],[],[],[],[],[],[]],"relics":["Busted Crown","Golden Idol","Bronze Scales","Bottled Flame","Dream Catcher","Fusion Hammer","Frozen Eye"],"potions_floor_usage":[7,11],"damage_taken":[{"damage":7,"enemies":"Small Slimes","floor":1,"turns":7},{"damage":1,"enemies":"2 Louse","floor":3,"turns":4},{"damage":0,"enemies":"Cultist","floor":4,"turns":5},{"damage":10,"enemies":"Large Slime","floor":7,"turns":7},{"damage":38,"enemies":"3 Sentries","floor":8,"turns":9},{"damage":7,"enemies":"Lagavulin","floor":11,"turns":7},{"damage":1,"enemies":"Blue Slaver","floor":14,"turns":4},{"damage":17,"enemies":"The Guardian","floor":16,"turns":12},{"damage":24,"enemies":"Shell Parasite","floor":18,"turns":7},{"damage":0,"enemies":"3 Byrds","floor":20,"turns":4},{"damage":44,"enemies":"Snecko","floor":21,"turns":6}],"green_key_taken_log":11,"seed_played":"-7236465152040809248","neow_bonus_log":{"cardsObtained":[],"cardsUpgraded":[],"cardsRemoved":[],"cardsTransformed":[],"relicsObtained":["Busted Crown"],"maxHpGained":0,"goldGained":0,"damageTaken":0,"goldLost":0,"maxHpLost":0},"potions_obtained":[{"floor":1,"key":"FearPotion"},{"floor":3,"key":"SneckoOil"},{"floor":7,"key":"GamblersBrew"},{"floor":18,"key":"DuplicationPotion"}],"is_trial":false,"path_per_floor":["M","$","M","M","?","R","M","E","T","R","E","R","?","M","R","B",null,"M","$","M","M"],"character_chosen":"THE_SILENT","basemod:card_modifiers":[null,null,null,null,null,null,null,null,null,null,null,null,null,null,null,null,null,null,null,null],"items_purchased":["Noxious Fumes","Trip","Calculated Gamble","Frozen Eye"],"campfire_rested":2,"item_purchase_floors":[2,19,19,19],"current_hp_per_floor":[52,52,51,51,51,51,41,3,3,21,14,14,14,13,31,14,49,25,25,25,0],"gold":79,"neow_bonus":"BOSS_RELIC","is_prod":false,"is_daily":false,"rewards_skipped":[],"chose_seed":false,"campfire_upgraded":2,"win_rate":0,"floor_exit_playtime":[287,297,335,373,377,383,458,550,560,563,615,620,625,662,669,789,834,914,943,1009],"timestamp":1708202106,"path_taken":["M","$","M","M","?","R","?","E","T","R","E","R","?","?","R","BOSS","M","$","?","?"],"build_version":"2022-12-18","purchased_purges":0,"victory":false,"max_hp_per_floor":[66,66,66,66,60,60,60,60,60,60,60,60,60,60,60,60,60,60,60,60,60],"relic_stats":{"Frozen Eye":7.609107,"Bottled Flame":"Dagger Throw","Dream Catcher":1,"Busted Crown":22,"counters":[11,72],"Golden Idol":48,"Bronze Scales":[160],"obtain_stats":[{"Frozen Eye":19,"Bottled Flame":9,"Dream Catcher":11,"Busted Crown":0,"Golden Idol":5,"Bronze Scales":8,"Fusion Hammer":17,"Ring of the Snake":0},{"Frozen Eye":9,"Bottled Flame":5,"Dream Catcher":6,"Busted Crown":0,"Golden Idol":3,"Bronze Scales":5,"Fusion Hammer":8,"Ring of the Snake":0},{"Frozen Eye":62,"Bottled Flame":32,"Dream Catcher":39,"Busted Crown":0,"Golden Idol":16,"Bronze Scales":32,"Fusion Hammer":55,"Ring of the Snake":0}]},"card_choices":[{"not_picked":[],"picked":"Dodge and Roll","floor":3},{"not_picked":["Deflect"],"picked":"SKIP","floor":7},{"not_picked":[],"picked":"Dagger Throw","floor":8},{"not_picked":[],"picked":"Well Laid Plans","floor":11},{"not_picked":[],"picked":"Sucker Punch","floor":14},{"not_picked":["Bullet Time"],"picked":"SKIP","floor":16},{"not_picked":["Concentrate"],"picked":"SKIP","floor":18},{"not_picked":[],"picked":"Noxious Fumes","floor":20}],"player_experience":6150345,"relics_obtained":[{"floor":8,"key":"Bronze Scales"},{"floor":9,"key":"Bottled Flame"},{"floor":11,"key":"Dream Catcher"}],"event_choices":[{"damage_healed":0,"gold_gain":0,"player_choice":"Lose Max HP","damage_taken":0,"relics_obtained":["Golden Idol"],"max_hp_gain":0,"max_hp_loss":6,"event_name":"Golden Idol","floor":5,"gold_loss":0},{"cards_removed":["Strike_G"],"damage_healed":0,"gold_gain":0,"player_choice":"Purged","damage_taken":0,"max_hp_gain":0,"max_hp_loss":0,"event_name":"Purifier","floor":13,"gold_loss":0}],"is_beta":false,"boss_relics":[{"not_picked":["SacredBark","Empty Cage"],"picked":"Fusion Hammer"}],"items_purged_floors":[],"is_endless":false,"potions_floor_spawned":[1,3,7,18],"killed_by":"Snecko","ascension_level":20,"potion_discard_per_floor":[[],[],[],[],[],[],[],[],[],[],[],[],[],[],[],[],[],[],[],[],[]]}