{"neow_bonuses_skipped_log":["THREE_SMALL_POTIONS","REMOVE_TWO","BOSS_RELIC"],"potions_obtained_entropic_brew":[[],[],[],[],[],[],[],[],[],[],[],[],[],[],[],[],[],[],[],[],[],[],[],[],[]],"neow_costs_skipped_log":["NONE","PERCENT_DAMAGE","NONE"],"gold_per_floor":[115,135,60,71,91,91,122,122,122,154,154,172,183,198,198,272,272,284,297,297,212,49,49,79,79],"floor_reached":25,"playtime":1067,"items_purged":[],"score":466,"play_id":"17b63932-d77e-41c5-8a16-733936470245","local_time":"20240216174621","score_breakdown":["Floors Climbed (25): 125","Enemies Slain (9): 18","Exordium Elites Killed (2): 20","City Elites Killed (1): 20","Bosses Slain (1): 50","Ascension (20): 233"],"is_ascension_mode":true,"potions_obtained_alchemize":[[],[],[],[],[],[],[],[],[],[],[],[],[],[],[],[],[],[],[],[],[],[],[],[],[]],"campfire_choices":[{"data":"Twin Strike","floor":6,"key":"SMITH"},{"data":"Bash","floor":8,"key":"SMITH"},{"data":"Clothesline","floor":11,"key":"SMITH"},{"data":"Body Slam","floor":15,"key":"SMITH"},{"data":"Pommel Strike","floor":23,"key":"SMITH"}],"lesson_learned_per_floor":[[],[],[],[],[],[],[],[],[],[],[],[],[],[],[],[],[],[],[],[],[],[],[],[],[]],"neow_cost":"NONE","improvable_cards":{},"seed_source_timestamp":10492376832847,"shop_contents":[{"floor":22,"relics":["Blue Candle","Omamori","TheAbacus"],"cards":["Clothesline","Warcry","True Grit","Metallicize","Metamorphosis"],"potions":["BloodPotion","GamblersBrew","DistilledChaos"]}],"circlet_count":0,"master_deck":["AscendersBane","Strike_R","Strike_R","Strike_R","Defend_R","Defend_R","Defend_R","Defend_R","Bash+1","Impervious","Clothesline+1","Twin Strike+1","Shrug It Off","Headbutt","Anger","Seeing Red","Body Slam+1","Demon Form","Fiend Fire","Bandage Up","Pommel Strike+1","True Grit+1"],"potion_use_per_floor":[[],[],[],[],[],[],["FearPotion"],[],[],["Fruit Juice"],[],[],[],[],[],[],[],[],[],[],[],[],[],["Swift Potion","LiquidMemories"],[]],"relics":["Burning Blood","Calipers","Matryoshka","MealTicket","Sozu","Pear","Happy Flower"],"potions_floor_usage":[7,10,24,24],"damage_taken":[{"damage":2,"enemies":"Jaw Worm","floor":1,"turns":5},{"damage":3,"enemies":"2 Louse","floor":2,"turns":4},{"damage":0,"enemies":"Small Slimes","floor":4,"turns":4},{"damage":8,"enemies":"Looter","floor":5,"turns":4},{"damage":36,"enemies":"Lagavulin","floor":7,"turns":6},{"damage":17,"enemies":"3 Sentries","floor":10,"turns":9},{"damage":1,"enemies":"2 Fungi Beasts","floor":12,"turns":3},{"damage":16,"enemies":"Blue Slaver","floor":13,"turns":3},{"damage":10,"enemies":"3 Louse","floor":14,"turns":3},{"damage":23,"enemies":"Hexaghost","floor":16,"turns":9},{"damage":27,"enemies":"2 Thieves","floor":18,"turns":4},{"damage":23,"enemies":"3 Byrds","floor":19,"turns":6},{"damage":46,"enemies":"Slavers","floor":24,"turns":6},{"damage":14,"enemies":"Centurion and Healer","floor":25,"turns":1}],"seed_played":"5990323536976718316","neow_bonus_log":{"cardsObtained":["Impervious"],"cardsUpgraded":[],"cardsRemoved":[],"cardsTransformed":[],"relicsObtained":[],"maxHpGained":0,"goldGained":0,"damageTaken":0,"goldLost":0,"maxHpLost":0},"potions_obtained":[{"floor":4,"key":"Swift Potion"},{"floor":5,"key":"FearPotion"},{"floor":7,"key":"Fruit Juice"},{"floor":10,"key":"LiquidMemories"}],"is_trial":false,"path_per_floor":["M","M","?","M","M","R","E","R","T","E","R","M","M","M","R","B",null,"M","M","?","?","$","R","E","M"],"character_chosen":"IRONCLAD","basemod:card_modifiers":[null,null,null,null,null,null,null,null,null,null,null,null,null,null,null,null,null,null,null,null,null,null],"items_purchased":["Bandage Up","Pommel Strike"],"campfire_rested":0,"item_purchase_floors":[22,22],"current_hp_per_floor":[72,75,75,75,73,73,43,43,43,37,37,42,32,28,28,11,63,42,25,25,35,50,50,10,0],"gold":79,"neow_bonus":"ONE_RANDOM_RARE_CARD","is_prod":false,"is_daily":false,"rewards_skipped":[{"floor":14,"relics":[],"potions":["SkillPotion"]},{"floor":19,"relics":[],"potions":["SkillPotion"]}],"chose_seed":false,"campfire_upgraded":5,"win_rate":0,"floor_exit_playtime":[76,105,113,140,169,191,280,291,295,396,404,443,465,520,526,679,708,774,867,872,880,909,921,1051],"timestamp":1708123581,"path_taken":["M","M","?","M","M","R","E","R","T","E","R","?","M","M","R","BOSS","M","M","?","?","$","R","E","M"],"build_version":"2022-12-18","purchased_purges":0,"victory":false,"max_hp_per_floor":[75,75,75,75,75,75,75,75,75,80,80,80,80,80,80,80,80,80,80,80,90,90,90,90,90],"relic_stats":{"Sozu":0,"Calipers":[39],"Matryoshka":0,"Happy Flower":[0],"counters":[14,67],"MealTicket":15,"obtain_stats":[{"Sozu":17,"Calipers":7,"Matryoshka":9,"Pear":21,"Happy Flower":24,"MealTicket":10,"Burning Blood":0},{"Sozu":10,"Calipers":5,"Matryoshka":5,"Pear":12,"Happy Flower":13,"MealTicket":6,"Burning Blood":0},{"Sozu":50,"Calipers":23,"Matryoshka":23,"Pear":60,"Happy Flower":66,"MealTicket":32,"Burning Blood":0}],"Burning Blood":72},"card_choices":[{"not_picked":["Clash","Heavy Blade"],"picked":"Clothesline","floor":1},{"not_picked":["Fire Breathing","Sever Soul"],"picked":"Twin Strike","floor":2},{"not_picked":["Thunderclap","Rampage"],"picked":"Shrug It Off","floor":4},{"not_picked":["Shrug It Off","Iron Wave"],"picked":"Headbutt","floor":5},{"not_picked":["Dark Embrace","Iron Wave"],"picked":"Anger","floor":7},{"not_picked":["Rage","Dropkick"],"picked":"Seeing Red","floor":10},{"not_picked":["Havoc","True Grit"],"picked":"Body Slam","floor":12},{"not_picked":["Warcry","Carnage"],"picked":"Demon Form","floor":13},{"not_picked":["Heavy Blade","Warcry","Perfected Strike"],"picked":"SKIP","floor":14},{"not_picked":["Barricade","Juggernaut"],"picked":"Fiend Fire","floor":16},{"not_picked":["Seeing Red","Anger","Hemokinesis"],"picked":"SKIP","floor":18},{"not_picked":["Perfected Strike","Thunderclap","Clothesline+1"],"picked":"SKIP","floor":19},{"not_picked":["Thunderclap","Sword Boomerang"],"picked":"True Grit+1","floor":24}],"player_experience":6114172,"relics_obtained":[{"floor":7,"key":"Calipers"},{"floor":9,"key":"Matryoshka"},{"floor":10,"key":"MealTicket"},{"floor":24,"key":"Happy Flower"}],"event_choices":[{"cards_removed":["Strike_R"],"damage_healed":0,"gold_gain":0,"player_choice":"Card Removal","damage_taken":0,"max_hp_gain":0,"max_hp_loss":0,"event_name":"The Cleric","floor":3,"gold_loss":75},{"cards_removed":["Strike_R"],"damage_healed":0,"gold_gain":0,"player_choice":"Purged","damage_taken":0,"max_hp_gain":0,"max_hp_loss":0,"event_name":"Purifier","floor":20,"gold_loss":0},{"damage_healed":0,"gold_gain":0,"player_choice":"Obtained Relic","damage_taken":0,"relics_obtained":["Pear"],"max_hp_gain":0,"max_hp_loss":0,"event_name":"Addict","floor":21,"gold_loss":85}],"is_beta":false,"boss_relics":[{"not_picked":["Black Blood","Ectoplasm"],"picked":"Sozu"}],"items_purged_floors":[],"is_endless":false,"potions_floor_spawned":[4,5,7,10,14,19],"killed_by":"Centurion and Healer","ascension_level":20,"potion_discard_per_floor":[[],[],[],[],[],[],[],[],[],[],[],[],[],[],[],[],[],[],[],[],[],[],[],[],[]]}