{"neow_bonuses_skipped_log":["ONE_RANDOM_RARE_CARD","RANDOM_COLORLESS_2","BOSS_RELIC"],"neow_costs_skipped_log":["NONE","PERCENT_DAMAGE","NONE"],"potions_obtained_entropic_brew":[[],[],[],[],[],[],[],[],[],[],[],[],[],[],[],[],[],[],[],[],[],[],[],[],[],[],[],[],[],[],[],[],[],[],[],[],[],[],[],[],[],[],[],[],[],[],[],[],[],[],[],[],[],[],[],[],[]],"gold_per_floor":[111,131,206,219,9,9,39,39,39,39,58,58,87,107,107,178,178,196,13,13,13,13,39,55,55,55,73,73,73,89,123,123,201,201,218,114,125,140,211,211,244,244,244,34,64,79,96,106,106,106,106,106,106,14,40,40],"floor_reached":57,"playtime":2744,"items_purged":["Strike_R","Strike_R"],"score":2799,"play_id":"a4aef0dd-c66c-4975-9b13-5748a9e8f9d9","local_time":"20240219194222","score_breakdown":["Floors Climbed (57): 285","Enemies Slain (16): 32","Exordium Elites Killed (2): 20","City Elites Killed (2): 40","Beyond Elites Killed (2): 60","Bosses Slain (5): 750","Speedster: 25","Stuffed: 50","Champion (1): 25","Overkill: 25","Ascension (20): 1237","Heartbreaker: 250"],"is_ascension_mode":true,"potions_obtained_alchemize":[[],[],[],[],[],[],[],[],[],[],[],[],[],[],[],[],[],[],[],[],[],[],[],[],[],[],[],[],[],[],[],[],[],[],[],[],[],[],[],[],[],[],[],[],[],[],[],[],[],[],[],[],[],[],[],[],[]],"campfire_choices":[{"data":"Carnage","floor":6,"key":"SMITH"},{"data":"Shockwave","floor":8,"key":"SMITH"},{"floor":10,"key":"REST"},{"data":"Combust","floor":15,"key":"SMITH"},{"data":"Fiend Fire","floor":25,"key":"SMITH"},{"floor":29,"key":"REST"},{"data":"Whirlwind","floor":32,"key":"SMITH"},{"floor":40,"key":"RECALL"},{"data":"Demon Form","floor":42,"key":"SMITH"},{"data":"Feel No Pain","floor":49,"key":"SMITH"},{"data":"Shockwave","floor":53,"key":"SMITH"}],"lesson_learned_per_floor":[[],[],[],[],[],[],[],[],[],[],[],[],[],[],[],[],[],[],[],[],[],[],[],[],[],[],[],[],[],[],[],[],[],[],[],[],[],[],[],[],[],[],[],[],[],[],[],[],[],[],[],[],[],[],[],[],[]],"neow_cost":"NONE","improvable_cards":{},"seed_source_timestamp":20884817036560,"shop_contents":[{"floor":5,"relics":["Juzu Bracelet","Girya"],"cards":["Perfected Strike","Body Slam","Sentinel","True Grit","Evolve","Master of Strategy"],"potions":["Dexterity Potion","Weak Potion","DistilledChaos"]},{"floor":19,"relics":["Frozen Egg 2"],"cards":["Reckless Charge","Wild Strike","Shrug It Off","Combust","Enlightenment","Secret Technique"],"potions":["LiquidBronze","SteroidPotion","Ancient Potion"]},{"floor":21,"relics":["Dream Catcher","Bottled Tornado","Cauldron"],"cards":["Iron Wave","Anger","Havoc","Flame Barrier","Dark Embrace","Flash of Steel","Master of Strategy"],"potions":["AttackPotion","HeartOfIron","SkillPotion"]},{"floor":36,"relics":["Prayer Wheel","Ice Cream","Brimstone"],"cards":["Perfected Strike","Clothesline","Flex","PanicButton","Sadistic Nature"],"potions":["Fire Potion","Strength Potion","Ancient Potion"]},{"floor":44,"relics":["Bag of Preparation","Turnip","OrangePellets"],"cards":["Armaments","PanicButton","Secret Weapon"],"potions":["EntropicBrew","Regen Potion","Strength Potion"]},{"floor":54,"relics":["Art of War","Mercury Hourglass","TheAbacus"],"cards":["Blood for Blood+1","Clash+1","Armaments","Havoc","Evolve","Good Instincts","Mayhem"],"potions":["Regen Potion","SpeedPotion"]}],"circlet_count":0,"master_deck":["AscendersBane","Strike_R","Strike_R","Defend_R","Defend_R","Defend_R","Defend_R","Bash","Combust+1","Carnage+1","Dark Shackles","Shockwave+1","Shockwave+1","Metallicize","Fiend Fire+1","Disarm","Bash","Power Through","Blood for Blood","Second Wind","Whirlwind+1","Corruption","Demon Form+1","Shrug It Off","Evolve","Disarm","Shrug It Off+1","Feel No Pain+1","Reaper","Feed","Shrug It Off","Exhume","Burning Pact"],"potion_use_per_floor":[[],["SkillPotion"],[],[],[],[],[],[],[],["Fruit Juice"],[],[],[],[],[],[],[],[],[],[],[],[],[],[],[],[],[],[],[],[],[],[],["AttackPotion","SteroidPotion"],[],[],[],[],[],[],[],[],[],[],[],[],[],[],[],[],[],[],[],[],[],[],["Ancient Potion","GamblersBrew"],[]],"relics":["Burning Blood","Regal Pillow","Membership Card","Happy Flower","Paper Frog","Centennial Puzzle","Snecko Eye","Toolbox","Oddly Smooth Stone","Bottled Lightning","Sundial","Enchiridion","Bird Faced Urn","Empty Cage","Bronze Scales","Molten Egg 2","Du-Vu Doll"],"potions_floor_usage":[2,10,33,33,56,56],"damage_taken":[{"damage":14,"enemies":"Small Slimes","floor":1,"turns":5},{"damage":7,"enemies":"2 Louse","floor":2,"turns":3},{"damage":7,"enemies":"Jaw Worm","floor":4,"turns":3},{"damage":23,"enemies":"3 Sentries","floor":7,"turns":4},{"damage":12,"enemies":"Lots of Slimes","floor":11,"turns":3},{"damage":16,"enemies":"Lagavulin","floor":13,"turns":6},{"damage":4,"enemies":"2 Fungi Beasts","floor":14,"turns":2},{"damage":16,"enemies":"The Guardian","floor":16,"turns":10},{"damage":0,"enemies":"Chosen","floor":18,"turns":3},{"damage":5,"enemies":"Gremlin Leader","floor":23,"turns":5},{"damage":0,"enemies":"3 Byrds","floor":24,"turns":6},{"damage":4,"enemies":"Shelled Parasite and Fungi","floor":27,"turns":3},{"damage":4,"enemies":"3 Cultists","floor":30,"turns":5},{"damage":9,"enemies":"Slavers","floor":31,"turns":5},{"damage":62,"enemies":"Collector","floor":33,"turns":5},{"damage":4,"enemies":"Orb Walker","floor":35,"turns":3},{"damage":0,"enemies":"3 Darklings","floor":37,"turns":2},{"damage":19,"enemies":"Spire Growth","floor":38,"turns":3},{"damage":6,"enemies":"Jaw Worm Horde","floor":39,"turns":6},{"damage":51,"enemies":"Reptomancer","floor":41,"turns":5},{"damage":0,"enemies":"Nemesis","floor":45,"turns":7},{"damage":13,"enemies":"Transient","floor":46,"turns":6},{"damage":13,"enemies":"Spire Growth","floor":47,"turns":4},{"damage":39,"enemies":"Jaw Worm Horde","floor":48,"turns":8},{"damage":36,"enemies":"Donu and Deca","floor":50,"turns":10},{"damage":58,"enemies":"Time Eater","floor":51,"turns":13},{"damage":30,"enemies":"Shield and Spear","floor":55,"turns":7},{"damage":106,"enemies":"The Heart","floor":56,"turns":9}],"green_key_taken_log":13,"seed_played":"-1969614321149336465","neow_bonus_log":{"cardsObtained":[],"cardsUpgraded":[],"cardsRemoved":[],"cardsTransformed":[],"relicsObtained":["Regal Pillow"],"maxHpGained":0,"goldGained":0,"damageTaken":0,"goldLost":0,"maxHpLost":0},"potions_obtained":[{"floor":1,"key":"SkillPotion"},{"floor":2,"key":"AttackPotion"},{"floor":7,"key":"Fruit Juice"},{"floor":13,"key":"SteroidPotion"},{"floor":33,"key":"GamblersBrew"},{"floor":37,"key":"ColorlessPotion"}],"is_trial":false,"path_per_floor":["M","M","?","M","$","R","E","R","T","R","M","?","E","M","R","B",null,"M","$","?","$","?","E","M","R","T","M","?","R","M","E","R","B",null,"M","$","M","M","M","R","E","R","T","$","E","M","M","M","R","B","B",null,"R","$","E","B",null],"character_chosen":"IRONCLAD","basemod:card_modifiers":[null,null,null,null,null,null,null,null,null,null,null,null,null,null,null,null,null,null,null,null,null,null,null,null,null,null,null,null,null,null,null,null,null],"items_purchased":["Membership Card","Dark Shackles","Disarm","Toolbox","Oddly Smooth Stone","Shrug It Off","Evolve","Feel No Pain","Reaper","Feed","Shrug It Off","Ancient Potion"],"campfire_rested":2,"item_purchase_floors":[5,5,19,19,19,36,36,44,44,44,44,54],"current_hp_per_floor":[60,59,48,47,47,47,30,30,30,74,68,68,58,60,60,50,73,79,79,79,79,56,57,63,63,63,65,44,84,85,82,82,33,72,80,80,85,72,76,76,39,39,39,39,85,85,89,92,92,101,95,102,102,102,110,73],"gold":40,"neow_bonus":"RANDOM_COMMON_RELIC","is_prod":false,"is_daily":false,"rewards_skipped":[{"floor":16,"relics":[],"potions":["ColorlessPotion"]},{"floor":24,"relics":[],"potions":["Weak Potion"]},{"floor":27,"relics":[],"potions":["EssenceOfSteel"]},{"floor":30,"relics":[],"potions":["Block Potion"]},{"floor":41,"relics":[],"potions":["ElixirPotion"]},{"floor":46,"relics":[],"potions":["Dexterity Potion"]},{"floor":48,"relics":[],"potions":["Explosive Potion"]}],"chose_seed":false,"campfire_upgraded":8,"win_rate":0,"floor_exit_playtime":[65,104,107,130,145,152,194,207,211,228,273,278,326,358,370,454,489,512,527,543,547,554,650,729,735,741,778,791,798,866,952,960,1091,1122,1161,1179,1220,1270,1374,1379,1488,1497,1500,1528,1622,1716,1798,1931,1946,2123,2338,2348,2373,2401,2565,2744],"timestamp":1708389742,"blue_key_relic_skipped_log":{"floor":43,"relicID":"Gambling Chip"},"path_taken":["M","M","?","M","$","R","E","R","T","R","M","?","E","M","R","BOSS","M","$","?","?","?","E","M","R","T","M","?","R","M","E","R","BOSS","M","$","M","M","M","R","E","R","T","$","E","M","M","M","R","BOSS","BOSS","R","$","E","BOSS"],"build_version":"2022-12-18","purchased_purges":2,"victory":true,"max_hp_per_floor":[75,75,75,75,75,75,75,75,75,80,80,80,80,80,80,80,80,80,80,80,80,85,85,85,85,85,85,85,85,85,85,85,85,85,85,85,85,85,85,85,85,85,85,85,85,85,89,95,95,101,104,104,104,104,110,110],"relic_stats":{"Regal Pillow":30,"Centennial Puzzle":[53],"Happy Flower":[45],"counters":[28,151],"Sundial":[18],"Bird Faced Urn":[96],"Bronze Scales":[349],"Snecko Eye":[180,194,171,167,-35],"Membership Card":634,"Bottled Lightning":"Shockwave","obtain_stats":[{"Regal Pillow":0,"Happy Flower":7,"Oddly Smooth Stone":19,"Enchiridion":28,"Empty Cage":34,"Burning Blood":0,"Du-Vu Doll":55,"Centennial Puzzle":13,"Sundial":26,"Bird Faced Urn":31,"Bronze Scales":41,"Snecko Eye":17,"Toolbox":19,"Molten Egg 2":45,"Membership Card":5,"Bottled Lightning":23,"Paper Frog":9},{"Regal Pillow":0,"Happy Flower":4,"Oddly Smooth Stone":9,"Enchiridion":12,"Empty Cage":15,"Burning Blood":0,"Du-Vu Doll":27,"Centennial Puzzle":6,"Sundial":11,"Bird Faced Urn":14,"Bronze Scales":20,"Snecko Eye":8,"Toolbox":9,"Molten Egg 2":21,"Membership Card":3,"Bottled Lightning":10,"Paper Frog":4},{"Regal Pillow":0,"Happy Flower":15,"Oddly Smooth Stone":39,"Enchiridion":53,"Empty Cage":68,"Burning Blood":0,"Du-Vu Doll":142,"Centennial Puzzle":24,"Sundial":50,"Bird Faced Urn":63,"Bronze Scales":87,"Snecko Eye":36,"Toolbox":39,"Molten Egg 2":94,"Membership Card":11,"Bottled Lightning":44,"Paper Frog":15}],"Burning Blood":138},"card_choices":[{"not_picked":["Thunderclap","Cleave"],"picked":"Anger","floor":1},{"not_picked":["Warcry","Sword Boomerang"],"picked":"Combust","floor":2},{"not_picked":["Flex","Feel No Pain"],"picked":"Carnage","floor":4},{"not_picked":["Warcry","Barricade"],"picked":"Shockwave","floor":7},{"not_picked":["Thunderclap","Iron Wave","Body Slam"],"picked":"SKIP","floor":11},{"not_picked":["Thunderclap","Iron Wave","Body Slam"],"picked":"SKIP","floor":11},{"not_picked":["Body Slam","Clothesline"],"picked":"Shockwave","floor":13},{"not_picked":["Sword Boomerang","Perfected Strike"],"picked":"Metallicize","floor":14},{"not_picked":["Exhume","Demon Form"],"picked":"Fiend Fire","floor":16},{"not_picked":["Warcry","Pommel Strike","Intimidate"],"picked":"SKIP","floor":18},{"not_picked":["Pummel","Havoc"],"picked":"Blood for Blood","floor":23},{"not_picked":["Twin Strike","Sever Soul+1","Clothesline"],"picked":"SKIP","floor":24},{"not_picked":["Twin Strike","Sever Soul+1","Clothesline"],"picked":"SKIP","floor":24},{"not_picked":["Carnage","Flex+1"],"picked":"Second Wind","floor":27},{"not_picked":["Limit Break","Heavy Blade"],"picked":"Whirlwind","floor":30},{"not_picked":["Metallicize","Havoc"],"picked":"Corruption","floor":31},{"not_picked":["Feed","Double Tap"],"picked":"Demon Form","floor":33},{"not_picked":["Body Slam+1","Wild Strike","True Grit"],"picked":"SKIP","floor":35},{"not_picked":["Spot Weakness","Burning Pact"],"picked":"Disarm","floor":37},{"not_picked":["Metallicize","Twin Strike+1","Heavy Blade"],"picked":"SKIP","floor":38},{"not_picked":["Metallicize","Twin Strike+1","Heavy Blade"],"picked":"SKIP","floor":38},{"not_picked":["Heavy Blade","Flex+1"],"picked":"Shrug It Off+1","floor":39},{"not_picked":["Iron Wave","Perfected Strike+1","Wild Strike"],"picked":"SKIP","floor":41},{"not_picked":["Iron Wave","Perfected Strike+1","Wild Strike"],"picked":"SKIP","floor":41},{"not_picked":["Inflame","Combust"],"picked":"Exhume","floor":45},{"not_picked":["Iron Wave+1","Evolve","Thunderclap+1"],"picked":"SKIP","floor":46},{"not_picked":["Battle Trance+1","Inflame+1","True Grit"],"picked":"SKIP","floor":47},{"not_picked":["Armaments","Iron Wave+1"],"picked":"Burning Pact","floor":48},{"not_picked":["Headbutt+1","Clash+1","Flex"],"picked":"SKIP","floor":55}],"player_experience":6204728,"relics_obtained":[{"floor":7,"key":"Happy Flower"},{"floor":9,"key":"Paper Frog"},{"floor":13,"key":"Centennial Puzzle"},{"floor":23,"key":"Bottled Lightning"},{"floor":26,"key":"Sundial"},{"floor":28,"key":"Enchiridion"},{"floor":31,"key":"Bird Faced Urn"},{"floor":41,"key":"Bronze Scales"},{"floor":45,"key":"Molten Egg 2"},{"floor":55,"key":"Du-Vu Doll"}],"event_choices":[{"damage_healed":0,"gold_gain":75,"player_choice":"Gather Gold","damage_taken":11,"max_hp_gain":0,"max_hp_loss":0,"event_name":"World of Goop","floor":3,"gold_loss":0},{"damage_healed":0,"gold_gain":0,"player_choice":"Leave","damage_taken":0,"max_hp_gain":0,"max_hp_loss":0,"event_name":"The Cleric","floor":12,"gold_loss":0},{"damage_healed":0,"gold_gain":0,"player_choice":"2 cards matched","damage_taken":0,"max_hp_gain":0,"max_hp_loss":0,"event_name":"Match and Keep!","floor":20,"gold_loss":0,"cards_obtained":["Bash","Power Through"]},{"damage_healed":0,"gold_gain":0,"player_choice":"Shed Blood","damage_taken":28,"max_hp_gain":5,"max_hp_loss":0,"event_name":"Forgotten Altar","floor":22,"gold_loss":0},{"damage_healed":0,"gold_gain":0,"player_choice":"Obtained Book","damage_taken":21,"max_hp_gain":0,"max_hp_loss":0,"event_name":"Cursed Tome","floor":28,"gold_loss":0}],"is_beta":false,"boss_relics":[{"not_picked":["Cursed Key","Velvet Choker"],"picked":"Snecko Eye"},{"not_picked":["Black Blood","Tiny House"],"picked":"Empty Cage"}],"items_purged_floors":[36,54],"is_endless":false,"potions_floor_spawned":[1,2,7,13,16,24,27,30,33,37,41,46,48],"ascension_level":20,"potion_discard_per_floor":[[],[],[],[],[],[],[],[],[],[],[],[],[],[],[],[],[],[],[],[],[],[],[],[],[],[],[],[],[],[],[],[],[],[],[],[],[],[],[],[],[],[],[],[],[],[],[],[],[],[],[],[],[],["ColorlessPotion"],[],[],[]]}