{"neow_bonuses_skipped_log":["ONE_RANDOM_RARE_CARD","ONE_RARE_RELIC","BOSS_RELIC"],"potions_obtained_entropic_brew":[[],[],[],[],[],[],[],[],[],[],[],[],[],[],[],[],[],[],[],[],[],[],[],[],[],[],[],[],[],[],[],[],[],[],[],[],[],[],[]],"neow_costs_skipped_log":["NONE","CURSE","NONE"],"gold_per_floor":[118,136,156,175,14,14,46,63,63,63,63,63,106,130,130,226,226,239,257,257,281,281,281,320,320,394,394,425,444,478,528,528,622,622,640,708,1041,1066,1066],"floor_reached":39,"playtime":1568,"items_purged":[],"score":969,"play_id":"ad7e86c4-8590-4f22-a697-55b9a7c2492c","local_time":"20240222170457","score_breakdown":["Floors Climbed (39): 195","Enemies Slain (11): 22","Exordium Elites Killed (2): 20","City Elites Killed (3): 60","Beyond Elites Killed (0): 0","Bosses Slain (2): 150","Money Money (1188): 25","Champion (1): 25","Ascension (20): 472"],"is_ascension_mode":true,"potions_obtained_alchemize":[[],[],[],[],[],[],[],[],[],[],[],[],[],[],[],[],[],[],[],[],[],[],[],[],[],[],[],[],[],[],[],[],[],[],[],[],[],[],[]],"campfire_choices":[{"data":"Hemokinesis","floor":6,"key":"SMITH"},{"floor":12,"key":"REST"},{"data":"Perfected Strike","floor":15,"key":"SMITH"},{"data":"Offering","floor":23,"key":"SMITH"},{"floor":25,"key":"REST"},{"floor":32,"key":"REST"}],"lesson_learned_per_floor":[[],[],[],[],[],[],[],[],[],[],[],[],[],[],[],[],[],[],[],[],[],[],[],[],[],[],[],[],[],[],[],[],[],[],[],[],[],[],[]],"neow_cost":"NONE","improvable_cards":{},"seed_source_timestamp":4363578565052,"shop_contents":[{"floor":5,"relics":["Matryoshka","Sling"],"cards":["Pommel Strike","Searing Blow","Warcry","Havoc","Rupture","Jack Of All Trades","Transmutation"],"potions":["Fire Potion","AttackPotion","BlessingOfTheForge"]}],"circlet_count":0,"master_deck":["AscendersBane","Strike_R+1","Strike_R+1","Strike_R+1","Strike_R+1","Strike_R+1","Defend_R+1","Defend_R+1","Defend_R+1","Defend_R+1","Bash","Battle Trance","Twin Strike","Bloodletting","Hemokinesis+1","Shrug It Off","Disarm","Shockwave","Perfected Strike+1","Offering+1","Shockwave","Flex+1","Pummel","Armaments+1","Headbutt","Dropkick+1","Evolve","Exhume","Blood for Blood+1","Exhume","Dark Embrace","Shockwave"],"potion_use_per_floor":[[],[],[],[],[],[],["Dexterity Potion"],[],[],[],[],[],["SkillPotion"],[],[],["HeartOfIron"],[],[],[],[],[],[],[],["Energy Potion"],[],[],[],["EssenceOfSteel"],[],[],[],[],[],[],[],[],[],[],[]],"relics":["Black Blood","Boot","Bag of Marbles","Ice Cream","Lizard Tail","Dream Catcher","StrikeDummy","Smiling Mask","Oddly Smooth Stone","SlaversCollar","Champion Belt","Charon\u0027s Ashes"],"potions_floor_usage":[7,13,16,24,28],"damage_taken":[{"damage":3,"enemies":"2 Louse","floor":1,"turns":3},{"damage":2,"enemies":"Cultist","floor":2,"turns":4},{"damage":1,"enemies":"Small Slimes","floor":3,"turns":4},{"damage":9,"enemies":"Looter","floor":4,"turns":2},{"damage":31,"enemies":"Lagavulin","floor":7,"turns":5},{"damage":26,"enemies":"Large Slime","floor":8,"turns":5},{"damage":13,"enemies":"3 Sentries","floor":13,"turns":8},{"damage":7,"enemies":"Exordium Wildlife","floor":14,"turns":3},{"damage":37,"enemies":"Hexaghost","floor":16,"turns":11},{"damage":19,"enemies":"2 Thieves","floor":18,"turns":3},{"damage":12,"enemies":"Spheric Guardian","floor":19,"turns":4},{"damage":20,"enemies":"Snake Plant","floor":21,"turns":3},{"damage":26,"enemies":"Book of Stabbing","floor":24,"turns":4},{"damage":11,"enemies":"Gremlin Leader","floor":28,"turns":4},{"damage":6,"enemies":"Snecko","floor":29,"turns":3},{"damage":21,"enemies":"Book of Stabbing","floor":30,"turns":3},{"damage":71,"enemies":"Automaton","floor":33,"turns":11},{"damage":14,"enemies":"Orb Walker","floor":35,"turns":3},{"damage":59,"enemies":"2 Orb Walkers","floor":36,"turns":5},{"damage":6,"enemies":"Mind Bloom Boss Battle","floor":38,"turns":4},{"damage":27,"enemies":"3 Darklings","floor":39,"turns":2}],"green_key_taken_log":13,"seed_played":"-6846195108123864425","neow_bonus_log":{"cardsObtained":[],"cardsUpgraded":[],"cardsRemoved":[],"cardsTransformed":[],"relicsObtained":["Boot"],"maxHpGained":0,"goldGained":0,"damageTaken":0,"goldLost":0,"maxHpLost":0},"potions_obtained":[{"floor":3,"key":"Dexterity Potion"},{"floor":8,"key":"SkillPotion"},{"floor":13,"key":"SmokeBomb"},{"floor":14,"key":"HeartOfIron"},{"floor":19,"key":"FearPotion"},{"floor":21,"key":"Energy Potion"},{"floor":24,"key":"EssenceOfSteel"},{"floor":36,"key":"SpeedPotion"}],"is_trial":false,"path_per_floor":["M","M","M","M","$","R","E","M","T","?","?","R","E","M","R","B",null,"M","M","T","M","?","R","E","R","T","?","E","M","E","?","R","B",null,"M","?","?","?","M"],"character_chosen":"IRONCLAD","basemod:card_modifiers":[null,null,null,null,null,null,null,null,null,null,null,null,null,null,null,null,null,null,null,null,null,null,null,null,null,null,null,null,null,null,null,null],"items_purchased":["Bag of Marbles"],"campfire_rested":3,"item_purchase_floors":[5],"current_hp_per_floor":[71,75,75,72,72,72,47,27,27,27,27,47,40,39,39,8,53,46,46,46,38,38,38,24,44,44,44,45,51,42,42,62,46,63,61,14,14,20,0],"gold":1066,"neow_bonus":"RANDOM_COMMON_RELIC","is_prod":false,"is_daily":false,"rewards_skipped":[{"floor":20,"relics":["Bottled Flame"],"potions":[]},{"floor":27,"relics":[],"potions":["BlessingOfTheForge","SpeedPotion"]}],"chose_seed":false,"campfire_upgraded":3,"win_rate":0,"floor_exit_playtime":[66,94,122,142,163,169,206,253,256,260,266,270,334,432,437,564,621,664,713,741,774,787,795,846,876,879,885,949,998,1037,1043,1057,1223,1256,1303,1435,1441,1495],"timestamp":1708639497,"blue_key_relic_skipped_log":{"floor":9,"relicID":"Tiny Chest"},"path_taken":["M","M","M","?","$","R","E","M","T","?","?","R","E","M","R","BOSS","M","M","?","M","?","R","E","R","T","?","E","?","E","?","R","BOSS","M","?","?","?","M"],"build_version":"2022-12-18","purchased_purges":0,"victory":false,"max_hp_per_floor":[75,75,75,75,75,75,75,75,75,68,68,68,68,68,68,68,68,68,68,68,68,68,68,68,68,68,68,68,68,68,68,68,68,68,68,68,68,68,68],"relic_stats":{"Ice Cream":[37],"Lizard Tail":34,"Dream Catcher":2,"counters":[21,94],"Black Blood":181,"Charon\u0027s Ashes":[15],"Champion Belt":[9],"Boot":[24],"Smiling Mask":0,"obtain_stats":[{"Ice Cream":7,"Golden Idol":10,"Black Blood":17,"Oddly Smooth Stone":30,"Charon\u0027s Ashes":38,"Boot":0,"Smiling Mask":28,"Burning Blood":0,"SlaversCollar":34,"Lizard Tail":13,"Dream Catcher":24,"Bag of Marbles":5,"Champion Belt":36,"StrikeDummy":26},{"Ice Cream":5,"Golden Idol":6,"Black Blood":9,"Oddly Smooth Stone":16,"Charon\u0027s Ashes":20,"Boot":0,"Smiling Mask":14,"Burning Blood":0,"SlaversCollar":17,"Lizard Tail":7,"Dream Catcher":13,"Bag of Marbles":4,"Champion Belt":19,"StrikeDummy":13},{"Ice Cream":18,"Golden Idol":23,"Black Blood":45,"Oddly Smooth Stone":69,"Charon\u0027s Ashes":92,"Boot":0,"Smiling Mask":63,"Burning Blood":0,"SlaversCollar":80,"Lizard Tail":31,"Dream Catcher":59,"Bag of Marbles":13,"Champion Belt":88,"StrikeDummy":59}]},"card_choices":[{"not_picked":["Sword Boomerang","Heavy Blade"],"picked":"Battle Trance","floor":1},{"not_picked":["Heavy Blade","Warcry"],"picked":"Twin Strike","floor":2},{"not_picked":["Dark Embrace","Iron Wave"],"picked":"Bloodletting","floor":3},{"not_picked":["Feel No Pain","Sword Boomerang"],"picked":"Hemokinesis","floor":4},{"not_picked":["Combust","Twin Strike"],"picked":"Shrug It Off","floor":7},{"not_picked":["Ghostly Armor","Searing Blow"],"picked":"Disarm","floor":8},{"not_picked":["Evolve","Dark Embrace"],"picked":"Shockwave","floor":13},{"not_picked":["Clothesline","Iron Wave"],"picked":"Perfected Strike","floor":14},{"not_picked":["Immolate","Barricade"],"picked":"Offering","floor":16},{"not_picked":["Warcry","Anger"],"picked":"Shockwave","floor":18},{"not_picked":["True Grit","Heavy Blade"],"picked":"Flex+1","floor":19},{"not_picked":["Rage","Blood for Blood"],"picked":"Pummel","floor":21},{"not_picked":["Shrug It Off","Carnage"],"picked":"Armaments+1","floor":24},{"not_picked":["Rage","Thunderclap+1"],"picked":"Headbutt","floor":25},{"not_picked":["Wild Strike","True Grit"],"picked":"Dropkick+1","floor":28},{"not_picked":["Flex","Armaments"],"picked":"Evolve","floor":29},{"not_picked":["Cleave","Ghostly Armor"],"picked":"Exhume","floor":30},{"not_picked":["Heavy Blade","Combust"],"picked":"Blood for Blood+1","floor":32},{"not_picked":["Immolate","Brutality"],"picked":"Exhume","floor":33},{"not_picked":["Inflame","Perfected Strike"],"picked":"Dark Embrace","floor":35},{"not_picked":["Warcry","Thunderclap","Flex"],"picked":"SKIP","floor":36},{"not_picked":["Body Slam","True Grit"],"picked":"Shockwave","floor":38}],"player_experience":6255714,"relics_obtained":[{"floor":7,"key":"Ice Cream"},{"floor":13,"key":"Lizard Tail"},{"floor":24,"key":"Dream Catcher"},{"floor":26,"key":"StrikeDummy"},{"floor":28,"key":"Smiling Mask"},{"floor":30,"key":"Oddly Smooth Stone"},{"floor":36,"key":"Champion Belt"},{"floor":38,"key":"Charon\u0027s Ashes"}],"event_choices":[{"damage_healed":0,"gold_gain":0,"player_choice":"Lose Max HP","damage_taken":0,"relics_obtained":["Golden Idol"],"max_hp_gain":0,"max_hp_loss":7,"event_name":"Golden Idol","floor":10,"gold_loss":0},{"damage_healed":0,"gold_gain":0,"player_choice":"Ignored","damage_taken":0,"max_hp_gain":0,"max_hp_loss":0,"event_name":"Shining Light","floor":11,"gold_loss":0},{"damage_healed":0,"gold_gain":0,"player_choice":"Simplicity","damage_taken":0,"max_hp_gain":0,"max_hp_loss":0,"event_name":"Back to Basics","floor":22,"gold_loss":0,"cards_upgraded":["Strike_R","Strike_R","Strike_R","Strike_R","Strike_R","Defend_R","Defend_R","Defend_R","Defend_R"]},{"damage_healed":0,"gold_gain":0,"player_choice":"Got Potions","damage_taken":0,"max_hp_gain":0,"max_hp_loss":0,"event_name":"Lab","floor":27,"gold_loss":0},{"damage_healed":0,"gold_gain":50,"player_choice":"Stole From Cult","damage_taken":0,"max_hp_gain":0,"max_hp_loss":0,"event_name":"Nest","floor":31,"gold_loss":0},{"damage_healed":0,"gold_gain":0,"player_choice":"Fight","damage_taken":0,"max_hp_gain":0,"max_hp_loss":0,"event_name":"Mysterious Sphere","floor":36,"gold_loss":0},{"damage_healed":0,"gold_gain":333,"player_choice":"Gave Idol","damage_taken":0,"max_hp_gain":0,"max_hp_loss":0,"event_name":"The Moai Head","floor":37,"relics_lost":["Golden Idol"],"gold_loss":0},{"damage_healed":0,"gold_gain":0,"player_choice":"Fight","damage_taken":0,"max_hp_gain":0,"max_hp_loss":0,"event_name":"MindBloom","floor":38,"gold_loss":0}],"is_beta":false,"boss_relics":[{"not_picked":["Empty Cage","Sozu"],"picked":"Black Blood"},{"not_picked":["SacredBark","Mark of Pain"],"picked":"SlaversCollar"}],"items_purged_floors":[],"is_endless":false,"potions_floor_spawned":[3,8,13,14,19,21,24,36],"killed_by":"3 Darklings","ascension_level":20,"potion_discard_per_floor":[[],[],[],[],[],[],[],[],[],[],[],[],[],[],[],[],[],[],[],[],["SmokeBomb"],[],[],[],[],[],[],[],[],[],[],[],[],[],[],[],[],[],[]]}