{"neow_bonuses_skipped_log":["ONE_RANDOM_RARE_CARD","THREE_SMALL_POTIONS","BOSS_RELIC"],"potions_obtained_entropic_brew":[[],[],[],[],[],[],[],[],[],[],[],[],[],[],[],[],[],[],[],[],[],[],[],[],[],[],[],[],[],[],[],[],[],[],[],[],[],[],[],[],[],[],[],[],[],[],[],[],[],[],[],[],[],[],[],[],[]],"neow_costs_skipped_log":["NONE","NONE","NONE"],"gold_per_floor":[113,113,132,42,52,52,84,84,107,107,167,196,207,207,207,284,284,304,304,317,36,47,47,65,91,114,114,114,8,8,35,35,112,112,125,36,51,65,15,41,64,76,139,184,196,228,265,288,300,312,324,336,348,64,98,98],"floor_reached":57,"playtime":4191,"items_purged":["Strike_R","Strike_R","Strike_R","Bash"],"score":3126,"play_id":"8ca2c7ac-94ad-4e4e-8f4f-1b039a1b9e58","local_time":"20240218200149","score_breakdown":["Floors Climbed (57): 285","Enemies Slain (14): 28","Exordium Elites Killed (2): 20","City Elites Killed (2): 40","Beyond Elites Killed (3): 90","Bosses Slain (5): 750","Stuffed: 50","Champion (4): 100","Perfect (1): 50","Overkill: 25","C-c-c-combo: 25","Ascension (20): 1413","Heartbreaker: 250"],"is_ascension_mode":true,"potions_obtained_alchemize":[[],[],[],[],[],[],[],[],[],[],[],[],[],[],[],[],[],[],[],[],[],[],[],[],[],[],[],[],[],[],[],[],[],[],[],[],[],[],[],[],[],[],[],[],[],[],[],[],[],[],[],[],[],[],[],[],[]],"campfire_choices":[{"data":"Inflame","floor":6,"key":"SMITH"},{"data":"Pommel Strike","floor":8,"key":"SMITH"},{"floor":10,"key":"REST"},{"data":"Whirlwind","floor":15,"key":"SMITH"},{"data":"Pommel Strike","floor":23,"key":"SMITH"},{"floor":28,"key":"REST"},{"floor":30,"key":"REST"},{"data":"Barricade","floor":32,"key":"SMITH"},{"floor":42,"key":"RECALL"},{"floor":49,"key":"REST"},{"data":"Feel No Pain","floor":53,"key":"SMITH"}],"lesson_learned_per_floor":[[],[],[],[],[],[],[],[],[],[],[],[],[],[],[],[],[],[],[],[],[],[],[],[],[],[],[],[],[],[],[],[],[],[],[],[],[],[],[],[],[],[],[],[],[],[],[],[],[],[],[],[],[],[],[],[],[]],"neow_cost":"TEN_PERCENT_HP_LOSS","improvable_cards":{},"seed_source_timestamp":20521118675968,"shop_contents":[{"floor":4,"relics":["Blue Candle","Bottled Lightning","OrangePellets"],"cards":["Sever Soul","Iron Wave","Warcry","Rage","Flash of Steel","Chrysalis"],"potions":["Explosive Potion","SteroidPotion","Block Potion"]},{"floor":21,"relics":["Lizard Tail","HandDrill"],"cards":["Sword Boomerang","Wild Strike","Havoc","Shrug It Off","Inflame","Swift Strike","HandOfGreed"],"potions":["Weak Potion","AttackPotion","Regen Potion"]},{"floor":29,"relics":["War Paint","Bronze Scales","Toolbox"],"cards":["Clothesline","Immolate","Disarm","Warcry","Evolve","Blind","Sadistic Nature"],"potions":["EssenceOfSteel","HeartOfIron"]},{"floor":36,"relics":["Pear","Bag of Preparation","Sling"],"cards":["Pummel","Clash","Power Through","Evolve","Impatience","Magnetism"],"potions":["LiquidMemories","Regen Potion","BloodPotion"]},{"floor":39,"relics":["Paper Frog","Regal Pillow","Frozen Eye"],"cards":["Rampage","Clash","Armaments","Havoc","Fire Breathing","Panacea","Secret Technique"],"potions":["PowerPotion","LiquidMemories","Explosive Potion"]},{"floor":54,"relics":["Ornamental Fan","Lee\u0027s Waffle"],"cards":["Iron Wave","Reaper","Warcry","Fire Breathing","Deep Breath","Mayhem"],"potions":["FearPotion","SpeedPotion","Fire Potion"]}],"circlet_count":0,"master_deck":["AscendersBane","Defend_R","Defend_R","Defend_R","Defend_R","Feed+1","Power Through","Inflame+1","Iron Wave","Pommel Strike+1","Battle Trance","Whirlwind+1","Fire Breathing","Offering","Pommel Strike+1","Offering","Warcry","Second Wind","Barricade+1","Exhume","Feel No Pain+1","Seeing Red","Burning Pact","Body Slam","Armaments","Shrug It Off+1","Entrench"],"potion_use_per_floor":[[],[],[],[],[],[],[],[],[],[],[],["Explosive Potion"],[],[],[],["Weak Potion"],[],[],[],["BloodPotion"],[],[],[],[],["BlessingOfTheForge","BloodPotion"],[],["BlessingOfTheForge"],[],[],[],[],[],[],[],[],[],[],[],[],[],[],[],[],[],[],[],[],[],[],[],[],[],[],[],[],["Swift Potion"],[]],"relics":["Burning Blood","InkBottle","MealTicket","Smiling Mask","Juzu Bracelet","Runic Pyramid","Sundial","Ice Cream","Anchor","StrikeDummy","Empty Cage","MawBank","Red Skull","Nunchaku","Lantern","Happy Flower"],"potions_floor_usage":[12,16,20,25,25,27,56],"damage_taken":[{"damage":7,"enemies":"Cultist","floor":1,"turns":4},{"damage":7,"enemies":"Jaw Worm","floor":3,"turns":3},{"damage":9,"enemies":"2 Louse","floor":5,"turns":3},{"damage":46,"enemies":"Gremlin Nob","floor":7,"turns":5},{"damage":32,"enemies":"Gremlin Nob","floor":11,"turns":4},{"damage":15,"enemies":"Lagavulin","floor":12,"turns":7},{"damage":13,"enemies":"Exordium Wildlife","floor":13,"turns":5},{"damage":8,"enemies":"Slime Boss","floor":16,"turns":9},{"damage":7,"enemies":"Spheric Guardian","floor":18,"turns":4},{"damage":6,"enemies":"3 Byrds","floor":20,"turns":4},{"damage":22,"enemies":"Cultist and Chosen","floor":22,"turns":5},{"damage":23,"enemies":"3 Cultists","floor":24,"turns":6},{"damage":90,"enemies":"Gremlin Leader","floor":25,"turns":13},{"damage":14,"enemies":"Colosseum Slavers","floor":27,"turns":7},{"damage":15,"enemies":"Slavers","floor":31,"turns":3},{"damage":33,"enemies":"Collector","floor":33,"turns":7},{"damage":6,"enemies":"3 Shapes","floor":35,"turns":6},{"damage":24,"enemies":"3 Darklings","floor":37,"turns":6},{"damage":18,"enemies":"Spire Growth","floor":38,"turns":4},{"damage":12,"enemies":"Giant Head","floor":40,"turns":3},{"damage":12,"enemies":"Writhing Mass","floor":41,"turns":4},{"damage":18,"enemies":"Reptomancer","floor":44,"turns":4},{"damage":19,"enemies":"4 Shapes","floor":46,"turns":10},{"damage":6,"enemies":"Giant Head","floor":47,"turns":5},{"damage":13,"enemies":"Transient","floor":48,"turns":4},{"damage":18,"enemies":"Time Eater","floor":50,"turns":9},{"damage":9,"enemies":"Donu and Deca","floor":51,"turns":6},{"damage":12,"enemies":"Shield and Spear","floor":55,"turns":5},{"damage":22,"enemies":"The Heart","floor":56,"turns":8}],"green_key_taken_log":40,"seed_played":"-414792561265684621","neow_bonus_log":{"cardsObtained":[],"cardsUpgraded":[],"cardsRemoved":[],"cardsTransformed":[],"relicsObtained":[],"maxHpGained":0,"goldGained":0,"damageTaken":0,"goldLost":0,"maxHpLost":7},"potions_obtained":[{"floor":7,"key":"Explosive Potion"},{"floor":11,"key":"BloodPotion"},{"floor":13,"key":"Weak Potion"},{"floor":16,"key":"BlessingOfTheForge"},{"floor":20,"key":"BloodPotion"},{"floor":25,"key":"BlessingOfTheForge"},{"floor":31,"key":"Strength Potion"},{"floor":33,"key":"Regen Potion"},{"floor":37,"key":"FairyPotion"},{"floor":47,"key":"Swift Potion"}],"is_trial":false,"path_per_floor":["M","?","M","$","M","R","E","R","T","R","?","E","M","?","R","B",null,"M","?","M","$","M","R","M","E","T","?","R","$","R","E","R","B",null,"M","$","M","M","$","E","M","R","T","E","?","M","E","M","R","B","B",null,"R","$","E","B",null],"character_chosen":"IRONCLAD","basemod:card_modifiers":[null,null,null,null,null,null,null,null,null,null,null,null,null,null,null,null,null,null,null,null,null,null,null,null,null,null,null],"items_purchased":["Inflame","Sundial","SteroidPotion","Seeing Red","Lantern","Entrench"],"campfire_rested":4,"item_purchase_floors":[4,21,29,36,54,54],"current_hp_per_floor":[70,70,73,73,74,74,38,38,38,62,36,31,28,28,28,26,75,78,78,99,99,87,87,74,11,11,7,40,55,88,83,83,56,100,108,123,109,101,116,114,112,112,112,104,104,99,103,100,147,139,140,160,160,167,165,153],"gold":98,"neow_bonus":"THREE_RARE_CARDS","is_prod":false,"is_daily":false,"rewards_skipped":[{"floor":40,"relics":[],"potions":["ColorlessPotion"]},{"floor":44,"relics":[],"potions":["Explosive Potion"]},{"floor":55,"relics":[],"potions":["CultistPotion"]}],"chose_seed":false,"campfire_upgraded":6,"win_rate":0,"floor_exit_playtime":[86,98,126,140,160,174,204,211,216,220,266,334,439,445,450,545,563,646,657,713,721,822,847,1002,1395,1398,1648,1652,1709,1713,1773,1781,2056,2070,2182,2211,2332,2425,2438,2563,2679,2688,2693,2869,2871,3074,3212,3371,3384,3595,3777,3788,3795,3819,4033,4191],"timestamp":1708304509,"blue_key_relic_skipped_log":{"floor":43,"relicID":"Potion Belt"},"path_taken":["M","?","M","$","M","R","E","R","T","R","?","E","M","?","R","BOSS","M","?","M","$","M","R","M","E","T","?","R","$","R","E","R","BOSS","M","$","M","M","$","E","M","R","T","E","?","M","E","M","R","BOSS","BOSS","R","$","E","BOSS"],"build_version":"2022-12-18","purchased_purges":4,"victory":true,"max_hp_per_floor":[71,71,75,75,79,79,83,83,83,83,83,87,91,91,91,91,91,95,95,99,99,103,103,107,107,107,111,111,111,111,115,115,115,115,123,123,127,131,131,135,139,139,139,143,143,151,155,159,159,163,167,167,167,167,171,175],"relic_stats":{"Ice Cream":[100],"Nunchaku":[9],"Happy Flower":[2],"counters":[29,163],"Sundial":[238],"MealTicket":52,"Juzu Bracelet":1,"Smiling Mask":250,"MawBank":168,"obtain_stats":[{"Ice Cream":25,"Lantern":54,"Happy Flower":55,"Juzu Bracelet":12,"Smiling Mask":11,"Empty Cage":34,"MawBank":40,"Burning Blood":0,"Anchor":26,"Nunchaku":47,"Sundial":21,"MealTicket":9,"StrikeDummy":31,"InkBottle":7,"Red Skull":44,"Runic Pyramid":17},{"Ice Cream":13,"Lantern":27,"Happy Flower":28,"Juzu Bracelet":6,"Smiling Mask":5,"Empty Cage":16,"MawBank":20,"Burning Blood":0,"Anchor":13,"Nunchaku":24,"Sundial":10,"MealTicket":4,"StrikeDummy":15,"InkBottle":4,"Red Skull":22,"Runic Pyramid":8},{"Ice Cream":72,"Lantern":150,"Happy Flower":155,"Juzu Bracelet":26,"Smiling Mask":19,"Empty Cage":89,"MawBank":108,"Burning Blood":0,"Anchor":72,"Nunchaku":131,"Sundial":48,"MealTicket":15,"StrikeDummy":82,"InkBottle":15,"Red Skull":116,"Runic Pyramid":40}],"Burning Blood":174,"InkBottle":[47]},"card_choices":[{"not_picked":["Bludgeon","Impervious"],"picked":"Feed","floor":0},{"not_picked":["Sword Boomerang","Havoc","Body Slam"],"picked":"SKIP","floor":1},{"not_picked":["Dropkick","Second Wind"],"picked":"Power Through","floor":3},{"not_picked":["Body Slam","Clash"],"picked":"Iron Wave","floor":5},{"not_picked":["Cleave","Searing Blow"],"picked":"Pommel Strike","floor":7},{"not_picked":["Dropkick","Fire Breathing"],"picked":"Battle Trance","floor":11},{"not_picked":["Sword Boomerang","Seeing Red"],"picked":"Whirlwind","floor":12},{"not_picked":["Second Wind","Havoc"],"picked":"Fire Breathing","floor":13},{"not_picked":["Impervious","Barricade"],"picked":"Offering","floor":16},{"not_picked":["Uppercut","Fire Breathing"],"picked":"Pommel Strike","floor":18},{"not_picked":["Carnage","Whirlwind"],"picked":"Warcry","floor":20},{"not_picked":["Thunderclap","Shrug It Off"],"picked":"Second Wind","floor":22},{"not_picked":["Flex","Sword Boomerang","Clothesline"],"picked":"SKIP","floor":24},{"not_picked":["Flex","Sword Boomerang","Clothesline"],"picked":"SKIP","floor":24},{"not_picked":["Thunderclap","Warcry","Searing Blow"],"picked":"SKIP","floor":25},{"not_picked":["Wild Strike","Sword Boomerang"],"picked":"Barricade","floor":31},{"not_picked":["Barricade","Juggernaut"],"picked":"Exhume","floor":33},{"not_picked":["Body Slam+1","Thunderclap"],"picked":"Feel No Pain","floor":35},{"not_picked":["Inflame","Pommel Strike","Flame Barrier"],"picked":"SKIP","floor":37},{"not_picked":["Reckless Charge+1","Feel No Pain"],"picked":"Burning Pact","floor":38},{"not_picked":["Headbutt","Carnage","Heavy Blade+1"],"picked":"SKIP","floor":40},{"not_picked":["Clash","Flex+1","Inflame"],"picked":"SKIP","floor":41},{"not_picked":["Flame Barrier","Warcry"],"picked":"Body Slam","floor":44},{"not_picked":["Heavy Blade+1","Ghostly Armor"],"picked":"Armaments","floor":46},{"not_picked":["Searing Blow+1","Fiend Fire"],"picked":"Shrug It Off+1","floor":47},{"not_picked":["Flex","Body Slam+1","Metallicize"],"picked":"SKIP","floor":48},{"not_picked":["Body Slam+1","Uppercut","Iron Wave"],"picked":"SKIP","floor":55}],"player_experience":6184800,"relics_obtained":[{"floor":7,"key":"InkBottle"},{"floor":9,"key":"MealTicket"},{"floor":11,"key":"Smiling Mask"},{"floor":12,"key":"Juzu Bracelet"},{"floor":25,"key":"Ice Cream"},{"floor":26,"key":"Anchor"},{"floor":31,"key":"StrikeDummy"},{"floor":40,"key":"MawBank"},{"floor":44,"key":"Red Skull"},{"floor":47,"key":"Nunchaku"},{"floor":55,"key":"Happy Flower"}],"event_choices":[{"damage_healed":0,"gold_gain":0,"player_choice":"Grow","damage_taken":0,"max_hp_gain":0,"max_hp_loss":0,"event_name":"Living Wall","floor":2,"gold_loss":0,"cards_upgraded":["Feed"]},{"damage_healed":0,"gold_gain":0,"player_choice":"Searched \u00272\u0027 times","damage_taken":0,"max_hp_gain":0,"max_hp_loss":0,"event_name":"Dead Adventurer","floor":11,"gold_loss":0},{"damage_healed":0,"gold_gain":0,"player_choice":"Ignored","damage_taken":0,"max_hp_gain":0,"max_hp_loss":0,"event_name":"Liars Game","floor":14,"gold_loss":0},{"damage_healed":0,"gold_gain":0,"player_choice":"Copied","damage_taken":0,"max_hp_gain":0,"max_hp_loss":0,"event_name":"Duplicator","floor":19,"gold_loss":0,"cards_obtained":["Offering"]},{"damage_healed":0,"gold_gain":0,"player_choice":"Fight","damage_taken":0,"max_hp_gain":0,"max_hp_loss":0,"event_name":"Colosseum","floor":27,"gold_loss":0},{"damage_healed":0,"gold_gain":0,"player_choice":"Fled From Nobs","damage_taken":0,"max_hp_gain":0,"max_hp_loss":0,"event_name":"Colosseum","floor":27,"gold_loss":0},{"damage_healed":0,"gold_gain":0,"player_choice":"Ignored","damage_taken":0,"max_hp_gain":0,"max_hp_loss":0,"event_name":"Tomb of Lord Red Mask","floor":45,"gold_loss":0}],"is_beta":false,"boss_relics":[{"not_picked":["Runic Dome","Sozu"],"picked":"Runic Pyramid"},{"not_picked":["Black Star","Black Blood"],"picked":"Empty Cage"}],"items_purged_floors":[29,36,39,54],"is_endless":false,"potions_floor_spawned":[7,11,13,16,20,25,31,33,37,40,44,47,55],"ascension_level":20,"potion_discard_per_floor":[[],[],[],[],[],[],[],[],[],[],[],[],[],[],[],[],[],[],[],[],[],[],[],[],[],[],[],[],[],[],[],[],["Strength Potion"],[],[],[],["Regen Potion"],[],[],[],[],[],[],[],[],[],["SteroidPotion"],[],[],[],[],[],[],[],[],[],[]]}