{"neow_bonuses_skipped_log":["ONE_RANDOM_RARE_CARD","TEN_PERCENT_HP_BONUS","BOSS_RELIC"],"potions_obtained_entropic_brew":[[],[],[],[],[],[],[],[],[],[],[],[],[],[],[],[],[],[],[],[],[],[],[],[],[],[],[],[],[],[],[],[],[],[],[],[],[],[],[],[],[],[],[],[],[],[],[],[],[],[],[],[],[],[],[],[],[]],"neow_costs_skipped_log":["NONE","NONE","NONE"],"gold_per_floor":[111,31,50,63,63,63,95,95,119,44,54,70,35,48,48,125,125,138,138,38,38,58,58,92,112,112,139,139,139,14,14,14,90,90,101,101,101,121,141,171,188,38,91,91,126,126,153,172,172,172,172,172,172,9,39,39],"floor_reached":57,"playtime":3322,"items_purged":["Strike_P","ConjureBlade","Brilliance","Perseverance"],"score":3131,"play_id":"11846fb9-995a-4e2c-87fc-035d078b326e","local_time":"20240218185010","score_breakdown":["Floors Climbed (57): 285","Enemies Slain (14): 28","Exordium Elites Killed (1): 10","City Elites Killed (2): 40","Beyond Elites Killed (3): 90","Bosses Slain (5): 750","Speedster: 25","Highlander: 100","Champion (4): 100","Perfect (1): 50","C-c-c-combo: 25","Ascension (20): 1378","Heartbreaker: 250"],"is_ascension_mode":true,"potions_obtained_alchemize":[[],[],[],[],[],[],[],[],[],[],[],[],[],[],[],[],[],[],[],[],[],[],[],[],[],[],[],[],[],[],[],[],[],[],[],[],[],[],[],[],[],[],[],[],[],[],[],[],[],[],[],[],[],[],[],[],[]],"campfire_choices":[{"data":"Eruption","floor":6,"key":"SMITH"},{"data":"InnerPeace","floor":8,"key":"SMITH"},{"floor":15,"key":"REST"},{"floor":23,"key":"REST"},{"floor":28,"key":"REST"},{"data":"Adaptation","floor":32,"key":"SMITH"},{"floor":44,"key":"RECALL"},{"data":"Tantrum","floor":46,"key":"SMITH"},{"data":"TalkToTheHand","floor":49,"key":"SMITH"},{"data":"EmptyMind","floor":53,"key":"SMITH"}],"lesson_learned_per_floor":[[],[],[],[],[],[],[],[],[],[],[],[],[],[],[],[],[],[],[],[],[],[],[],[],[],[],[],[],[],[],[],[],[],[],[],[],[],[],[],[],[],[],[],[],[],[],[],[],[],[],[],[],[],[],[],[],[]],"neow_cost":"PERCENT_DAMAGE","improvable_cards":{},"seed_source_timestamp":17112385699349,"shop_contents":[{"floor":2,"relics":["MealTicket","Boot","ClockworkSouvenir"],"cards":["EmptyFist","WindmillStrike","Prostrate","Perseverance","Finesse","HandOfGreed"],"potions":["PowerPotion","Ambrosia","FearPotion"]},{"floor":10,"relics":["Vajra","Whetstone","Toolbox"],"cards":["BowlingBash","Tantrum","PathToVictory","EmptyMind","MasterReality","Jack Of All Trades","Violence"],"potions":["Swift Potion","SteroidPotion","DuplicationPotion"]},{"floor":20,"relics":["Matryoshka","StoneCalendar","Sling"],"cards":["JustLucky","WindmillStrike","DeceiveReality","ThirdEye","Adaptation","Mind Blast","Transmutation"],"potions":["BottledMiracle","CultistPotion","Fire Potion"]},{"floor":30,"relics":["Dead Branch","Juzu Bracelet","Strange Spoon"],"cards":["Consecrate","TalkToTheHand","ThirdEye","DeceiveReality","BattleHymn","Flash of Steel","Thinking Ahead"],"potions":["FearPotion","LiquidBronze","StancePotion"]},{"floor":37,"relics":["War Paint","Bottled Tornado","PrismaticShard"],"cards":["SashWhip","BowlingBash","Crescendo","ClearTheMind","Adaptation","Blind","HandOfGreed"],"potions":["Swift Potion","Fire Potion","SkillPotion"]},{"floor":42,"relics":["Pocketwatch","Anchor","Frozen Eye"],"cards":["ReachHeaven","FlyingSleeves","Protect","EmptyBody","DevaForm","Swift Strike","Apotheosis"],"potions":["AttackPotion","ColorlessPotion","EntropicBrew"]},{"floor":54,"relics":["Kunai","Melange"],"cards":["EmptyFist","Tantrum","EmptyBody","Prostrate","LikeWater","Forethought","Panache"],"potions":["Strength Potion","BottledMiracle","BottledMiracle"]}],"circlet_count":0,"master_deck":["AscendersBane","Eruption+1","Vigilance","TalkToTheHand+1","SpiritShield","Adaptation+1","InnerPeace+1","EmptyMind+1","MentalFortress+1","CutThroughFate+1","Tantrum+1"],"potion_use_per_floor":[[],[],[],[],[],[],[],[],[],[],[],[],[],[],[],[],[],[],[],[],[],[],[],["Dexterity Potion"],[],[],["BottledMiracle","Fire Potion"],[],[],[],[],[],[],[],[],[],[],[],[],[],[],[],[],[],[],[],[],[],[],[],[],[],[],[],[],["FearPotion","AttackPotion"],[]],"relics":["PureWater","Potion Belt","Ancient Tea Set","Pandora\u0027s Box","Mercury Hourglass","Pantograph","CaptainsWheel","Runic Pyramid","Akabeko","Pen Nib","Lantern","Toy Ornithopter","Bag of Preparation"],"potions_floor_usage":[24,27,27,56,56],"damage_taken":[{"damage":2,"enemies":"2 Louse","floor":1,"turns":3},{"damage":0,"enemies":"Small Slimes","floor":3,"turns":2},{"damage":0,"enemies":"Cultist","floor":4,"turns":3},{"damage":10,"enemies":"Lagavulin","floor":7,"turns":7},{"damage":7,"enemies":"2 Fungi Beasts","floor":11,"turns":3},{"damage":17,"enemies":"3 Louse","floor":12,"turns":3},{"damage":6,"enemies":"Red Slaver","floor":14,"turns":3},{"damage":3,"enemies":"The Guardian","floor":16,"turns":5},{"damage":16,"enemies":"Shell Parasite","floor":18,"turns":3},{"damage":0,"enemies":"Spheric Guardian","floor":22,"turns":3},{"damage":0,"enemies":"Book of Stabbing","floor":24,"turns":2},{"damage":6,"enemies":"Centurion and Healer","floor":25,"turns":3},{"damage":34,"enemies":"Slavers","floor":27,"turns":4},{"damage":0,"enemies":"Collector","floor":33,"turns":2},{"damage":8,"enemies":"3 Darklings","floor":35,"turns":2},{"damage":0,"enemies":"3 Shapes","floor":38,"turns":17},{"damage":1,"enemies":"Writhing Mass","floor":39,"turns":6},{"damage":13,"enemies":"Nemesis","floor":40,"turns":3},{"damage":0,"enemies":"Jaw Worm Horde","floor":41,"turns":2},{"damage":0,"enemies":"Giant Head","floor":45,"turns":2},{"damage":0,"enemies":"Reptomancer","floor":47,"turns":4},{"damage":0,"enemies":"3 Darklings","floor":48,"turns":3},{"damage":10,"enemies":"Donu and Deca","floor":50,"turns":5},{"damage":10,"enemies":"Time Eater","floor":51,"turns":7},{"damage":0,"enemies":"Shield and Spear","floor":55,"turns":3},{"damage":15,"enemies":"The Heart","floor":56,"turns":8}],"green_key_taken_log":24,"seed_played":"862001033722497946","neow_bonus_log":{"cardsObtained":["TalkToTheHand","SpiritShield"],"cardsUpgraded":[],"cardsRemoved":[],"cardsTransformed":["Defend_P","Defend_P"],"relicsObtained":[],"maxHpGained":0,"goldGained":0,"damageTaken":18,"goldLost":0,"maxHpLost":0},"potions_obtained":[{"floor":3,"key":"Dexterity Potion"},{"floor":7,"key":"LiquidMemories"},{"floor":14,"key":"BottledMiracle"},{"floor":18,"key":"FearPotion"},{"floor":24,"key":"Fire Potion"},{"floor":27,"key":"AttackPotion"},{"floor":39,"key":"BottledMiracle"}],"is_trial":false,"path_per_floor":["M","$","M","M","?","R","E","R","T","$","M","M","?","M","R","B",null,"M","?","$","?","M","R","E","M","T","E","R","?","$","?","R","B",null,"M","?","$","M","M","E","M","$","T","R","E","R","E","M","R","B","B",null,"R","$","E","B",null],"character_chosen":"WATCHER","basemod:card_modifiers":[null,null,null,null,null,null,null,null,null,null,null],"items_purchased":["Adaptation","Toy Ornithopter"],"campfire_rested":3,"item_purchase_floors":[2,54],"current_hp_per_floor":[41,41,41,41,41,41,31,31,31,31,24,7,24,18,38,35,60,44,38,38,38,38,58,58,52,52,18,38,19,19,19,19,44,66,58,58,58,58,57,44,44,44,44,44,44,44,44,44,44,59,63,71,71,71,71,68],"gold":39,"neow_bonus":"TRANSFORM_TWO_CARDS","is_prod":false,"is_daily":false,"rewards_skipped":[{"floor":25,"relics":[],"potions":["Block Potion"]},{"floor":41,"relics":[],"potions":["BlessingOfTheForge"]},{"floor":48,"relics":[],"potions":["SpeedPotion"]},{"floor":55,"relics":[],"potions":["AttackPotion"]}],"chose_seed":false,"campfire_upgraded":6,"win_rate":0,"floor_exit_playtime":[52,65,84,138,145,151,251,258,264,276,328,420,444,511,514,628,697,778,782,796,832,894,940,1044,1147,1151,1310,1316,1325,1341,1345,1356,1471,1555,1633,1635,1648,1739,2006,2176,2258,2269,2272,2277,2363,2369,2481,2544,2552,2779,2950,2961,2967,2980,3090,3322],"timestamp":1708300210,"blue_key_relic_skipped_log":{"floor":43,"relicID":"Bag of Marbles"},"path_taken":["M","$","M","M","?","R","E","R","T","$","M","M","?","M","R","BOSS","M","?","$","?","M","R","E","M","T","E","R","?","$","?","R","BOSS","M","?","?","M","M","E","M","$","T","R","E","R","E","M","R","BOSS","BOSS","R","$","E","BOSS"],"build_version":"2022-12-18","purchased_purges":4,"victory":true,"max_hp_per_floor":[68,68,68,68,68,68,68,68,68,68,68,68,68,68,68,68,68,68,68,68,68,68,68,68,68,68,68,68,73,73,73,73,73,73,73,73,73,73,73,73,73,73,73,73,73,73,73,73,73,73,73,73,73,73,73,73],"relic_stats":{"counters":[26,106],"Pantograph":66,"Pandora\u0027s Box":["ConjureBlade","Conclude","Brilliance","Perseverance"],"Pen Nib":[16],"Bag of Preparation":[2],"PureWater":[24],"Ancient Tea Set":[14],"obtain_stats":[{"Potion Belt":7,"Lantern":47,"Pen Nib":45,"Bag of Preparation":55,"Ancient Tea Set":9,"Akabeko":40,"Mercury Hourglass":24,"CaptainsWheel":27,"Pantograph":26,"Pandora\u0027s Box":17,"PureWater":0,"Toy Ornithopter":54,"Runic Pyramid":34},{"Potion Belt":4,"Lantern":21,"Pen Nib":20,"Bag of Preparation":25,"Ancient Tea Set":4,"Akabeko":18,"Mercury Hourglass":11,"CaptainsWheel":13,"Pantograph":12,"Pandora\u0027s Box":8,"PureWater":0,"Toy Ornithopter":24,"Runic Pyramid":14},{"Potion Belt":15,"Lantern":81,"Pen Nib":77,"Bag of Preparation":99,"Ancient Tea Set":15,"Akabeko":73,"Mercury Hourglass":37,"CaptainsWheel":44,"Pantograph":40,"Pandora\u0027s Box":29,"PureWater":0,"Toy Ornithopter":96,"Runic Pyramid":46}],"Toy Ornithopter":10,"Mercury Hourglass":[307]},"card_choices":[{"not_picked":["CrushJoints","BowlingBash","Evaluate"],"picked":"SKIP","floor":1},{"not_picked":["Conclude","EmptyFist"],"picked":"InnerPeace","floor":3},{"not_picked":["Halt","Consecrate","Evaluate"],"picked":"SKIP","floor":7},{"not_picked":["BowlingBash","JustLucky"],"picked":"EmptyMind","floor":11},{"not_picked":["Fasting2","Protect","FlyingSleeves"],"picked":"SKIP","floor":12},{"not_picked":["MasterReality","Establishment","ConjureBlade"],"picked":"SKIP","floor":16},{"not_picked":["WindmillStrike","CutThroughFate"],"picked":"MentalFortress","floor":18},{"not_picked":["Collect","Perseverance"],"picked":"CutThroughFate+1","floor":22},{"not_picked":["Evaluate","PathToVictory","Conclude"],"picked":"SKIP","floor":24},{"not_picked":["Study","PathToVictory","BowlingBash+1"],"picked":"SKIP","floor":25},{"not_picked":["FlurryOfBlows","LikeWater","JustLucky"],"picked":"SKIP","floor":27},{"not_picked":["Establishment","SpiritShield","Wish"],"picked":"SKIP","floor":33},{"not_picked":["CutThroughFate","CarveReality"],"picked":"Tantrum","floor":35},{"not_picked":["WindmillStrike","EmptyFist+1","WreathOfFlame"],"picked":"SKIP","floor":38},{"not_picked":["ThirdEye","Weave","FollowUp+1"],"picked":"SKIP","floor":39},{"not_picked":["ThirdEye+1","Worship","Alpha"],"picked":"SKIP","floor":40},{"not_picked":["Indignation","ReachHeaven","Evaluate+1"],"picked":"SKIP","floor":41},{"not_picked":["Crescendo","EmptyBody","FollowUp"],"picked":"SKIP","floor":45},{"not_picked":["FollowUp+1","ClearTheMind+1","SashWhip+1"],"picked":"SKIP","floor":47},{"not_picked":["CutThroughFate","Worship","Ragnarok"],"picked":"SKIP","floor":48},{"not_picked":["WaveOfTheHand+1","PathToVictory","CarveReality+1"],"picked":"SKIP","floor":55}],"player_experience":6181478,"relics_obtained":[{"floor":7,"key":"Potion Belt"},{"floor":9,"key":"Ancient Tea Set"},{"floor":24,"key":"Mercury Hourglass"},{"floor":26,"key":"Pantograph"},{"floor":27,"key":"CaptainsWheel"},{"floor":40,"key":"Akabeko"},{"floor":45,"key":"Pen Nib"},{"floor":47,"key":"Lantern"},{"floor":55,"key":"Bag of Preparation"}],"event_choices":[{"cards_removed":["Defend_P"],"damage_healed":0,"gold_gain":0,"player_choice":"Forget","damage_taken":0,"max_hp_gain":0,"max_hp_loss":0,"event_name":"Living Wall","floor":5,"gold_loss":0},{"damage_healed":17,"gold_gain":0,"player_choice":"Healed","damage_taken":0,"max_hp_gain":0,"max_hp_loss":0,"event_name":"The Cleric","floor":13,"gold_loss":35},{"damage_healed":0,"gold_gain":0,"player_choice":"","damage_taken":6,"max_hp_gain":0,"max_hp_loss":0,"event_name":"Knowing Skull","floor":19,"potions_obtained":[],"gold_loss":0,"cards_obtained":[]},{"cards_removed":["Conclude"],"damage_healed":0,"gold_gain":0,"player_choice":"Purged","damage_taken":0,"max_hp_gain":0,"max_hp_loss":0,"event_name":"Purifier","floor":21,"gold_loss":0},{"damage_healed":0,"gold_gain":0,"player_choice":"Shed Blood","damage_taken":24,"max_hp_gain":5,"max_hp_loss":0,"event_name":"Forgotten Altar","floor":29,"gold_loss":0},{"damage_healed":0,"gold_gain":0,"player_choice":"Upgraded","damage_taken":0,"max_hp_gain":0,"max_hp_loss":0,"event_name":"Upgrade Shrine","floor":31,"gold_loss":0,"cards_upgraded":["MentalFortress"]},{"damage_healed":0,"gold_gain":0,"player_choice":"Ignored","damage_taken":0,"max_hp_gain":0,"max_hp_loss":0,"event_name":"Tomb of Lord Red Mask","floor":36,"gold_loss":0}],"is_beta":false,"boss_relics":[{"not_picked":["Busted Crown","Coffee Dripper"],"picked":"Pandora\u0027s Box"},{"not_picked":["Calling Bell","Runic Dome"],"picked":"Runic Pyramid"}],"items_purged_floors":[10,20,30,42],"is_endless":false,"potions_floor_spawned":[3,7,14,18,24,25,27,39,41,48,55],"ascension_level":20,"potion_discard_per_floor":[[],[],[],[],[],[],[],[],[],[],[],[],[],[],[],[],[],[],[],[],[],[],[],[],[],[],[],[],[],[],[],[],[],[],[],[],[],[],[],[],[],[],[],[],[],[],[],[],[],[],[],[],[],[],[],[],[]]}