{"neow_bonuses_skipped_log":["THREE_CARDS","TEN_PERCENT_HP_BONUS","BOSS_RELIC"],"potions_obtained_entropic_brew":[[],[],[],[],[],[],[],[],[],[],[],[],[],[],[],[],[],[],[],[],[],[],[],[],[],[],[],[],[],[],[],[],[],[],[],[],[],[],[],[],[],[],[],[],[],[],[],[],[],[],[],[],[],[],[],[],[]],"neow_costs_skipped_log":["NONE","NONE","NONE"],"gold_per_floor":[360,12,12,29,44,71,71,88,115,140,152,178,178,189,189,264,264,284,295,475,488,506,506,532,532,558,593,70,90,90,102,102,177,177,194,240,24,34,49,84,96,139,231,243,255,285,313,357,369,381,393,405,417,42,68,68],"floor_reached":57,"playtime":4230,"items_purged":["Shame"],"score":2858,"play_id":"ff4b6078-3afb-4c22-82cb-6fd8ba05361b","local_time":"20240217141813","score_breakdown":["Floors Climbed (57): 285","Enemies Slain (17): 34","Exordium Elites Killed (3): 30","City Elites Killed (2): 40","Beyond Elites Killed (3): 90","Bosses Slain (5): 750","Money Money (1483): 25","Librarian: 25","Champion (1): 25","Overkill: 25","Ascension (20): 1279","Heartbreaker: 250"],"is_ascension_mode":true,"potions_obtained_alchemize":[[],[],[],[],[],[],[],[],[],[],[],[],[],[],[],[],[],[],[],[],[],[],[],[],[],[],[],[],[],[],[],[],[],[],[],[],[],[],[],[],[],[],[],[],[],[],[],[],[],[],[],[],[],[],[],[],[]],"campfire_choices":[{"data":"Footwork","floor":7,"key":"SMITH"},{"data":"Well Laid Plans","floor":13,"key":"SMITH"},{"data":"Crippling Poison","floor":15,"key":"SMITH"},{"floor":23,"key":"REST"},{"data":"Tactician","floor":25,"key":"SMITH"},{"data":"Night Terror","floor":32,"key":"SMITH"},{"floor":41,"key":"RECALL"},{"floor":49,"key":"REST"},{"floor":53,"key":"REST"}],"lesson_learned_per_floor":[[],[],[],[],[],[],[],[],[],[],[],[],[],[],[],[],[],[],[],[],[],[],[],[],[],[],[],[],[],[],[],[],[],[],[],[],[],[],[],[],[],[],[],[],[],[],[],[],[],[],[],[],[],[],[],[],[]],"neow_cost":"CURSE","improvable_cards":{},"seed_source_timestamp":4686534847687,"shop_contents":[{"floor":2,"relics":["Ancient Tea Set","Frozen Eye"],"cards":["Dagger Spray","Quick Slash","Tactician","Reflex","Accuracy","Blind","Sadistic Nature"],"potions":["SkillPotion","FairyPotion","EssenceOfSteel"]},{"floor":28,"relics":["Omamori"],"cards":["Bane","Masterful Stab","Distraction","Caltrops","Blind","Secret Technique"],"potions":["Fire Potion","Poison Potion","Ancient Potion"]},{"floor":37,"relics":["Letter Opener","Orichalcum","Sling"],"cards":["Bane","Sucker Punch","Backflip","PiercingWail","Accuracy","Panacea"],"potions":["Regen Potion","SkillPotion","Explosive Potion"]},{"floor":54,"relics":["Blood Vial","Gremlin Horn"],"cards":["Finisher","Flechettes","Venomology","Caltrops","Jack Of All Trades","Chrysalis"],"potions":["EssenceOfSteel"]}],"circlet_count":0,"master_deck":["AscendersBane","Survivor","Neutralize","Footwork+1","Cloak And Dagger","Backstab","Dagger Throw","Sucker Punch","Backflip","Crippling Poison+1","Backstab+1","After Image","Well Laid Plans+1","Terror","Masterful Stab+1","After Image","Corpse Explosion","Catalyst","Corpse Explosion","Night Terror+1","Blade Dance","After Image","Skewer","Outmaneuver","Dagger Spray","Acrobatics+1","Cloak And Dagger+1","Tactician+1","Acrobatics","Backflip","Footwork+1","Dodge and Roll","Malaise","Blur","PanicButton","Impervious","Bandage Up","Reinforced Body","Apotheosis","Inflame","Amplify","Apotheosis","Tactician+1","Cloak And Dagger","Turbo"],"potion_use_per_floor":[[],[],[],[],[],["Swift Potion"],[],[],[],[],[],[],[],[],[],[],[],[],[],[],[],[],[],["PowerPotion"],[],[],[],[],[],[],[],[],[],[],[],[],[],[],[],[],[],[],[],[],[],[],[],[],[],[],[],[],[],[],[],["FairyPotion","DuplicationPotion","LiquidMemories","DuplicationPotion"],[]],"relics":["Ring of the Snake","Meat on the Bone","Boot","Bag of Marbles","Prayer Wheel","PreservedInsect","Pandora\u0027s Box","InkBottle","Potion Belt","Whetstone","Dead Branch","PrismaticShard","Pocketwatch","Fusion Hammer","Bird Faced Urn","MawBank","Vajra","Snake Skull","Toolbox","Ornamental Fan"],"potions_floor_usage":[6,24,56,56,56],"damage_taken":[{"damage":13,"enemies":"Cultist","floor":1,"turns":5},{"damage":0,"enemies":"Jaw Worm","floor":4,"turns":5},{"damage":1,"enemies":"Small Slimes","floor":5,"turns":3},{"damage":26,"enemies":"Gremlin Nob","floor":6,"turns":4},{"damage":0,"enemies":"2 Fungi Beasts","floor":8,"turns":3},{"damage":17,"enemies":"Lagavulin","floor":10,"turns":7},{"damage":7,"enemies":"Lots of Slimes","floor":11,"turns":5},{"damage":10,"enemies":"3 Sentries","floor":12,"turns":8},{"damage":0,"enemies":"Large Slime","floor":14,"turns":5},{"damage":28,"enemies":"Hexaghost","floor":16,"turns":11},{"damage":6,"enemies":"Chosen","floor":18,"turns":5},{"damage":9,"enemies":"2 Thieves","floor":19,"turns":2},{"damage":14,"enemies":"Centurion and Healer","floor":21,"turns":7},{"damage":18,"enemies":"Snecko","floor":22,"turns":4},{"damage":14,"enemies":"Book of Stabbing","floor":24,"turns":6},{"damage":6,"enemies":"Slavers","floor":27,"turns":3},{"damage":5,"enemies":"3 Cultists","floor":29,"turns":3},{"damage":0,"enemies":"Chosen and Byrds","floor":31,"turns":7},{"damage":17,"enemies":"Collector","floor":33,"turns":11},{"damage":9,"enemies":"3 Shapes","floor":35,"turns":4},{"damage":0,"enemies":"2 Orb Walkers","floor":36,"turns":3},{"damage":0,"enemies":"Orb Walker","floor":38,"turns":3},{"damage":1,"enemies":"4 Shapes","floor":39,"turns":5},{"damage":4,"enemies":"Nemesis","floor":40,"turns":7},{"damage":2,"enemies":"Giant Head","floor":42,"turns":8},{"damage":16,"enemies":"3 Darklings","floor":46,"turns":7},{"damage":25,"enemies":"Transient","floor":47,"turns":6},{"damage":0,"enemies":"Nemesis","floor":48,"turns":7},{"damage":11,"enemies":"Donu and Deca","floor":50,"turns":9},{"damage":27,"enemies":"Awakened One","floor":51,"turns":17},{"damage":32,"enemies":"Shield and Spear","floor":55,"turns":6},{"damage":112,"enemies":"The Heart","floor":56,"turns":10}],"green_key_taken_log":42,"seed_played":"-7469092142464799869","neow_bonus_log":{"cardsObtained":["Shame"],"cardsUpgraded":[],"cardsRemoved":[],"cardsTransformed":[],"relicsObtained":[],"maxHpGained":0,"goldGained":250,"damageTaken":0,"goldLost":0,"maxHpLost":0},"potions_obtained":[{"floor":4,"key":"SpeedPotion"},{"floor":5,"key":"Swift Potion"},{"floor":8,"key":"PowerPotion"},{"floor":10,"key":"DuplicationPotion"},{"floor":24,"key":"Weak Potion"},{"floor":27,"key":"Strength Potion"},{"floor":31,"key":"Regen Potion"},{"floor":33,"key":"LiquidMemories"}],"is_trial":false,"path_per_floor":["M","$","?","M","M","E","R","M","T","E","M","E","R","M","R","B",null,"M","M","?","M","M","R","E","R","T","E","$","M","T","M","R","B",null,"M","?","$","M","M","E","R","E","T","?","?","M","M","E","R","B","B",null,"R","$","E","B",null],"character_chosen":"THE_SILENT","basemod:card_modifiers":[null,null,null,null,null,null,null,null,null,null,null,null,null,null,null,null,null,null,null,null,null,null,null,null,null,null,null,null,null,null,null,null,null,null,null,null,null,null,null,null,null,null,null,null,null],"items_purchased":["Meat on the Bone","Dead Branch","PrismaticShard","Blur","Apotheosis","Toolbox","DuplicationPotion","FairyPotion","Cloak And Dagger"],"campfire_rested":3,"item_purchase_floors":[2,28,28,28,37,54,54,54,54],"current_hp_per_floor":[46,46,46,46,45,31,31,43,43,38,43,45,45,45,45,29,57,51,42,23,21,15,34,32,32,32,38,38,45,45,45,45,40,60,51,51,51,63,66,66,66,66,66,56,56,66,54,66,66,66,63,65,66,66,56,39],"gold":68,"neow_bonus":"TWO_FIFTY_GOLD","is_prod":false,"is_daily":false,"rewards_skipped":[{"floor":12,"relics":[],"potions":["GamblersBrew"]},{"floor":19,"relics":[],"potions":["Swift Potion"]},{"floor":35,"relics":[],"potions":["SkillPotion"]},{"floor":38,"relics":[],"potions":["SpeedPotion"]},{"floor":39,"relics":[],"potions":["FearPotion"]},{"floor":55,"relics":[],"potions":["LiquidBronze"]}],"chose_seed":false,"campfire_upgraded":5,"win_rate":0,"floor_exit_playtime":[168,186,202,240,270,319,324,371,373,431,478,563,569,623,632,763,809,857,899,919,1002,1081,1086,1172,1205,1208,1276,1309,1402,1414,1596,1603,1820,1839,1918,2040,2046,2129,2256,2387,2391,2572,2575,2596,2631,2802,2968,3094,3098,3311,3700,3711,3715,3744,3914,4230],"timestamp":1708197493,"blue_key_relic_skipped_log":{"floor":43,"relicID":"Sundial"},"path_taken":["M","$","?","M","M","E","R","M","T","E","M","E","R","M","R","BOSS","M","M","?","M","M","R","E","R","T","E","$","M","?","M","R","BOSS","M","?","$","M","M","E","R","E","T","?","?","M","M","E","R","BOSS","BOSS","R","$","E","BOSS"],"build_version":"2022-12-18","purchased_purges":1,"victory":true,"max_hp_per_floor":[66,66,66,66,66,66,66,66,66,66,66,66,66,66,66,66,66,66,66,66,66,66,66,66,66,66,66,66,66,66,66,66,66,66,66,66,66,66,66,66,66,66,66,66,66,66,66,66,66,66,66,66,66,66,66,66],"relic_stats":{"counters":[32,196],"Dead Branch":[291],"PreservedInsect":391,"Snake Skull":[28],"Whetstone":["Backstab","Masterful Stab"],"Boot":[108],"MawBank":168,"Ornamental Fan":[12],"Bird Faced Urn":[130],"Prayer Wheel":13,"Pandora\u0027s Box":["Corpse Explosion","Catalyst","Corpse Explosion","Night Terror","Blade Dance","After Image","Skewer","Outmaneuver","Dagger Spray"],"obtain_stats":[{"Potion Belt":26,"Dead Branch":28,"Vajra":42,"PreservedInsect":12,"Snake Skull":48,"Whetstone":27,"Boot":6,"PrismaticShard":28,"MawBank":40,"Ornamental Fan":55,"Bird Faced Urn":36,"Toolbox":54,"Prayer Wheel":10,"Pandora\u0027s Box":17,"Fusion Hammer":34,"Bag of Marbles":9,"InkBottle":24,"Ring of the Snake":0,"Meat on the Bone":2,"Pocketwatch":30},{"Potion Belt":15,"Dead Branch":16,"Vajra":25,"PreservedInsect":8,"Snake Skull":28,"Whetstone":16,"Boot":4,"PrismaticShard":16,"MawBank":24,"Ornamental Fan":31,"Bird Faced Urn":21,"Toolbox":30,"Prayer Wheel":6,"Pandora\u0027s Box":10,"Fusion Hammer":19,"Bag of Marbles":5,"InkBottle":15,"Ring of the Snake":0,"Meat on the Bone":1,"Pocketwatch":17},{"Potion Belt":80,"Dead Branch":83,"Vajra":134,"PreservedInsect":40,"Snake Skull":154,"Whetstone":83,"Boot":17,"PrismaticShard":83,"MawBank":126,"Ornamental Fan":186,"Bird Faced Urn":111,"Toolbox":180,"Prayer Wheel":27,"Pandora\u0027s Box":56,"Fusion Hammer":104,"Bag of Marbles":20,"InkBottle":80,"Ring of the Snake":0,"Meat on the Bone":5,"Pocketwatch":86}],"InkBottle":[66],"Ring of the Snake":[64],"Meat on the Bone":144,"Pocketwatch":[49]},"card_choices":[{"not_picked":["Sucker Punch","All Out Attack"],"picked":"Footwork","floor":1},{"not_picked":["PiercingWail","Dash"],"picked":"Backstab","floor":4},{"not_picked":["Expertise","Bane"],"picked":"Dagger Throw","floor":5},{"not_picked":["Cloak And Dagger","Flechettes"],"picked":"Sucker Punch","floor":6},{"not_picked":["Cloak And Dagger","Crippling Poison"],"picked":"Backflip","floor":8},{"not_picked":["Infinite Blades","Blur"],"picked":"Crippling Poison","floor":10},{"not_picked":["Prepared","Cloak And Dagger"],"picked":"Backstab","floor":11},{"not_picked":["Outmaneuver","Bane"],"picked":"After Image","floor":11},{"not_picked":["Endless Agony","Backstab"],"picked":"Well Laid Plans","floor":12},{"not_picked":["Heel Hook","Bane"],"picked":"Terror","floor":14},{"not_picked":["Outmaneuver","Prepared"],"picked":"Masterful Stab","floor":14},{"not_picked":["Doppelganger","Bullet Time"],"picked":"After Image","floor":16},{"not_picked":["Dodge and Roll","Backflip"],"picked":"Acrobatics+1","floor":18},{"not_picked":["Dodge and Roll","Dagger Throw"],"picked":"Cloak And Dagger+1","floor":18},{"not_picked":["Dagger Throw","Dagger Spray"],"picked":"Tactician","floor":19},{"not_picked":["Finisher","Tactician+1"],"picked":"Acrobatics","floor":19},{"not_picked":["All Out Attack","Deflect"],"picked":"Backflip","floor":21},{"not_picked":["Calculated Gamble","Bane"],"picked":"Footwork+1","floor":21},{"not_picked":["Poisoned Stab","Bane"],"picked":"Dodge and Roll","floor":22},{"not_picked":["Backstab","Dagger Throw"],"picked":"Malaise","floor":24},{"not_picked":["Predator","Distraction","Flechettes"],"picked":"SKIP","floor":27},{"not_picked":["ThirdEye","Purity"],"picked":"PanicButton","floor":29},{"not_picked":["Melter","Uppercut","WindmillStrike"],"picked":"SKIP","floor":29},{"not_picked":["Electrodynamics","Die Die Die"],"picked":"Impervious","floor":33},{"not_picked":["Lockon","Perfected Strike"],"picked":"Bandage Up","floor":35},{"not_picked":["Eviscerate+1","Evaluate","Flex"],"picked":"SKIP","floor":35},{"not_picked":["Mind Blast+1","FlyingSleeves+1"],"picked":"Reinforced Body","floor":36},{"not_picked":["Static Discharge","Compile Driver"],"picked":"Inflame","floor":38},{"not_picked":["Flying Knee+1","FlyingSleeves+1","Streamline"],"picked":"SKIP","floor":38},{"not_picked":["Wild Strike","Escape Plan"],"picked":"Amplify","floor":42},{"not_picked":["Trip","Enlightenment"],"picked":"Apotheosis","floor":44},{"not_picked":["Bandage Up","Enlightenment","Impatience"],"picked":"SKIP","floor":44},{"not_picked":["Madness","Bandage Up","Swift Strike"],"picked":"SKIP","floor":44},{"not_picked":["Trip+1","EmptyFist","Heavy Blade+1"],"picked":"SKIP","floor":46},{"not_picked":["Iron Wave","Twin Strike","Cleave"],"picked":"SKIP","floor":46},{"not_picked":["BowlingBash","Quick Slash+1","ThirdEye"],"picked":"SKIP","floor":47},{"not_picked":["Protect","Power Through","FlurryOfBlows"],"picked":"SKIP","floor":47},{"not_picked":["Metallicize","Flex","Perfected Strike"],"picked":"SKIP","floor":48},{"not_picked":["Phantasmal Killer","Riddle With Holes"],"picked":"Turbo","floor":55}],"player_experience":6142715,"relics_obtained":[{"floor":6,"key":"Boot"},{"floor":9,"key":"Bag of Marbles"},{"floor":10,"key":"Prayer Wheel"},{"floor":12,"key":"PreservedInsect"},{"floor":24,"key":"InkBottle"},{"floor":26,"key":"Potion Belt"},{"floor":27,"key":"Whetstone"},{"floor":30,"key":"Pocketwatch"},{"floor":36,"key":"Bird Faced Urn"},{"floor":40,"key":"MawBank"},{"floor":42,"key":"Vajra"},{"floor":48,"key":"Snake Skull"},{"floor":55,"key":"Ornamental Fan"}],"event_choices":[{"damage_healed":0,"gold_gain":0,"cards_transformed":["Defend_G"],"player_choice":"Change","damage_taken":0,"max_hp_gain":0,"max_hp_loss":0,"event_name":"Living Wall","floor":3,"gold_loss":0,"cards_obtained":["Cloak And Dagger"]},{"damage_healed":0,"gold_gain":180,"player_choice":"GOLD GOLD ","damage_taken":19,"max_hp_gain":0,"max_hp_loss":0,"event_name":"Knowing Skull","floor":20,"potions_obtained":[],"gold_loss":0,"cards_obtained":[]},{"damage_healed":0,"gold_gain":0,"player_choice":"Fight","damage_taken":0,"max_hp_gain":0,"max_hp_loss":0,"event_name":"Mysterious Sphere","floor":36,"gold_loss":0},{"damage_healed":0,"gold_gain":0,"player_choice":"Memory 3","damage_taken":10,"max_hp_gain":0,"max_hp_loss":0,"event_name":"SensoryStone","floor":44,"gold_loss":0},{"damage_healed":0,"gold_gain":0,"player_choice":"Copied","damage_taken":0,"max_hp_gain":0,"max_hp_loss":0,"event_name":"Duplicator","floor":45,"gold_loss":0,"cards_obtained":["Tactician"]}],"is_beta":false,"boss_relics":[{"not_picked":["HoveringKite","Tiny House"],"picked":"Pandora\u0027s Box"},{"not_picked":["SacredBark","Astrolabe"],"picked":"Fusion Hammer"}],"items_purged_floors":[2],"is_endless":false,"potions_floor_spawned":[4,5,8,10,12,19,24,27,31,33,35,38,39,55],"ascension_level":20,"potion_discard_per_floor":[[],[],[],[],[],[],[],[],[],["SpeedPotion"],[],[],[],[],[],[],[],[],[],[],[],[],[],[],[],[],[],[],[],[],[],[],["Strength Potion"],[],[],[],[],[],[],[],[],[],[],[],[],[],[],[],[],[],[],[],[],["Regen Potion","Weak Potion"],[],[],[]]}