{"neow_bonuses_skipped_log":["TRANSFORM_CARD","REMOVE_TWO","BOSS_RELIC"],"potions_obtained_entropic_brew":[[],[],[],[],[],[],[],[],[],[],[],[],[],[],[],[],[],[],[],[],[],[],[],[],[],[],[],[],[],[],[],[],[],[],[],[],[],[],[],[],[],[],[],[],[],[],[],[],[],[],[],[],[],[],[],[],[]],"neow_costs_skipped_log":["NONE","PERCENT_DAMAGE","NONE"],"gold_per_floor":[111,7,20,20,31,31,51,81,81,112,412,442,457,489,489,568,568,584,315,325,7,40,65,84,111,136,136,155,167,167,181,181,258,258,268,284,284,298,317,352,403,433,459,473,194,220,170,190,190,190,190,190,190,1,36,36],"floor_reached":57,"playtime":3568,"items_purged":["Strike_B","Strike_B","Defend_B","Defend_B"],"score":3103,"play_id":"02a3eb0c-ffda-4b25-a9ca-297741db67bd","local_time":"20240222191736","score_breakdown":["Floors Climbed (57): 285","Enemies Slain (17): 34","Exordium Elites Killed (4): 40","City Elites Killed (2): 40","Beyond Elites Killed (3): 90","Bosses Slain (5): 750","Speedster: 25","Money Money (1226): 25","Librarian: 25","Champion (4): 100","Perfect (1): 50","Ascension (20): 1389","Heartbreaker: 250"],"is_ascension_mode":true,"potions_obtained_alchemize":[[],[],[],[],[],[],[],[],[],[],[],[],[],[],[],[],[],[],[],[],[],[],[],[],[],[],[],[],[],[],[],[],[],[],[],[],[],[],[],[],[],[],[],[],[],[],[],[],[],[],[],[],[],[],[],[],[]],"campfire_choices":[{"data":"Beam Cell","floor":6,"key":"SMITH"},{"floor":15,"key":"REST"},{"floor":27,"key":"REST"},{"floor":30,"key":"REST"},{"data":"Loop","floor":32,"key":"SMITH"},{"floor":49,"key":"RECALL"},{"data":"Seek","floor":53,"key":"SMITH"}],"lesson_learned_per_floor":[[],[],[],[],[],[],[],[],[],[],[],[],[],[],[],[],[],[],[],[],[],[],[],[],[],[],[],[],[],[],[],[],[],[],[],[],[],[],[],[],[],[],[],[],[],[],[],[],[],[],[],[],[],[],[],[],[]],"neow_cost":"NONE","improvable_cards":{},"seed_source_timestamp":10252303479646,"shop_contents":[{"floor":2,"relics":["Tiny Chest","Symbiotic Virus","OrangePellets"],"cards":["Core Surge","Go for the Eyes","Rainbow","Loop","Finesse","Sadistic Nature"],"potions":["SteroidPotion","LiquidMemories","ColorlessPotion"]},{"floor":19,"relics":["Oddly Smooth Stone","Cauldron"],"cards":["Ball Lightning","Melter","Turbo","Leap","Hello World+1","Swift Strike","Secret Weapon"],"potions":["PotionOfCapacity"]},{"floor":21,"relics":["Calipers","Matryoshka"],"cards":["Scrape","Rebound","Skim","Static Discharge+1","Forethought","Transmutation"],"potions":["SpeedPotion","EssenceOfSteel"]},{"floor":45,"relics":["CaptainsWheel","Orichalcum","TheAbacus"],"cards":["Sweeping Beam","Doom and Gloom","Steam Power","Enlightenment","Sadistic Nature+1"],"potions":["SkillPotion","DistilledChaos","BlessingOfTheForge"]},{"floor":47,"relics":["Blood Vial","Gremlin Horn","Sling"],"cards":["Rebound","Barrage","Double Energy","Glacier","Loop+1","Discovery","Panache+1"],"potions":["SneckoOil","GamblersBrew","FocusPotion"]},{"floor":54,"relics":["Sundial","Vajra","Chemical X"],"cards":["Rip and Tear","Streamline","Hello World+1","Trip","Violence"],"potions":["LiquidBronze","Fire Potion","LiquidBronze"]}],"circlet_count":0,"master_deck":["AscendersBane","Strike_B+1","Defend_B","Dualcast","Sweeping Beam+1","Coolheaded","Beam Cell+1","Conserve Battery","Loop+1","Biased Cognition+1","Multi-Cast","Cold Snap","Coolheaded","Ball Lightning","Echo Form+1","Heatsinks+1","Hologram+1","Biased Cognition+1","Turbo","Cold Snap","BootSequence","Glacier","Sunder","Reinforced Body+1","Creative AI+1","Steam Power+1","Conserve Battery+1","Steam Power+1","Storm+1","Heatsinks+1","Storm+1","Self Repair+1","Seek+1","Biased Cognition+1","Stack","Amplify","Coolheaded","Heatsinks+1"],"potion_use_per_floor":[[],[],[],[],[],[],["Explosive Potion"],[],[],[],[],["PowerPotion"],[],[],[],["ColorlessPotion"],[],[],[],["Block Potion","Fire Potion"],[],[],["PowerPotion"],["Swift Potion"],["PowerPotion"],[],[],["SteroidPotion"],["Strength Potion"],[],[],[],["PowerPotion"],[],[],[],[],[],[],["Block Potion"],[],[],[],[],[],[],[],[],[],[],[],[],[],[],[],["Dexterity Potion","SkillPotion"],[]],"relics":["Cracked Core","Smiling Mask","Frozen Egg 2","Pantograph","Bottled Tornado","Old Coin","Blue Candle","Whetstone","Inserter","Potion Belt","DollysMirror","Red Mask","Mummified Hand","Art of War","Astrolabe","Pen Nib","Gambling Chip","Emotion Chip","PreservedInsect","Lantern","Bag of Preparation","Dead Branch"],"potions_floor_usage":[7,12,16,20,20,23,24,25,28,29,33,40,56,56],"damage_taken":[{"damage":1,"enemies":"2 Louse","floor":1,"turns":2},{"damage":0,"enemies":"Cultist","floor":3,"turns":3},{"damage":7,"enemies":"Jaw Worm","floor":5,"turns":4},{"damage":0,"enemies":"Lots of Slimes","floor":7,"turns":1},{"damage":17,"enemies":"Lagavulin","floor":8,"turns":7},{"damage":13,"enemies":"3 Sentries","floor":10,"turns":9},{"damage":8,"enemies":"Gremlin Nob","floor":12,"turns":3},{"damage":0,"enemies":"Exordium Thugs","floor":13,"turns":4},{"damage":13,"enemies":"Lagavulin","floor":14,"turns":9},{"damage":23,"enemies":"Hexaghost","floor":16,"turns":11},{"damage":6,"enemies":"Chosen","floor":18,"turns":3},{"damage":3,"enemies":"2 Thieves","floor":20,"turns":4},{"damage":16,"enemies":"Masked Bandits","floor":22,"turns":4},{"damage":14,"enemies":"Slavers","floor":23,"turns":2},{"damage":6,"enemies":"Cultist and Chosen","floor":24,"turns":4},{"damage":0,"enemies":"Book of Stabbing","floor":25,"turns":4},{"damage":31,"enemies":"Centurion and Healer","floor":28,"turns":12},{"damage":4,"enemies":"Shelled Parasite and Fungi","floor":29,"turns":5},{"damage":4,"enemies":"Sentry and Sphere","floor":31,"turns":9},{"damage":40,"enemies":"Automaton","floor":33,"turns":11},{"damage":0,"enemies":"Orb Walker","floor":35,"turns":2},{"damage":12,"enemies":"3 Darklings","floor":36,"turns":4},{"damage":2,"enemies":"Maw","floor":38,"turns":5},{"damage":0,"enemies":"Transient","floor":39,"turns":6},{"damage":21,"enemies":"Reptomancer","floor":40,"turns":4},{"damage":0,"enemies":"2 Orb Walkers","floor":41,"turns":2},{"damage":0,"enemies":"Nemesis","floor":42,"turns":5},{"damage":6,"enemies":"Sphere and 2 Shapes","floor":44,"turns":3},{"damage":0,"enemies":"Reptomancer","floor":46,"turns":3},{"damage":0,"enemies":"3 Darklings","floor":48,"turns":3},{"damage":0,"enemies":"Awakened One","floor":50,"turns":5},{"damage":33,"enemies":"Time Eater","floor":51,"turns":4},{"damage":0,"enemies":"Shield and Spear","floor":55,"turns":1},{"damage":5,"enemies":"The Heart","floor":56,"turns":4}],"green_key_taken_log":40,"seed_played":"3275399253095372338","neow_bonus_log":{"cardsObtained":[],"cardsUpgraded":[],"cardsRemoved":[],"cardsTransformed":[],"relicsObtained":["Smiling Mask"],"maxHpGained":0,"goldGained":0,"damageTaken":0,"goldLost":0,"maxHpLost":0},"potions_obtained":[{"floor":1,"key":"Explosive Potion"},{"floor":3,"key":"Explosive Potion"},{"floor":10,"key":"PowerPotion"},{"floor":12,"key":"ColorlessPotion"},{"floor":14,"key":"Fire Potion"},{"floor":23,"key":"PowerPotion"},{"floor":24,"key":"SteroidPotion"},{"floor":25,"key":"Strength Potion"},{"floor":29,"key":"PowerPotion"},{"floor":33,"key":"SteroidPotion"},{"floor":35,"key":"Block Potion"},{"floor":38,"key":"EssenceOfDarkness"},{"floor":39,"key":"Dexterity Potion"},{"floor":42,"key":"SkillPotion"}],"is_trial":false,"path_per_floor":["M","$","M","?","M","R","M","E","T","E","T","E","M","E","R","B",null,"M","$","M","$","?","E","M","E","T","R","M","M","R","M","R","B",null,"M","M","T","M","M","E","?","E","T","M","$","E","$","M","R","B","B",null,"R","$","E","B",null],"character_chosen":"DEFECT","basemod:card_modifiers":[null,null,null,null,null,null,null,null,null,null,null,null,null,null,null,null,null,null,null,null,null,null,null,null,null,null,null,null,null,null,null,null,null,null,null,null,null,null],"items_purchased":["Coolheaded","Potion Belt","Swift Potion","Block Potion","DollysMirror","PowerPotion","Turbo","Self Repair+1","Seek","Amplify","Coolheaded"],"campfire_rested":3,"item_purchase_floors":[2,19,19,19,21,21,21,45,45,54,54],"current_hp_per_floor":[63,63,63,63,56,56,56,39,39,26,26,18,18,5,26,28,60,54,54,51,51,35,21,15,15,15,36,5,1,22,18,18,3,54,54,42,42,40,40,19,19,19,19,13,13,13,13,23,23,58,48,65,65,65,65,66],"gold":36,"neow_bonus":"RANDOM_COMMON_RELIC","is_prod":false,"is_daily":false,"rewards_skipped":[{"floor":55,"relics":[],"potions":["Fire Potion"]}],"chose_seed":false,"campfire_upgraded":3,"win_rate":0,"floor_exit_playtime":[39,51,77,83,121,128,156,226,228,369,373,440,539,680,687,824,899,924,1025,1086,1132,1194,1236,1313,1388,1405,1419,1607,1766,1770,1910,1922,2225,2317,2345,2421,2423,2502,2605,2699,2755,2820,2823,2892,2920,2970,3065,3140,3146,3301,3358,3369,3376,3395,3449,3568],"timestamp":1708647456,"blue_key_relic_skipped_log":{"floor":26,"relicID":"CeramicFish"},"path_taken":["M","$","M","?","M","R","?","E","T","E","?","E","M","E","R","BOSS","M","$","M","$","?","E","M","E","T","R","M","M","R","M","R","BOSS","M","M","?","?","M","E","?","E","T","M","$","E","$","M","R","BOSS","BOSS","R","$","E","BOSS"],"build_version":"2022-12-18","purchased_purges":4,"victory":true,"max_hp_per_floor":[71,71,71,71,71,71,71,71,71,71,71,71,71,71,71,71,71,71,71,71,71,71,71,71,71,71,71,71,71,71,71,71,71,71,71,71,71,71,71,71,71,71,71,71,71,71,71,71,71,71,71,71,71,71,71,71],"relic_stats":{"Inserter":[54],"counters":[34,160],"Blue Candle":[1],"Astrolabe":["Steam Power","Conserve Battery","Steam Power"],"Dead Branch":[5],"Pen Nib":[3],"PreservedInsect":136,"Bag of Preparation":[10],"Whetstone":["Sweeping Beam","Strike_B"],"Bottled Tornado":"Biased Cognition","Smiling Mask":250,"Emotion Chip":[20,17,3,0,0],"Mummified Hand":[164],"Pantograph":94,"Gambling Chip":[12],"Art of War":[29],"obtain_stats":[{"Potion Belt":19,"Lantern":43,"Inserter":17,"Blue Candle":12,"Astrolabe":34,"Dead Branch":55,"Pen Nib":37,"PreservedInsect":42,"Bag of Preparation":46,"Whetstone":14,"Frozen Egg 2":8,"Bottled Tornado":10,"Smiling Mask":0,"Old Coin":11,"Emotion Chip":41,"DollysMirror":21,"Mummified Hand":23,"Pantograph":9,"Gambling Chip":40,"Red Mask":22,"Art of War":25,"Cracked Core":0},{"Potion Belt":11,"Lantern":27,"Inserter":10,"Blue Candle":7,"Astrolabe":20,"Dead Branch":33,"Pen Nib":22,"PreservedInsect":27,"Bag of Preparation":29,"Whetstone":9,"Frozen Egg 2":5,"Bottled Tornado":6,"Smiling Mask":0,"Old Coin":6,"Emotion Chip":26,"DollysMirror":12,"Mummified Hand":14,"Pantograph":5,"Gambling Chip":25,"Red Mask":13,"Art of War":16,"Cracked Core":0},{"Potion Belt":56,"Lantern":137,"Inserter":53,"Blue Candle":29,"Astrolabe":111,"Dead Branch":156,"Pen Nib":117,"PreservedInsect":137,"Bag of Preparation":143,"Whetstone":42,"Frozen Egg 2":17,"Bottled Tornado":26,"Smiling Mask":0,"Old Coin":26,"Emotion Chip":133,"DollysMirror":60,"Mummified Hand":66,"Pantograph":17,"Gambling Chip":132,"Red Mask":64,"Art of War":74,"Cracked Core":0}]},"card_choices":[{"not_picked":["Conserve Battery","Reinforced Body"],"picked":"Sweeping Beam","floor":1},{"not_picked":["Reinforced Body","Barrage"],"picked":"Beam Cell","floor":3},{"not_picked":["Aggregate","Genetic Algorithm"],"picked":"Conserve Battery","floor":5},{"not_picked":["Barrage","Sweeping Beam"],"picked":"Loop","floor":7},{"not_picked":["Scrape","Redo"],"picked":"Biased Cognition+1","floor":8},{"not_picked":["Rebound","Stack"],"picked":"Multi-Cast","floor":10},{"not_picked":["Aggregate","Ball Lightning"],"picked":"Cold Snap","floor":12},{"not_picked":["Rebound","Turbo"],"picked":"Coolheaded","floor":13},{"not_picked":["Reprogram","Gash"],"picked":"Ball Lightning","floor":14},{"not_picked":["Machine Learning+1","Core Surge"],"picked":"Echo Form+1","floor":16},{"not_picked":["Storm+1","Streamline"],"picked":"Heatsinks+1","floor":18},{"not_picked":["Barrage","Ball Lightning"],"picked":"Hologram+1","floor":20},{"not_picked":["Leap","Stack"],"picked":"Cold Snap","floor":22},{"not_picked":["Reboot","Ball Lightning"],"picked":"BootSequence","floor":23},{"not_picked":["Ball Lightning","Recycle","Redo"],"picked":"SKIP","floor":24},{"not_picked":["Stack","White Noise"],"picked":"Glacier","floor":25},{"not_picked":["Steam","Hologram"],"picked":"Sunder","floor":28},{"not_picked":["Skim","Machine Learning+1"],"picked":"Reinforced Body+1","floor":31},{"not_picked":["Rainbow","Amplify"],"picked":"Creative AI+1","floor":33},{"not_picked":["Leap","Conserve Battery"],"picked":"Storm+1","floor":35},{"not_picked":["Sweeping Beam","Leap"],"picked":"Heatsinks+1","floor":36},{"not_picked":["Chaos","Auto Shields","FTL"],"picked":"SKIP","floor":38},{"not_picked":["Streamline","Stack","Rebound+1"],"picked":"SKIP","floor":39},{"not_picked":["Stack","Loop+1"],"picked":"Storm+1","floor":40},{"not_picked":["Conserve Battery","Beam Cell+1","FTL+1"],"picked":"SKIP","floor":41},{"not_picked":["Conserve Battery","Doom and Gloom","Scrape+1"],"picked":"SKIP","floor":42},{"not_picked":["Conserve Battery","Doom and Gloom","Scrape+1"],"picked":"SKIP","floor":42},{"not_picked":["Storm+1","Auto Shields","Stack+1"],"picked":"SKIP","floor":44},{"not_picked":["Loop+1","Cold Snap"],"picked":"Biased Cognition+1","floor":46},{"not_picked":["Leap+1","Ball Lightning+1"],"picked":"Stack","floor":48},{"not_picked":["Undo","Cold Snap"],"picked":"Heatsinks+1","floor":55}],"player_experience":6261419,"relics_obtained":[{"floor":8,"key":"Frozen Egg 2"},{"floor":9,"key":"Pantograph"},{"floor":10,"key":"Bottled Tornado"},{"floor":11,"key":"Old Coin"},{"floor":12,"key":"Blue Candle"},{"floor":14,"key":"Whetstone"},{"floor":22,"key":"Red Mask"},{"floor":23,"key":"Mummified Hand"},{"floor":25,"key":"Art of War"},{"floor":37,"key":"Pen Nib"},{"floor":40,"key":"Gambling Chip"},{"floor":41,"key":"Emotion Chip"},{"floor":42,"key":"PreservedInsect"},{"floor":43,"key":"Lantern"},{"floor":46,"key":"Bag of Preparation"},{"floor":55,"key":"Dead Branch"}],"event_choices":[{"damage_healed":0,"gold_gain":0,"player_choice":"Ignored","damage_taken":0,"max_hp_gain":0,"max_hp_loss":0,"event_name":"Liars Game","floor":4,"gold_loss":0},{"damage_healed":0,"gold_gain":0,"player_choice":"Fought Bandits","damage_taken":0,"max_hp_gain":0,"max_hp_loss":0,"event_name":"Masked Bandits","floor":22,"gold_loss":0},{"damage_healed":0,"gold_gain":0,"player_choice":"Fight","damage_taken":0,"max_hp_gain":0,"max_hp_loss":0,"event_name":"Mysterious Sphere","floor":41,"gold_loss":0}],"is_beta":false,"boss_relics":[{"not_picked":["SlaversCollar","Black Star"],"picked":"Inserter"},{"not_picked":["Coffee Dripper","FrozenCore"],"picked":"Astrolabe"}],"items_purged_floors":[2,21,45,47],"is_endless":false,"potions_floor_spawned":[1,3,10,12,14,23,24,25,29,33,35,38,39,42,55],"ascension_level":20,"potion_discard_per_floor":[[],[],[],[],[],[],[],[],[],[],[],[],[],["Explosive Potion"],[],[],[],[],[],[],[],[],[],[],[],[],[],[],[],[],[],[],[],[],[],[],[],[],[],[],[],[],[],[],[],[],[],[],[],[],[],[],[],[],[],[],[]]}