{"neow_bonuses_skipped_log":["REMOVE_CARD","RANDOM_COMMON_RELIC","BOSS_RELIC"],"potions_obtained_entropic_brew":[[],[],[],[],[],[],[],[],[],[],[],[],[],[],[],[],[],[],[],[],[],[],[],[],[],[],[],[],[]],"neow_costs_skipped_log":["NONE","NONE","NONE"],"gold_per_floor":[109,119,119,44,55,55,82,82,158,189,189,212,233,254,254,347,347,367,292,308,308,308,308,351,351,351,390,415,415],"floor_reached":29,"playtime":1233,"items_purged":["Strike_P"],"score":546,"play_id":"23439901-fe6d-4454-8746-b534dd8882e3","local_time":"20240217214943","score_breakdown":["Floors Climbed (29): 145","Enemies Slain (9): 18","Exordium Elites Killed (2): 20","City Elites Killed (2): 40","Bosses Slain (1): 50","Ascension (20): 273"],"is_ascension_mode":true,"potions_obtained_alchemize":[[],[],[],[],[],[],[],[],[],[],[],[],[],[],[],[],[],[],[],[],[],[],[],[],[],[],[],[],[]],"campfire_choices":[{"data":"SandsOfTime","floor":6,"key":"SMITH"},{"data":"FlurryOfBlows","floor":8,"key":"SMITH"},{"data":"TalkToTheHand","floor":15,"key":"SMITH"},{"data":"Tantrum","floor":23,"key":"SMITH"},{"floor":25,"key":"REST"}],"lesson_learned_per_floor":[[],[],[],[],[],[],[],[],[],[],[],["LessonLearned"],["Defend_P"],["Vengeance"],[],["Defend_P"],[],[],[],["ClearTheMind"],[],[],[],["Strike_P"],[],[],[],["DeceiveReality"],[]],"neow_cost":"TEN_PERCENT_HP_LOSS","improvable_cards":{},"seed_source_timestamp":34831157842869,"shop_contents":[{"floor":4,"relics":["Du-Vu Doll","InkBottle","Medical Kit"],"cards":["FlyingSleeves","Collect","Vengeance","LikeWater","Good Instincts","Sadistic Nature"],"potions":["Block Potion","DuplicationPotion","BottledMiracle"]},{"floor":19,"relics":["Blue Candle","Ancient Tea Set","Lee\u0027s Waffle"],"cards":["CrushJoints","Tantrum","ClearTheMind","Protect","LikeWater","Forethought","Apotheosis"],"potions":["Regen Potion","Block Potion","DuplicationPotion"]}],"circlet_count":0,"master_deck":["AscendersBane","Strike_P","Strike_P","Strike_P+1","Defend_P+1","Defend_P+1","Eruption+1","Vigilance","Vengeance+1","DeceiveReality+1","SandsOfTime+1","Wireheading","Tantrum+1","FlurryOfBlows+1","LessonLearned+1","TalkToTheHand+1","ClearTheMind+1","InnerPeace"],"potion_use_per_floor":[[],[],[],[],[],[],["BottledMiracle"],[],[],[],[],[],["AttackPotion"],[],[],[],[],[],[],["Weak Potion"],[],[],[],[],[],[],["GamblersBrew"],["PowerPotion"],["PowerPotion"]],"relics":["PureWater","MealTicket","Toy Ornithopter","Golden Idol","Philosopher\u0027s Stone","Strawberry","Singing Bowl","Ornamental Fan"],"potions_floor_usage":[7,13,20,27,28,29],"damage_taken":[{"damage":0,"enemies":"Cultist","floor":1,"turns":3},{"damage":2,"enemies":"Jaw Worm","floor":2,"turns":2},{"damage":0,"enemies":"Small Slimes","floor":5,"turns":2},{"damage":8,"enemies":"3 Sentries","floor":7,"turns":4},{"damage":16,"enemies":"Gremlin Nob","floor":10,"turns":3},{"damage":0,"enemies":"2 Fungi Beasts","floor":12,"turns":2},{"damage":0,"enemies":"Gremlin Gang","floor":13,"turns":3},{"damage":15,"enemies":"Lots of Slimes","floor":14,"turns":5},{"damage":5,"enemies":"The Guardian","floor":16,"turns":12},{"damage":0,"enemies":"Chosen","floor":18,"turns":5},{"damage":12,"enemies":"3 Byrds","floor":20,"turns":5},{"damage":22,"enemies":"Book of Stabbing","floor":24,"turns":4},{"damage":34,"enemies":"Gremlin Leader","floor":27,"turns":6},{"damage":8,"enemies":"Cultist and Chosen","floor":28,"turns":4},{"damage":25,"enemies":"Snake Plant","floor":29,"turns":3}],"green_key_taken_log":27,"seed_played":"-7362357607459293520","neow_bonus_log":{"cardsObtained":["Vengeance","DeceiveReality"],"cardsUpgraded":[],"cardsRemoved":[],"cardsTransformed":["Defend_P","Defend_P"],"relicsObtained":[],"maxHpGained":0,"goldGained":0,"damageTaken":0,"goldLost":0,"maxHpLost":6},"potions_obtained":[{"floor":1,"key":"BottledMiracle"},{"floor":2,"key":"AttackPotion"},{"floor":14,"key":"Weak Potion"},{"floor":18,"key":"PowerPotion"},{"floor":20,"key":"GamblersBrew"},{"floor":27,"key":"PowerPotion"}],"is_trial":false,"path_per_floor":["M","M","?","$","M","R","E","R","T","E","?","M","M","M","R","B",null,"M","$","M","?","?","R","E","R","T","E","M","M"],"character_chosen":"WATCHER","basemod:card_modifiers":[null,null,null,null,null,null,null,null,null,null,null,null,null,null,null,null,null,null],"items_purchased":["Tantrum"],"campfire_rested":1,"item_purchase_floors":[4],"current_hp_per_floor":[61,59,59,59,59,59,51,51,51,35,35,35,40,25,25,20,47,47,56,44,44,44,44,29,47,47,20,19,0],"gold":415,"neow_bonus":"TRANSFORM_TWO_CARDS","is_prod":false,"is_daily":false,"rewards_skipped":[],"chose_seed":false,"campfire_upgraded":4,"win_rate":0,"floor_exit_playtime":[63,77,82,88,116,128,261,268,271,318,322,337,380,459,465,596,664,753,772,868,878,894,910,964,968,971,1074,1163],"timestamp":1708224583,"blue_key_relic_skipped_log":{"floor":9,"relicID":"Bottled Flame"},"path_taken":["M","M","?","$","M","R","E","R","T","E","?","M","M","M","R","BOSS","M","$","M","?","?","R","E","R","T","E","?","M"],"build_version":"2022-12-18","purchased_purges":1,"victory":false,"max_hp_per_floor":[62,62,62,62,62,62,62,62,62,62,56,56,56,56,56,56,56,56,56,56,56,56,56,63,63,63,65,67,67],"relic_stats":{"Singing Bowl":4,"counters":[15,63],"Golden Idol":61,"Ornamental Fan":[24],"MealTicket":9,"PureWater":[9],"obtain_stats":[{"Singing Bowl":26,"Golden Idol":11,"Ornamental Fan":27,"Strawberry":24,"MealTicket":7,"Philosopher\u0027s Stone":17,"PureWater":0,"Toy Ornithopter":10},{"Singing Bowl":12,"Golden Idol":5,"Ornamental Fan":13,"Strawberry":12,"MealTicket":4,"Philosopher\u0027s Stone":9,"PureWater":0,"Toy Ornithopter":5},{"Singing Bowl":50,"Golden Idol":14,"Ornamental Fan":56,"Strawberry":50,"MealTicket":11,"Philosopher\u0027s Stone":36,"PureWater":0,"Toy Ornithopter":14}],"Toy Ornithopter":20},"card_choices":[{"not_picked":["FollowUp","ForeignInfluence"],"picked":"SandsOfTime","floor":1},{"not_picked":["FlyingSleeves","Fasting2"],"picked":"Wireheading","floor":2},{"not_picked":["Nirvana","WheelKick"],"picked":"FlurryOfBlows","floor":5},{"not_picked":["FlyingSleeves","Indignation","JustLucky"],"picked":"SKIP","floor":7},{"not_picked":["Consecrate","Pray"],"picked":"LessonLearned","floor":10},{"not_picked":["Pray","ReachHeaven","Indignation"],"picked":"SKIP","floor":12},{"not_picked":["FlurryOfBlows","ReachHeaven"],"picked":"TalkToTheHand","floor":13},{"not_picked":["Prostrate","JustLucky","SignatureMove"],"picked":"SKIP","floor":14},{"not_picked":["Blasphemy","ConjureBlade","DeusExMachina"],"picked":"SKIP","floor":16},{"not_picked":["EmptyFist","Halt"],"picked":"ClearTheMind","floor":18},{"not_picked":["Crescendo","DeceiveReality","Fasting2","Perseverance","Collect","FlyingSleeves","Wireheading","Meditate","Prostrate","CarveReality","Study","FearNoEvil","Evaluate","MentalFortress","Indignation","FollowUp","ClearTheMind","CrushJoints","FlurryOfBlows"],"picked":"InnerPeace","floor":22},{"not_picked":["Conclude+1","Omniscience","JustLucky"],"picked":"SKIP","floor":24},{"not_picked":["ClearTheMind+1","Weave","Crescendo+1"],"picked":"Singing Bowl","floor":27},{"not_picked":["Conclude","EmptyFist","Weave"],"picked":"Singing Bowl","floor":28}],"player_experience":6169179,"relics_obtained":[{"floor":7,"key":"MealTicket"},{"floor":10,"key":"Toy Ornithopter"},{"floor":24,"key":"Strawberry"},{"floor":26,"key":"Singing Bowl"},{"floor":27,"key":"Ornamental Fan"}],"event_choices":[{"damage_healed":0,"gold_gain":0,"player_choice":"Upgraded","damage_taken":0,"max_hp_gain":0,"max_hp_loss":0,"event_name":"Upgrade Shrine","floor":3,"gold_loss":0,"cards_upgraded":["Eruption"]},{"damage_healed":0,"gold_gain":0,"player_choice":"Lose Max HP","damage_taken":0,"relics_obtained":["Golden Idol"],"max_hp_gain":0,"max_hp_loss":6,"event_name":"Golden Idol","floor":11,"gold_loss":0},{"damage_healed":0,"gold_gain":0,"player_choice":"Ignored","damage_taken":0,"max_hp_gain":0,"max_hp_loss":0,"event_name":"Cursed Tome","floor":21,"gold_loss":0},{"damage_healed":0,"gold_gain":0,"player_choice":"Read","damage_taken":0,"max_hp_gain":0,"max_hp_loss":0,"event_name":"The Library","floor":22,"gold_loss":0,"cards_obtained":["InnerPeace"]}],"is_beta":false,"boss_relics":[{"not_picked":["Astrolabe","Sozu"],"picked":"Philosopher\u0027s Stone"}],"items_purged_floors":[19],"is_endless":false,"potions_floor_spawned":[1,2,14,18,20,27],"killed_by":"Snake Plant","ascension_level":20,"potion_discard_per_floor":[[],[],[],[],[],[],[],[],[],[],[],[],[],[],[],[],[],[],[],[],[],[],[],[],[],[],[],[],[]]}