{"neow_bonuses_skipped_log":["REMOVE_CARD","ONE_RARE_RELIC","BOSS_RELIC"],"potions_obtained_entropic_brew":[[],[],[],[],[],[],[],[],[],[],[],[],[],[],[],[],[],[],[],[],[],[],[],[],[],[],[],[],[],[],[],[],[],[],[],[],[],[],[],[],[],[],[],[],[],[],[],[],[],[],[],[],[],[],[],[]],"neow_costs_skipped_log":["NONE","CURSE","NONE"],"gold_per_floor":[210,222,51,68,33,33,33,33,58,89,99,118,118,152,152,255,255,279,194,38,38,65,87,121,143,143,143,171,171,191,230,230,315,315,327,327,346,365,389,431,26,26,26,52,79,117,117,158,158,158,158,158,158,14,50,50],"floor_reached":56,"playtime":3270,"items_purged":["Strike_B"],"score":2053,"play_id":"109f43dc-2733-47a2-a78d-66b466fb7fe2","local_time":"20240217162959","falling_options_log":["Sunder+1","Biased Cognition+1"],"score_breakdown":["Floors Climbed (56): 280","Enemies Slain (17): 34","Exordium Elites Killed (2): 20","City Elites Killed (2): 40","Beyond Elites Killed (3): 90","Bosses Slain (4): 500","Money Money (1030): 25","Collector (1): 25","Librarian: 25","Overkill: 25","Ascension (20): 989"],"is_ascension_mode":true,"potions_obtained_alchemize":[[],[],[],[],[],[],[],[],[],[],[],[],[],[],[],[],[],[],[],[],[],[],[],[],[],[],[],[],[],[],[],[],[],[],[],[],[],[],[],[],[],[],[],[],[],[],[],[],[],[],[],[],[],[],[],[]],"campfire_choices":[{"data":"Zap","floor":6,"key":"SMITH"},{"floor":8,"key":"RECALL"},{"data":"Sunder","floor":15,"key":"SMITH"},{"data":"Loop","floor":27,"key":"SMITH"},{"data":"Fission","floor":29,"key":"SMITH"},{"data":"Biased Cognition","floor":32,"key":"SMITH"},{"data":"Coolheaded","floor":42,"key":"SMITH"},{"data":"Rainbow","floor":47,"key":"SMITH"},{"data":"Coolheaded","floor":49,"key":"SMITH"},{"data":"Coolheaded","floor":53,"key":"SMITH"}],"lesson_learned_per_floor":[[],[],[],[],[],[],[],[],[],[],[],[],[],[],[],[],[],[],[],[],[],[],[],[],[],[],[],[],[],[],[],[],[],[],[],[],[],[],[],[],[],[],[],[],[],[],[],[],[],[],[],[],[],[],[],[]],"neow_cost":"NONE","improvable_cards":{},"seed_source_timestamp":13596986855153,"shop_contents":[{"floor":3,"relics":["Oddly Smooth Stone","Cauldron"],"cards":["Beam Cell","Rip and Tear","Auto Shields","Hologram","Static Discharge","Dramatic Entrance","Sadistic Nature"],"potions":["EssenceOfDarkness","SkillPotion","Energy Potion"]},{"floor":20,"relics":["Whetstone","MealTicket","TheAbacus"],"cards":["Beam Cell","Scrape","Conserve Battery","Turbo","Enlightenment","Transmutation"],"potions":["Dexterity Potion","Dexterity Potion","DuplicationPotion"]},{"floor":41,"relics":["Du-Vu Doll"],"cards":["Cold Snap","Compile Driver","Force Field","Turbo","Storm","Flash of Steel","Panache"],"potions":["Weak Potion","Dexterity Potion","Block Potion"]},{"floor":54,"relics":["Akabeko","Toy Ornithopter","Membership Card"],"cards":["Barrage","Sunder","Conserve Battery","Double Energy","Good Instincts","Metamorphosis"],"potions":["DistilledChaos","AttackPotion"]}],"circlet_count":0,"master_deck":["AscendersBane","Strike_B","Strike_B","Strike_B","Defend_B","Defend_B","Defend_B","Defend_B","Dualcast+1","Cold Snap","Undo","Core Surge","Sunder+1","Fission+1","FTL","Biased Cognition+1","Cold Snap","Loop+1","Self Repair+1","Glacier","Go for the Eyes+1","Compile Driver","Rainbow+1","Coolheaded+1","Coolheaded+1","Biased Cognition","Coolheaded+1","Undo","Force Field+1","Hologram+1","Redo","Rebound+1","Streamline","Beam Cell+1","Redo+1","Darkness","Coolheaded","Compile Driver","Hello World","Seek"],"potion_use_per_floor":[[],[],[],[],[],[],[],[],[],[],[],[],[],["DuplicationPotion"],[],[],[],[],[],[],[],[],[],["Explosive Potion"],[],[],[],[],[],[],["PowerPotion"],[],[],[],[],[],[],[],[],["SkillPotion","SteroidPotion"],[],[],[],[],[],[],[],["Block Potion"],[],[],[],[],[],[],["GamblersBrew"],["FairyPotion"]],"relics":["Cracked Core","Anchor","Lantern","TungstenRod","Bloody Idol","CeramicFish","Runic Dome","Orichalcum","Art of War","Pear","Coffee Dripper","PreservedInsect","Orrery","Cables","Blue Candle","Bottled Flame","Bag of Preparation","CaptainsWheel"],"potions_floor_usage":[14,24,31,40,40,48,55],"damage_taken":[{"damage":2,"enemies":"2 Louse","floor":1,"turns":2},{"damage":12,"enemies":"Jaw Worm","floor":2,"turns":3},{"damage":0,"enemies":"Cultist","floor":4,"turns":4},{"damage":13,"enemies":"3 Sentries","floor":10,"turns":10},{"damage":0,"enemies":"Gremlin Gang","floor":11,"turns":4},{"damage":0,"enemies":"Looter","floor":12,"turns":2},{"damage":3,"enemies":"Gremlin Nob","floor":14,"turns":3},{"damage":13,"enemies":"Slime Boss","floor":16,"turns":11},{"damage":0,"enemies":"Spheric Guardian","floor":18,"turns":3},{"damage":1,"enemies":"Chosen","floor":22,"turns":5},{"damage":3,"enemies":"Centurion and Healer","floor":23,"turns":8},{"damage":24,"enemies":"Gremlin Leader","floor":24,"turns":7},{"damage":2,"enemies":"Snake Plant","floor":25,"turns":5},{"damage":4,"enemies":"Snecko","floor":28,"turns":5},{"damage":3,"enemies":"Cultist and Chosen","floor":30,"turns":6},{"damage":18,"enemies":"Slavers","floor":31,"turns":8},{"damage":14,"enemies":"Automaton","floor":33,"turns":16},{"damage":0,"enemies":"3 Shapes","floor":35,"turns":6},{"damage":0,"enemies":"3 Darklings","floor":37,"turns":7},{"damage":19,"enemies":"Transient","floor":38,"turns":6},{"damage":8,"enemies":"Sphere and 2 Shapes","floor":39,"turns":7},{"damage":73,"enemies":"Reptomancer","floor":40,"turns":19},{"damage":6,"enemies":"4 Shapes","floor":44,"turns":5},{"damage":0,"enemies":"Maw","floor":45,"turns":9},{"damage":36,"enemies":"Giant Head","floor":46,"turns":9},{"damage":16,"enemies":"Nemesis","floor":48,"turns":9},{"damage":12,"enemies":"Awakened One","floor":50,"turns":16},{"damage":6,"enemies":"Time Eater","floor":51,"turns":14},{"damage":57,"enemies":"Shield and Spear","floor":55,"turns":9},{"damage":60,"enemies":"The Heart","floor":56,"turns":12}],"green_key_taken_log":31,"seed_played":"528952854093929505","neow_bonus_log":{"cardsObtained":[],"cardsUpgraded":[],"cardsRemoved":[],"cardsTransformed":[],"relicsObtained":[],"maxHpGained":0,"goldGained":100,"damageTaken":0,"goldLost":0,"maxHpLost":0},"potions_obtained":[{"floor":11,"key":"Explosive Potion"},{"floor":12,"key":"DuplicationPotion"},{"floor":14,"key":"BlessingOfTheForge"},{"floor":23,"key":"PowerPotion"},{"floor":28,"key":"Regen Potion"},{"floor":31,"key":"SteroidPotion"},{"floor":33,"key":"SkillPotion"},{"floor":40,"key":"Block Potion"},{"floor":44,"key":"GamblersBrew"}],"is_trial":false,"path_per_floor":["M","M","$","M","?","R","?","R","T","E","M","M","?","E","R","B",null,"M","?","$","?","M","M","E","M","T","R","M","R","M","E","R","B",null,"M","?","M","M","M","E","$","R","T","M","M","E","R","E","R","B","B",null,"R","$","E","B"],"character_chosen":"DEFECT","basemod:card_modifiers":[null,null,null,null,null,null,null,null,null,null,null,null,null,null,null,null,null,null,null,null,null,null,null,null,null,null,null,null,null,null,null,null,null,null,null,null,null,null,null,null],"items_purchased":["Anchor","Loop","Orrery","Cables","FairyPotion","Hello World"],"campfire_rested":0,"item_purchase_floors":[3,20,41,41,54,54],"current_hp_per_floor":[62,50,50,50,67,67,67,67,67,54,54,54,54,51,51,38,58,58,58,58,58,64,64,60,64,64,64,64,64,64,74,74,74,74,74,74,74,74,74,21,46,46,46,60,74,58,58,62,62,60,64,72,72,74,37,0],"gold":50,"neow_bonus":"HUNDRED_GOLD","is_prod":false,"is_daily":false,"rewards_skipped":[{"floor":37,"relics":[],"potions":["FearPotion"]}],"chose_seed":false,"campfire_upgraded":9,"win_rate":0,"floor_exit_playtime":[28,54,62,84,108,113,129,133,136,245,290,313,319,367,373,474,501,537,550,563,570,606,688,774,837,855,861,904,911,967,1051,1060,1246,1264,1318,1325,1421,1495,1566,1845,1889,1900,1902,1969,2088,2218,2227,2316,2331,2544,2737,2747,2762,2779,2976],"timestamp":1708205399,"blue_key_relic_skipped_log":{"floor":26,"relicID":"Bottled Tornado"},"path_taken":["M","M","$","M","?","R","?","R","T","E","M","M","?","E","R","BOSS","M","?","$","?","M","M","E","M","T","R","?","R","M","E","R","BOSS","M","?","M","M","M","E","$","R","T","M","M","E","R","E","R","BOSS","BOSS","R","$","E","BOSS"],"build_version":"2022-12-18","purchased_purges":1,"victory":false,"max_hp_per_floor":[71,71,71,71,71,71,71,71,71,71,71,71,64,64,64,64,64,64,64,64,64,64,64,64,64,64,64,64,64,64,74,74,74,74,74,74,74,74,74,74,74,74,74,74,74,74,74,74,74,74,74,74,74,74,74,74],"relic_stats":{"Bottled Flame":"Core Surge","counters":[30,229],"Bloody Idol":119,"CeramicFish":225,"Blue Candle":[1],"PreservedInsect":257,"Art of War":[29],"Bag of Preparation":[8],"Orichalcum":[54],"obtain_stats":[{"Lantern":9,"Pear":31,"Golden Idol":13,"CeramicFish":14,"Blue Candle":43,"PreservedInsect":40,"Bag of Preparation":48,"Orichalcum":19,"Cables":41,"Runic Dome":17,"Anchor":3,"Bottled Flame":46,"CaptainsWheel":55,"Bloody Idol":21,"Orrery":41,"Art of War":24,"Coffee Dripper":34,"Cracked Core":0,"TungstenRod":10},{"Lantern":3,"Pear":16,"Golden Idol":6,"CeramicFish":7,"Blue Candle":22,"PreservedInsect":22,"Bag of Preparation":26,"Orichalcum":9,"Cables":22,"Runic Dome":8,"Anchor":2,"Bottled Flame":25,"CaptainsWheel":29,"Bloody Idol":9,"Orrery":22,"Art of War":12,"Coffee Dripper":17,"Cracked Core":0,"TungstenRod":4},{"Lantern":9,"Pear":86,"Golden Idol":25,"CeramicFish":28,"Blue Candle":147,"PreservedInsect":147,"Bag of Preparation":178,"Orichalcum":42,"Cables":147,"Runic Dome":39,"Anchor":5,"Bottled Flame":169,"CaptainsWheel":217,"Bloody Idol":42,"Orrery":147,"Art of War":62,"Coffee Dripper":102,"Cracked Core":0,"TungstenRod":19}],"TungstenRod":74,"Cables":[74,5,60,9,0]},"card_choices":[{"not_picked":["Leap","Aggregate"],"picked":"Cold Snap","floor":1},{"not_picked":["Compile Driver","Barrage"],"picked":"Undo","floor":2},{"not_picked":["Steam","FTL"],"picked":"Core Surge","floor":4},{"not_picked":["Barrage","Redo"],"picked":"Sunder","floor":10},{"not_picked":["Compile Driver","Redo"],"picked":"Fission","floor":11},{"not_picked":["Heatsinks","Barrage"],"picked":"FTL","floor":12},{"not_picked":["Core Surge","Reboot"],"picked":"Biased Cognition","floor":16},{"not_picked":["Capacitor","Melter"],"picked":"Cold Snap","floor":18},{"not_picked":["Melter","Steam"],"picked":"Self Repair+1","floor":22},{"not_picked":["Gash","Stack"],"picked":"Glacier","floor":23},{"not_picked":["Ball Lightning","Turbo"],"picked":"Go for the Eyes+1","floor":24},{"not_picked":["Steam Power","Sunder"],"picked":"Compile Driver","floor":25},{"not_picked":["Go for the Eyes","Hologram"],"picked":"Rainbow","floor":28},{"not_picked":["Conserve Battery","Beam Cell"],"picked":"Coolheaded","floor":30},{"not_picked":["Conserve Battery","Consume"],"picked":"Coolheaded","floor":31},{"not_picked":["Reboot","Multi-Cast"],"picked":"Biased Cognition","floor":33},{"not_picked":["Stack","Static Discharge","Gash"],"picked":"SKIP","floor":35},{"not_picked":["Conserve Battery","Scrape","Gash"],"picked":"SKIP","floor":37},{"not_picked":["Static Discharge","Go for the Eyes"],"picked":"Coolheaded","floor":38},{"not_picked":["Force Field","BootSequence"],"picked":"Undo","floor":39},{"not_picked":["Stack+1","Reboot"],"picked":"Force Field+1","floor":40},{"not_picked":["Sweeping Beam","Tempest+1"],"picked":"Hologram+1","floor":41},{"not_picked":["Go for the Eyes+1","Gash"],"picked":"Redo","floor":41},{"not_picked":["Biased Cognition","Go for the Eyes"],"picked":"Rebound+1","floor":41},{"not_picked":["Double Energy","Stack"],"picked":"Streamline","floor":41},{"not_picked":["Self Repair","Rebound+1"],"picked":"Beam Cell+1","floor":41},{"not_picked":["Leap","Barrage"],"picked":"Redo+1","floor":44},{"not_picked":["FTL","Coolheaded"],"picked":"Darkness","floor":45},{"not_picked":["Rebound","Auto Shields"],"picked":"Coolheaded","floor":46},{"not_picked":["Hyperbeam","Stack"],"picked":"Compile Driver","floor":48},{"not_picked":["Defragment","Steam"],"picked":"Seek","floor":55}],"player_experience":6151426,"relics_obtained":[{"floor":9,"key":"Lantern"},{"floor":10,"key":"TungstenRod"},{"floor":14,"key":"CeramicFish"},{"floor":24,"key":"Art of War"},{"floor":31,"key":"Pear"},{"floor":40,"key":"PreservedInsect"},{"floor":43,"key":"Blue Candle"},{"floor":46,"key":"Bottled Flame"},{"floor":48,"key":"Bag of Preparation"},{"floor":55,"key":"CaptainsWheel"}],"event_choices":[{"damage_healed":17,"gold_gain":0,"player_choice":"Healed","damage_taken":0,"max_hp_gain":0,"max_hp_loss":0,"event_name":"The Cleric","floor":5,"gold_loss":35},{"damage_healed":0,"gold_gain":0,"player_choice":"Upgraded","damage_taken":0,"max_hp_gain":0,"max_hp_loss":0,"event_name":"Upgrade Shrine","floor":7,"gold_loss":0,"cards_upgraded":["Dualcast"]},{"damage_healed":0,"gold_gain":0,"player_choice":"Lose Max HP","damage_taken":0,"relics_obtained":["Golden Idol"],"max_hp_gain":0,"max_hp_loss":7,"event_name":"Golden Idol","floor":13,"gold_loss":0},{"damage_healed":0,"gold_gain":0,"player_choice":"Obtained Relic","damage_taken":0,"relics_obtained":["Orichalcum"],"max_hp_gain":0,"max_hp_loss":0,"event_name":"Addict","floor":19,"gold_loss":85},{"damage_healed":0,"gold_gain":0,"player_choice":"Gave Idol","damage_taken":0,"relics_obtained":["Bloody Idol"],"max_hp_gain":0,"max_hp_loss":0,"event_name":"Forgotten Altar","floor":21,"relics_lost":["Golden Idol"],"gold_loss":0},{"cards_removed":["Zap"],"damage_healed":0,"gold_gain":0,"player_choice":"Removed Skill","damage_taken":0,"max_hp_gain":0,"max_hp_loss":0,"event_name":"Falling","floor":36,"gold_loss":0}],"is_beta":false,"boss_relics":[{"not_picked":["Busted Crown","Tiny House"],"picked":"Runic Dome"},{"not_picked":["Calling Bell","Empty Cage"],"picked":"Coffee Dripper"}],"items_purged_floors":[20],"is_endless":false,"potions_floor_spawned":[11,12,14,23,28,31,33,37,40,44],"killed_by":"The Heart","ascension_level":20,"potion_discard_per_floor":[[],[],[],[],[],[],[],[],[],[],[],[],[],[],[],[],[],[],[],[],[],[],["BlessingOfTheForge"],[],[],[],[],[],[],[],[],[],["Regen Potion"],[],[],[],[],[],[],[],[],[],[],[],[],[],[],[],[],[],[],[],[],[],[],[]]}