{"neow_bonuses_skipped_log":["ONE_RANDOM_RARE_CARD","TEN_PERCENT_HP_BONUS","BOSS_RELIC"],"neow_costs_skipped_log":["NONE","NONE","NONE"],"potions_obtained_entropic_brew":[[],[],[],[],[],[],[],[],[],[],[],[],[],[],[],[],[],[],[],[],[],[],[],[],[],[],[],[],[],[],[],[],[],[],[],[],[],[],[],[],[],[],[],[],[],[],[],[],[],[],[]],"gold_per_floor":[368,12,12,24,35,35,0,33,33,33,50,84,99,119,119,192,192,204,224,224,7,19,19,49,49,96,131,131,131,143,175,175,250,250,265,265,32,51,71,106,126,126,200,211,242,242,255,271,271,271,271],"floor_reached":51,"playtime":3884,"items_purged":["Writhe"],"score":1558,"play_id":"b4eedbab-1786-41eb-a26c-a80b5642e78c","local_time":"20240219204759","score_breakdown":["Floors Climbed (51): 255","Enemies Slain (17): 34","Exordium Elites Killed (2): 20","City Elites Killed (3): 60","Beyond Elites Killed (2): 60","Bosses Slain (3): 300","Money Money (1013): 25","Librarian: 25","Champion (1): 25","Ascension (20): 754"],"is_ascension_mode":true,"potions_obtained_alchemize":[[],[],[],[],[],[],[],[],[],[],[],[],[],[],[],[],[],["Fire Potion"],["Regen Potion"],[],[],["CultistPotion"],[],["DistilledChaos"],[],[],["Block Potion"],[],[],["Explosive Potion"],[],[],["SkillPotion"],[],["Energy Potion"],[],[],["Regen Potion"],["Ancient Potion"],["Poison Potion"],["SkillPotion","Ancient Potion"],[],[],["ColorlessPotion"],["Ancient Potion"],[],["Weak Potion","LiquidBronze"],["AttackPotion"],[],["CunningPotion"],["SkillPotion"]],"campfire_choices":[{"data":"Predator","floor":6,"key":"SMITH"},{"data":"Noxious Fumes","floor":10,"key":"SMITH"},{"data":"Prepared","floor":15,"key":"SMITH"},{"data":"Terror","floor":23,"key":"SMITH"},{"floor":25,"key":"REST"},{"data":"Doppelganger","floor":29,"key":"SMITH"},{"data":"Ghostly","floor":32,"key":"SMITH"},{"data":"Catalyst","floor":42,"key":"SMITH"},{"floor":46,"key":"RECALL"},{"data":"Burst","floor":49,"key":"SMITH"}],"lesson_learned_per_floor":[[],[],[],[],[],[],[],[],[],[],[],[],[],[],[],[],[],[],[],[],[],[],[],[],[],[],[],[],[],[],[],[],[],[],[],[],[],[],[],[],[],[],[],[],[],[],[],[],[],[],[]],"neow_cost":"PERCENT_DAMAGE","improvable_cards":{},"seed_source_timestamp":23695706027692,"shop_contents":[{"floor":2,"relics":["Blue Candle","War Paint"],"cards":["Dagger Throw","Escape Plan","Blind","Sadistic Nature"],"potions":["CunningPotion","Swift Potion","Ancient Potion"]},{"floor":21,"relics":["Boot","Chemical X"],"cards":["Quick Slash","Poisoned Stab","Bouncing Flask","Accuracy","Panacea","Master of Strategy"],"potions":["CultistPotion","Ancient Potion","Explosive Potion"]},{"floor":37,"relics":["Matryoshka","Happy Flower"],"cards":["Choke","Predator","Cloak And Dagger","Reflex","Envenom","Madness","Metamorphosis"],"potions":["Energy Potion","Regen Potion","Energy Potion"]}],"circlet_count":0,"master_deck":["AscendersBane","Strike_G","Strike_G","Strike_G","Strike_G","Strike_G","Defend_G","Defend_G","Defend_G","Defend_G","Defend_G","Survivor","Neutralize","Predator+1","Backstab","Noxious Fumes+1","PiercingWail","Decay","Endless Agony","Deflect","Acrobatics","Prepared+1","Terror+1","Venomology","Backstab","Catalyst+1","Blade Dance","Dagger Spray+1","Doppelganger+1","Ghostly","Ghostly","Ghostly+1","Burst+1","Escape Plan","Acrobatics","Dagger Throw+1","Reflex+1","Leg Sweep","Backflip+1"],"potion_use_per_floor":[[],[],[],[],[],[],[],[],[],[],[],[],[],[],[],[],[],["Explosive Potion","Fire Potion"],[],[],[],["SteroidPotion","Regen Potion"],[],[],[],[],["BlessingOfTheForge"],[],[],["Block Potion"],[],[],["Explosive Potion","SkillPotion","DistilledChaos"],[],["PowerPotion"],[],[],[],["Regen Potion","Ancient Potion"],["Poison Potion"],["CultistPotion","Energy Potion"],[],[],["SkillPotion"],["ColorlessPotion"],[],["CultistPotion","Fire Potion"],["Weak Potion"],[],["AttackPotion","DuplicationPotion"],["CunningPotion","SkillPotion"]],"relics":["Ring of the Snake","Frozen Eye","Mercury Hourglass","Ninja Scroll","Darkstone Periapt","SlaversCollar","Bag of Marbles","Letter Opener","Strawberry","Bronze Scales","Coffee Dripper","ClockworkSouvenir","Question Card","Eternal Feather","Dream Catcher"],"potions_floor_usage":[18,18,22,22,27,30,33,33,33,35,39,39,40,41,41,44,45,47,47,48,50,50,51,51],"damage_taken":[{"damage":4,"enemies":"Jaw Worm","floor":1,"turns":6},{"damage":2,"enemies":"Small Slimes","floor":4,"turns":2},{"damage":0,"enemies":"2 Louse","floor":5,"turns":3},{"damage":10,"enemies":"3 Sentries","floor":8,"turns":8},{"damage":0,"enemies":"Red Slaver","floor":11,"turns":1},{"damage":3,"enemies":"Gremlin Nob","floor":12,"turns":3},{"damage":0,"enemies":"Lots of Slimes","floor":13,"turns":2},{"damage":9,"enemies":"2 Fungi Beasts","floor":14,"turns":2},{"damage":30,"enemies":"Hexaghost","floor":16,"turns":9},{"damage":2,"enemies":"Chosen","floor":18,"turns":3},{"damage":22,"enemies":"Shell Parasite","floor":19,"turns":5},{"damage":2,"enemies":"Sentry and Sphere","floor":22,"turns":6},{"damage":17,"enemies":"Gremlin Leader","floor":24,"turns":5},{"damage":6,"enemies":"Slavers","floor":27,"turns":4},{"damage":2,"enemies":"Centurion and Healer","floor":30,"turns":8},{"damage":0,"enemies":"Gremlin Leader","floor":31,"turns":4},{"damage":31,"enemies":"Automaton","floor":33,"turns":10},{"damage":3,"enemies":"3 Darklings","floor":35,"turns":6},{"damage":1,"enemies":"3 Shapes","floor":38,"turns":4},{"damage":0,"enemies":"Maw","floor":39,"turns":7},{"damage":21,"enemies":"Giant Head","floor":40,"turns":7},{"damage":2,"enemies":"3 Darklings","floor":41,"turns":5},{"damage":0,"enemies":"Sphere and 2 Shapes","floor":44,"turns":4},{"damage":16,"enemies":"Nemesis","floor":45,"turns":5},{"damage":12,"enemies":"Writhing Mass","floor":47,"turns":5},{"damage":4,"enemies":"Transient","floor":48,"turns":6},{"damage":20,"enemies":"Donu and Deca","floor":50,"turns":12},{"damage":17,"enemies":"Time Eater","floor":51,"turns":13}],"green_key_taken_log":45,"seed_played":"-3162805985969235140","neow_bonus_log":{"cardsObtained":[],"cardsUpgraded":[],"cardsRemoved":[],"cardsTransformed":[],"relicsObtained":[],"maxHpGained":0,"goldGained":250,"damageTaken":15,"goldLost":0,"maxHpLost":0},"potions_obtained":[{"floor":5,"key":"Explosive Potion"},{"floor":8,"key":"FairyPotion"},{"floor":19,"key":"SteroidPotion"},{"floor":24,"key":"BlessingOfTheForge"},{"floor":33,"key":"PowerPotion"},{"floor":40,"key":"CultistPotion"},{"floor":41,"key":"SkillPotion"},{"floor":44,"key":"Fire Potion"},{"floor":45,"key":"CultistPotion"},{"floor":47,"key":"DuplicationPotion"}],"is_trial":false,"path_per_floor":["M","$","?","M","M","R","?","E","T","R","M","E","M","M","R","B",null,"M","M","?","$","M","R","E","R","T","E","?","R","M","E","R","B",null,"M","?","$","M","M","E","M","R","T","M","E","R","M","M","R","B","B"],"character_chosen":"THE_SILENT","basemod:card_modifiers":[null,null,null,null,null,null,null,null,null,null,null,null,null,null,null,null,null,null,null,null,null,null,null,null,null,null,null,null,null,null,null,null,null,null,null,null,null,null,null],"items_purchased":["Backstab","Frozen Eye","Noxious Fumes","PiercingWail","Bag of Marbles","Blade Dance","ClockworkSouvenir"],"campfire_rested":1,"item_purchase_floors":[2,2,2,2,21,21,37],"current_hp_per_floor":[40,40,40,38,38,38,54,44,44,44,44,41,41,32,32,2,50,48,26,22,22,35,35,18,37,37,38,36,36,34,34,34,3,28,25,38,38,37,42,21,19,19,19,19,3,24,12,8,29,9,0],"gold":271,"neow_bonus":"TWO_FIFTY_GOLD","is_prod":false,"is_daily":false,"rewards_skipped":[{"floor":13,"relics":[],"potions":["Block Potion"]},{"floor":27,"relics":[],"potions":["Weak Potion"]}],"chose_seed":false,"campfire_upgraded":8,"win_rate":0,"floor_exit_playtime":[257,270,296,324,357,362,367,470,473,479,492,551,576,626,635,754,807,923,1009,1013,1034,1108,1116,1214,1218,1232,1326,1330,1338,1438,1519,1528,1764,1785,1917,1961,1991,2070,2184,2361,2468,2475,2482,2586,2709,2724,2879,3026,3031,3431],"timestamp":1708393679,"blue_key_relic_skipped_log":{"floor":26,"relicID":"Whetstone"},"path_taken":["M","$","?","M","M","R","?","E","T","R","M","E","M","M","R","BOSS","M","M","?","$","M","R","E","R","T","E","?","R","?","E","R","BOSS","M","?","$","M","M","E","?","R","T","M","E","R","M","M","R","BOSS","BOSS"],"build_version":"2022-12-18","purchased_purges":1,"victory":false,"max_hp_per_floor":[66,66,66,66,66,66,66,66,66,66,66,66,66,66,66,66,66,66,66,66,66,66,66,66,66,66,73,36,36,36,36,36,36,36,36,42,42,42,42,42,42,42,42,42,42,42,42,42,42,42,42],"relic_stats":{"Darkstone Periapt":6,"Frozen Eye":559.1011,"Dream Catcher":0,"counters":[28,153],"Bronze Scales":[256],"Eternal Feather":42,"Letter Opener":[402],"Question Card":5,"obtain_stats":[{"Darkstone Periapt":12,"Eternal Feather":43,"Letter Opener":24,"Question Card":40,"Mercury Hourglass":8,"ClockworkSouvenir":37,"Frozen Eye":2,"SlaversCollar":17,"Dream Catcher":45,"Ninja Scroll":9,"Strawberry":27,"Bronze Scales":31,"Bag of Marbles":21,"Coffee Dripper":34,"Ring of the Snake":0},{"Darkstone Periapt":6,"Eternal Feather":22,"Letter Opener":13,"Question Card":21,"Mercury Hourglass":4,"ClockworkSouvenir":18,"Frozen Eye":1,"SlaversCollar":9,"Dream Catcher":24,"Ninja Scroll":4,"Strawberry":14,"Bronze Scales":16,"Bag of Marbles":11,"Coffee Dripper":17,"Ring of the Snake":0},{"Darkstone Periapt":23,"Eternal Feather":108,"Letter Opener":54,"Question Card":103,"Mercury Hourglass":19,"ClockworkSouvenir":85,"Frozen Eye":6,"SlaversCollar":35,"Dream Catcher":117,"Ninja Scroll":19,"Strawberry":58,"Bronze Scales":70,"Bag of Marbles":43,"Coffee Dripper":80,"Ring of the Snake":0}],"Ring of the Snake":[49],"Mercury Hourglass":[462]},"card_choices":[{"not_picked":["Backflip","Cloak And Dagger"],"picked":"Predator","floor":1},{"not_picked":["Cloak And Dagger","Deadly Poison","Outmaneuver"],"picked":"SKIP","floor":4},{"not_picked":["Dodge and Roll","Storm of Steel"],"picked":"Endless Agony","floor":5},{"not_picked":["Eviscerate","Riddle With Holes"],"picked":"Deflect","floor":8},{"not_picked":["Caltrops","Underhanded Strike"],"picked":"Acrobatics","floor":11},{"not_picked":["Dash","Poisoned Stab"],"picked":"Prepared","floor":12},{"not_picked":["Predator","Quick Slash"],"picked":"Terror","floor":13},{"not_picked":["Dagger Spray","Caltrops","Cloak And Dagger"],"picked":"SKIP","floor":14},{"not_picked":["Night Terror","Unload"],"picked":"Venomology","floor":16},{"not_picked":["Acrobatics","Blade Dance"],"picked":"Backstab","floor":18},{"not_picked":["Deadly Poison","Caltrops"],"picked":"Catalyst","floor":19},{"not_picked":["Outmaneuver","Bane","Quick Slash"],"picked":"SKIP","floor":22},{"not_picked":["Deadly Poison","Choke"],"picked":"Dagger Spray+1","floor":24},{"not_picked":["Dagger Spray+1","Prepared"],"picked":"Doppelganger","floor":27},{"not_picked":["Cloak And Dagger","Deflect","Heel Hook"],"picked":"SKIP","floor":31},{"not_picked":["Corpse Explosion","Glass Knife"],"picked":"Burst","floor":33},{"not_picked":["Blade Dance+1","Deadly Poison"],"picked":"Escape Plan","floor":35},{"not_picked":["Skewer","Terror","Quick Slash"],"picked":"SKIP","floor":38},{"not_picked":["Dodge and Roll+1","Bane"],"picked":"Acrobatics","floor":39},{"not_picked":["Terror","Masterful Stab+1"],"picked":"Dagger Throw+1","floor":40},{"not_picked":["Blade Dance","Dodge and Roll","Skewer+1"],"picked":"Reflex+1","floor":41},{"not_picked":["Slice+1","Backflip","Finisher"],"picked":"Leg Sweep","floor":44},{"not_picked":["Flechettes","Deflect","Heel Hook"],"picked":"Backflip+1","floor":47},{"not_picked":["Underhanded Strike","All Out Attack","Dagger Spray","Cloak And Dagger"],"picked":"SKIP","floor":48}],"player_experience":6207472,"relics_obtained":[{"floor":8,"key":"Mercury Hourglass"},{"floor":9,"key":"Ninja Scroll"},{"floor":12,"key":"Darkstone Periapt"},{"floor":24,"key":"Letter Opener"},{"floor":27,"key":"Strawberry"},{"floor":31,"key":"Bronze Scales"},{"floor":40,"key":"Question Card"},{"floor":43,"key":"Eternal Feather"},{"floor":45,"key":"Dream Catcher"}],"event_choices":[{"damage_healed":0,"gold_gain":0,"player_choice":"Cursed","damage_taken":0,"max_hp_gain":0,"max_hp_loss":0,"event_name":"Wheel of Change","floor":3,"gold_loss":0,"cards_obtained":["Decay"]},{"damage_healed":16,"gold_gain":0,"player_choice":"Healed","damage_taken":0,"max_hp_gain":0,"max_hp_loss":0,"event_name":"The Cleric","floor":7,"gold_loss":35},{"damage_healed":0,"gold_gain":0,"player_choice":"Bought 0 Potions","damage_taken":0,"max_hp_gain":0,"max_hp_loss":0,"event_name":"The Woman in Blue","floor":20,"gold_loss":0},{"damage_healed":0,"gold_gain":0,"player_choice":"Became a Ghost","damage_taken":0,"max_hp_gain":0,"max_hp_loss":37,"event_name":"Ghosts","floor":28,"gold_loss":0,"cards_obtained":["Ghostly","Ghostly","Ghostly"]},{"damage_healed":7,"gold_gain":0,"player_choice":"Writhe","damage_taken":0,"max_hp_gain":0,"max_hp_loss":0,"event_name":"Winding Halls","floor":36,"gold_loss":0,"cards_obtained":["Writhe"]}],"is_beta":false,"boss_relics":[{"not_picked":["Empty Cage","Ectoplasm"],"picked":"SlaversCollar"},{"not_picked":["Sozu","HoveringKite"],"picked":"Coffee Dripper"}],"items_purged_floors":[37],"is_endless":false,"potions_floor_spawned":[5,8,13,19,24,27,33,40,41,44,45,47],"killed_by":"Time Eater","ascension_level":20,"potion_discard_per_floor":[[],[],[],[],[],[],[],[],[],[],[],[],[],[],[],[],[],[],["FairyPotion"],[],[],[],[],["CultistPotion"],[],[],[],[],[],[],[],[],[],[],[],[],[],[],[],[],["Ancient Potion"],[],[],["SkillPotion"],["Ancient Potion"],[],["LiquidBronze"],[],[],[],[]]}