{"neow_bonuses_skipped_log":["RANDOM_COLORLESS","RANDOM_COMMON_RELIC","BOSS_RELIC"],"potions_obtained_entropic_brew":[[],[],[],[],[],[],[],[],[],[],[],[],[],[],[],[]],"neow_costs_skipped_log":["NONE","NONE","NONE"],"gold_per_floor":[114,131,142,161,161,161,161,161,161,192,192,227,238,249,249,249],"floor_reached":16,"playtime":447,"items_purged":[],"score":224,"play_id":"9cf136c6-38e5-45ce-b7db-8205c9e2c0e9","local_time":"20240220205512","score_breakdown":["Floors Climbed (16): 80","Enemies Slain (6): 12","Exordium Elites Killed (2): 20","Bosses Slain (0): 0","Ascension (20): 112"],"is_ascension_mode":true,"potions_obtained_alchemize":[[],[],[],[],[],[],[],[],[],[],[],[],[],[],[],[]],"campfire_choices":[{"data":"Eruption","floor":6.0,"key":"SMITH"},{"data":"EmptyFist","floor":8.0,"key":"SMITH"},{"floor":11.0,"key":"REST"},{"data":"FlurryOfBlows","floor":15.0,"key":"SMITH"}],"lesson_learned_per_floor":[[],[],[],[],[],[],[],[],[],[],[],[],[],[],[],[]],"neow_cost":"PERCENT_DAMAGE","improvable_cards":{},"seed_source_timestamp":14270866400691,"shop_contents":[],"circlet_count":0,"master_deck":["AscendersBane","Strike_P","Strike_P","Strike_P","Strike_P","Defend_P","Defend_P","Eruption+1","Vigilance","WheelKick","EmptyFist+1","EmptyMind","FlurryOfBlows+1"],"special_seed":0,"potion_use_per_floor":[[],[],[],[],[],[],[],[],[],[],[],["Fire Potion"],[],[],[],["Dexterity Potion"]],"relics":["PureWater","Ice Cream","Mummified Hand","Omamori"],"potions_floor_usage":[16],"damage_taken":[{"damage":5.0,"enemies":"Small Slimes","floor":1.0,"turns":3.0},{"damage":0.0,"enemies":"Jaw Worm","floor":2.0,"turns":3.0},{"damage":0.0,"enemies":"2 Louse","floor":3.0,"turns":2.0},{"damage":0.0,"enemies":"Blue Slaver","floor":4.0,"turns":2.0},{"damage":16.0,"enemies":"Gremlin Nob","floor":10.0,"turns":3.0},{"damage":5.0,"enemies":"3 Sentries","floor":12.0,"turns":4.0},{"damage":16.0,"enemies":"Exordium Thugs","floor":13.0,"turns":2.0},{"damage":4.0,"enemies":"Large Slime","floor":14.0,"turns":2.0},{"damage":17,"enemies":"Hexaghost","floor":16,"turns":4}],"green_key_taken_log":10,"seed_played":"5220208513578601872","neow_bonus_log":{"cardsObtained":[],"cardsUpgraded":[],"cardsRemoved":["Defend_P","Defend_P"],"cardsTransformed":[],"relicsObtained":[],"maxHpGained":0,"goldGained":0,"damageTaken":18,"goldLost":0,"maxHpLost":0},"potions_obtained":[{"floor":2.0,"key":"Fire Potion"},{"floor":3.0,"key":"Dexterity Potion"}],"is_trial":false,"path_per_floor":["M","M","M","M","?","R","?","R","T","E","R","E","M","M","R","B"],"character_chosen":"WATCHER","basemod:card_modifiers":[null,null,null,null,null,null,null,null,null,null,null,null,null],"items_purchased":[],"campfire_rested":1,"item_purchase_floors":[],"current_hp_per_floor":[38,38,38,38,38,38,38,38,38,22,42,37,21,17,17,0],"gold":249,"neow_bonus":"REMOVE_TWO","is_prod":false,"is_daily":false,"rewards_skipped":[{"floor":4,"relics":[],"potions":["SneckoOil"]}],"chose_seed":false,"campfire_upgraded":3,"win_rate":0,"floor_exit_playtime":[79,100,117,148,151,158,174,187,189,216,219,279,322,343,360],"timestamp":1708480512,"path_taken":["M","?","M","M","?","R","?","R","T","E","R","E","M","M","R","BOSS"],"build_version":"2022-12-18","purchased_purges":0,"victory":false,"max_hp_per_floor":[68,68,68,68,68,68,68,68,68,68,68,68,68,68,68,68],"relic_stats":{"Ice Cream":[2],"counters":[9,25],"Mummified Hand":[0],"Omamori":0,"PureWater":[6],"obtain_stats":[{"Ice Cream":9,"Mummified Hand":10,"Omamori":12,"PureWater":0},{"Ice Cream":4,"Mummified Hand":5,"Omamori":6,"PureWater":0},{"Ice Cream":10,"Mummified Hand":13,"Omamori":17,"PureWater":0}]},"card_choices":[{"not_picked":["Protect","Halt"],"picked":"WheelKick","floor":1.0},{"not_picked":["SignatureMove","Alpha"],"picked":"EmptyFist","floor":3.0},{"not_picked":["Swivel","EmptyFist","FollowUp"],"picked":"SKIP","floor":4.0},{"not_picked":["EmptyBody","Worship","FollowUp"],"picked":"SKIP","floor":10.0},{"not_picked":["Swivel","WaveOfTheHand","ThirdEye"],"picked":"SKIP","floor":12.0},{"not_picked":["Indignation","TalkToTheHand"],"picked":"FlurryOfBlows","floor":13.0},{"not_picked":["ThirdEye","Crescendo","Perseverance"],"picked":"SKIP","floor":14.0}],"player_experience":6221688,"relics_obtained":[{"floor":9.0,"key":"Ice Cream"},{"floor":10.0,"key":"Mummified Hand"},{"floor":12.0,"key":"Omamori"}],"event_choices":[{"damage_healed":0.0,"max_hp_gain":0.0,"max_hp_loss":0.0,"gold_gain":0.0,"event_name":"Scrap Ooze","player_choice":"Fled","floor":5.0,"gold_loss":0.0,"damage_taken":0.0},{"damage_healed":0.0,"max_hp_gain":0.0,"max_hp_loss":0.0,"gold_gain":0.0,"event_name":"Match and Keep!","player_choice":"1 cards matched","floor":7.0,"gold_loss":0.0,"damage_taken":0.0,"cards_obtained":["EmptyMind"]}],"is_beta":false,"boss_relics":[],"items_purged_floors":[],"is_endless":false,"potions_floor_spawned":[2,3,4],"killed_by":"Hexaghost","ascension_level":20,"potion_discard_per_floor":[[],[],[],[],[],[],[],[],[],[],[],[],[],[],[],[]]}