{"neow_bonuses_skipped_log":["THREE_SMALL_POTIONS","TWO_FIFTY_GOLD","BOSS_RELIC"],"potions_obtained_entropic_brew":[[],[],[],[],[],[],[],[],[],[],[],[],[],[],[],[],[],[],[],[],[],[],[],[],[],[],[],[],[],[],[],[],[],[],[],[],[],[],[],[],[],[],[],[],[],[],[],[],[],[],[],[],[],[],[],[]],"neow_costs_skipped_log":["NONE","CURSE","NONE"],"gold_per_floor":[109,124,141,3,20,20,95,95,121,121,140,169,195,210,210,284,284,302,302,147,162,175,175,191,191,191,191,206,256,42,73,73,150,150,169,169,182,182,194,194,220,145,145,173,173,192,218,237,237,237,237,237,237,21,49,49],"floor_reached":56,"playtime":3158,"items_purged":["Defend_P","Strike_P","CarveReality+1"],"score":2014,"play_id":"4efeac53-87cd-436f-bc32-8725b6d88979","local_time":"20240216201252","score_breakdown":["Floors Climbed (56): 280","Enemies Slain (16): 32","Exordium Elites Killed (1): 10","City Elites Killed (1): 20","Beyond Elites Killed (3): 90","Bosses Slain (4): 500","Champion (2): 50","C-c-c-combo: 25","Ascension (20): 1007"],"is_ascension_mode":true,"potions_obtained_alchemize":[[],[],[],[],[],[],[],[],[],[],[],[],[],[],[],[],[],[],[],[],[],[],[],[],[],[],[],[],[],[],[],[],[],[],[],[],[],[],[],[],[],[],[],[],[],[],[],[],[],[],[],[],[],[],[],[]],"campfire_choices":[{"data":"Eruption","floor":6,"key":"SMITH"},{"data":"Adaptation","floor":8,"key":"SMITH"},{"data":"Adaptation","floor":10,"key":"SMITH"},{"data":"Meditate","floor":15,"key":"SMITH"},{"floor":23,"key":"REST"},{"floor":25,"key":"REST"},{"data":"Halt","floor":27,"key":"SMITH"},{"floor":32,"key":"REST"},{"floor":40,"key":"REST"},{"floor":45,"key":"REST"},{"floor":49,"key":"RECALL"},{"floor":53,"key":"REST"}],"lesson_learned_per_floor":[[],[],[],[],[],[],[],[],[],[],[],[],[],["Strike_P"],[],[],[],["Strike_P"],[],[],["Defend_P"],["EmptyMind"],[],["Defend_P"],[],[],[],["LessonLearned"],[],[],["ClearTheMind"],[],[],[],["Strike_P"],[],["CarveReality"],[],[],[],["CutThroughFate"],[],[],["Tantrum"],[],["Vigilance"],[],["CutThroughFate"],[],[],[],[],[],[],[],[]],"neow_cost":"NONE","improvable_cards":{},"seed_source_timestamp":17181111781464,"shop_contents":[{"floor":4,"relics":["Ornamental Fan","Boot","DollysMirror"],"cards":["SashWhip","TalkToTheHand","WreathOfFlame","Alpha","Bandage Up","The Bomb"],"potions":["Explosive Potion","Weak Potion"]},{"floor":20,"relics":["Toxic Egg 2","Damaru","HandDrill"],"cards":["FlyingSleeves","Weave","ThirdEye","LikeWater","Impatience","Mayhem"],"potions":["FearPotion","SpeedPotion","Fire Potion"]},{"floor":30,"relics":["Question Card","Anchor"],"cards":["EmptyFist","SandsOfTime","Halt","Prostrate","BattleHymn","Flash of Steel","Master of Strategy"],"potions":["FairyPotion","Weak Potion","Swift Potion"]},{"floor":54,"relics":["Lantern","Gremlin Horn","Lee\u0027s Waffle"],"cards":["FollowUp","Consecrate","ClearTheMind","Protect","Study","Discovery","Transmutation"],"potions":["ColorlessPotion","Fruit Juice","SmokeBomb"]}],"circlet_count":0,"master_deck":["AscendersBane","Strike_P+1","Strike_P+1","Strike_P+1","Defend_P+1","Eruption+1","Vigilance+1","Adaptation+1","Adaptation+1","Halt+1","LessonLearned+1","Meditate+1","EmptyMind+1","ClearTheMind+1","FlurryOfBlows+1","CutThroughFate+1","Tantrum+1","CutThroughFate+1","Wireheading"],"potion_use_per_floor":[[],[],[],[],[],[],[],[],[],[],["Explosive Potion"],["Dexterity Potion"],[],[],[],["Dexterity Potion"],[],["Explosive Potion"],[],[],[],[],[],[],[],[],[],[],[],[],["SteroidPotion"],[],[],[],[],[],[],[],["Fire Potion"],[],[],[],[],[],[],[],[],[],[],["FearPotion"],[],[],[],[],[],["GamblersBrew","BottledMiracle"]],"relics":["HolyWater","Odd Mushroom","StrikeDummy","Pantograph","Membership Card","Lizard Tail","VioletLotus","Strawberry","The Courier","Ancient Tea Set","Prayer Wheel","CaptainsWheel","Vajra"],"potions_floor_usage":[11,12,16,18,31,39,50,56,56],"damage_taken":[{"damage":2,"enemies":"Jaw Worm","floor":1,"turns":3},{"damage":1,"enemies":"2 Louse","floor":2,"turns":2},{"damage":0,"enemies":"Cultist","floor":3,"turns":2},{"damage":8,"enemies":"Looter","floor":5,"turns":4},{"damage":0,"enemies":"3 Louse","floor":11,"turns":1},{"damage":13,"enemies":"The Mushroom Lair","floor":12,"turns":3},{"damage":0,"enemies":"Lagavulin","floor":13,"turns":5},{"damage":0,"enemies":"Exordium Wildlife","floor":14,"turns":2},{"damage":11,"enemies":"Hexaghost","floor":16,"turns":7},{"damage":4,"enemies":"Chosen","floor":18,"turns":3},{"damage":23,"enemies":"2 Thieves","floor":21,"turns":4},{"damage":8,"enemies":"Centurion and Healer","floor":22,"turns":4},{"damage":4,"enemies":"3 Cultists","floor":24,"turns":5},{"damage":16,"enemies":"Snake Plant","floor":28,"turns":3},{"damage":21,"enemies":"Book of Stabbing","floor":31,"turns":3},{"damage":50,"enemies":"Automaton","floor":33,"turns":9},{"damage":1,"enemies":"3 Darklings","floor":35,"turns":3},{"damage":0,"enemies":"Orb Walker","floor":37,"turns":3},{"damage":14,"enemies":"Transient","floor":39,"turns":6},{"damage":14,"enemies":"Giant Head","floor":41,"turns":5},{"damage":21,"enemies":"Nemesis","floor":44,"turns":3},{"damage":16,"enemies":"4 Shapes","floor":46,"turns":4},{"damage":1,"enemies":"Giant Head","floor":47,"turns":3},{"damage":3,"enemies":"Sphere and 2 Shapes","floor":48,"turns":3},{"damage":56,"enemies":"Time Eater","floor":50,"turns":8},{"damage":4,"enemies":"Awakened One","floor":51,"turns":9},{"damage":0,"enemies":"Shield and Spear","floor":55,"turns":2},{"damage":80,"enemies":"The Heart","floor":56,"turns":5}],"green_key_taken_log":41,"seed_played":"1964815789660302877","neow_bonus_log":{"cardsObtained":[],"cardsUpgraded":[],"cardsRemoved":["Defend_P"],"cardsTransformed":[],"relicsObtained":[],"maxHpGained":0,"goldGained":0,"damageTaken":0,"goldLost":0,"maxHpLost":0},"potions_obtained":[{"floor":5,"key":"Explosive Potion"},{"floor":11,"key":"Dexterity Potion"},{"floor":14,"key":"Dexterity Potion"},{"floor":16,"key":"Fire Potion"},{"floor":18,"key":"EssenceOfSteel"},{"floor":21,"key":"SteroidPotion"},{"floor":33,"key":"GamblersBrew"},{"floor":44,"key":"Ancient Potion"},{"floor":46,"key":"FearPotion"},{"floor":55,"key":"BottledMiracle"}],"is_trial":false,"path_per_floor":["M","M","M","$","M","R","?","R","T","R","M","?","E","M","R","B",null,"M","?","$","M","M","R","M","R","T","R","M","?","$","E","R","B",null,"M","?","M","?","M","R","E","?","T","E","R","M","E","M","R","B","B",null,"R","$","E","B"],"character_chosen":"WATCHER","basemod:card_modifiers":[null,null,null,null,null,null,null,null,null,null,null,null,null,null,null,null,null,null,null],"items_purchased":["Adaptation","Explosive Potion","EmptyMind","Membership Card","CaptainsWheel","SteroidPotion"],"campfire_rested":6,"item_purchase_floors":[4,4,20,30,54,54],"current_hp_per_floor":[59,58,58,58,50,50,39,39,39,39,39,26,26,26,26,15,55,51,51,51,28,20,40,36,56,56,56,40,40,40,19,39,14,55,54,50,50,50,36,56,49,49,49,28,50,34,33,30,30,37,58,71,75,75,75,0],"gold":49,"neow_bonus":"REMOVE_CARD","is_prod":false,"is_daily":false,"rewards_skipped":[{"floor":24,"relics":[],"potions":["SteroidPotion"]},{"floor":48,"relics":[],"potions":["SpeedPotion"]}],"chose_seed":false,"campfire_upgraded":5,"win_rate":0,"floor_exit_playtime":[50,79,90,103,132,137,142,149,153,158,174,219,270,309,314,401,418,454,461,471,551,613,618,706,712,717,735,783,787,834,901,910,1088,1117,1184,1187,1245,1251,1381,1387,1495,1577,1580,1659,1663,1758,1826,1878,1881,2238,2513,2524,2528,2569,2682],"timestamp":1708132372,"blue_key_relic_skipped_log":{"floor":9,"relicID":"Tiny Chest"},"path_taken":["M","M","M","$","M","R","?","R","T","R","M","?","E","M","R","BOSS","M","?","$","M","M","R","M","R","T","R","?","?","$","E","R","BOSS","M","?","M","?","?","R","E","?","T","E","R","M","E","M","R","BOSS","BOSS","R","$","E","BOSS"],"build_version":"2022-12-18","purchased_purges":3,"victory":false,"max_hp_per_floor":[68,68,68,68,68,68,68,68,68,68,68,68,68,68,68,68,68,68,68,68,68,68,68,68,68,68,68,68,68,68,68,68,68,68,68,68,68,68,68,68,75,75,75,75,75,75,75,75,75,75,75,75,75,75,75,75],"relic_stats":{"Lizard Tail":37,"counters":[28,114],"Pantograph":75,"HolyWater":[54],"Prayer Wheel":1,"VioletLotus":[71],"The Courier":341,"Membership Card":341,"Ancient Tea Set":[6],"obtain_stats":[{"Vajra":55,"The Courier":43,"Odd Mushroom":12,"Ancient Tea Set":44,"Lizard Tail":31,"CaptainsWheel":54,"Pantograph":26,"Strawberry":41,"HolyWater":17,"Prayer Wheel":47,"VioletLotus":34,"Membership Card":30,"PureWater":0,"StrikeDummy":13},{"Vajra":27,"The Courier":20,"Odd Mushroom":6,"Ancient Tea Set":21,"Lizard Tail":15,"CaptainsWheel":26,"Pantograph":13,"Strawberry":20,"HolyWater":9,"Prayer Wheel":23,"VioletLotus":16,"Membership Card":14,"PureWater":0,"StrikeDummy":7},{"Vajra":109,"The Courier":77,"Odd Mushroom":15,"Ancient Tea Set":80,"Lizard Tail":51,"CaptainsWheel":107,"Pantograph":45,"Strawberry":77,"HolyWater":29,"Prayer Wheel":87,"VioletLotus":60,"Membership Card":48,"PureWater":0,"StrikeDummy":20}]},"card_choices":[{"not_picked":["Protect","Consecrate"],"picked":"CarveReality","floor":1},{"not_picked":["EmptyBody","ThirdEye","Prostrate"],"picked":"SKIP","floor":2},{"not_picked":["Prostrate","CrushJoints","FollowUp"],"picked":"SKIP","floor":3},{"not_picked":["MasterReality","PathToVictory"],"picked":"Adaptation","floor":5},{"not_picked":["ClearTheMind","SashWhip"],"picked":"Halt","floor":11},{"not_picked":["SashWhip","FollowUp"],"picked":"LessonLearned","floor":12},{"not_picked":["EmptyBody","ClearTheMind"],"picked":"Meditate","floor":13},{"not_picked":["Worship","Collect","JustLucky"],"picked":"SKIP","floor":14},{"not_picked":["SpiritShield","MasterReality","Alpha"],"picked":"SKIP","floor":16},{"not_picked":["Conclude","Consecrate","CrushJoints"],"picked":"SKIP","floor":18},{"not_picked":["TalkToTheHand","Pray"],"picked":"ClearTheMind","floor":21},{"not_picked":["ForeignInfluence","FlurryOfBlows","Conclude"],"picked":"SKIP","floor":22},{"not_picked":["ThirdEye","Nirvana"],"picked":"FlurryOfBlows","floor":31},{"not_picked":["SpiritShield","Blasphemy","Judgement"],"picked":"SKIP","floor":33},{"not_picked":["ClearTheMind","Study"],"picked":"CutThroughFate","floor":35},{"not_picked":["ThirdEye","WaveOfTheHand","CarveReality"],"picked":"SKIP","floor":37},{"not_picked":["WheelKick","EmptyFist","FlurryOfBlows"],"picked":"SKIP","floor":39},{"not_picked":["ThirdEye","FlyingSleeves"],"picked":"Tantrum","floor":41},{"not_picked":["Nirvana+1","Evaluate","EmptyBody"],"picked":"SKIP","floor":44},{"not_picked":["FlyingSleeves","Crescendo","DeusExMachina"],"picked":"SKIP","floor":46},{"not_picked":["Brilliance","Alpha"],"picked":"CutThroughFate","floor":47},{"not_picked":["Protect","ThirdEye","CrushJoints"],"picked":"SKIP","floor":48},{"not_picked":["ClearTheMind","EmptyBody+1","FollowUp+1"],"picked":"SKIP","floor":48},{"not_picked":["FollowUp","Sanctity+1"],"picked":"Wireheading","floor":55}],"player_experience":6123584,"relics_obtained":[{"floor":12,"key":"Odd Mushroom"},{"floor":13,"key":"StrikeDummy"},{"floor":26,"key":"Pantograph"},{"floor":31,"key":"Lizard Tail"},{"floor":41,"key":"Strawberry"},{"floor":43,"key":"The Courier"},{"floor":44,"key":"Ancient Tea Set"},{"floor":47,"key":"Prayer Wheel"},{"floor":55,"key":"Vajra"}],"event_choices":[{"damage_healed":0,"gold_gain":75,"player_choice":"Gather Gold","damage_taken":11,"max_hp_gain":0,"max_hp_loss":0,"event_name":"World of Goop","floor":7,"gold_loss":0},{"damage_healed":0,"gold_gain":0,"player_choice":"Fought Mushrooms","damage_taken":0,"max_hp_gain":0,"max_hp_loss":0,"event_name":"Mushrooms","floor":12,"gold_loss":0},{"damage_healed":0,"gold_gain":0,"player_choice":"Ignored","damage_taken":0,"max_hp_gain":0,"max_hp_loss":0,"event_name":"Cursed Tome","floor":19,"gold_loss":0},{"damage_healed":0,"gold_gain":50,"player_choice":"Stole From Cult","damage_taken":0,"max_hp_gain":0,"max_hp_loss":0,"event_name":"Nest","floor":29,"gold_loss":0},{"damage_healed":0,"gold_gain":0,"player_choice":"Bought 0 Potions","damage_taken":0,"max_hp_gain":0,"max_hp_loss":0,"event_name":"The Woman in Blue","floor":36,"gold_loss":0},{"damage_healed":0,"gold_gain":0,"player_choice":"Forge","damage_taken":0,"max_hp_gain":0,"max_hp_loss":0,"event_name":"Accursed Blacksmith","floor":38,"gold_loss":0,"cards_upgraded":["FlurryOfBlows"]},{"cards_removed":["Defend_P"],"damage_healed":0,"gold_gain":0,"player_choice":"Single Remove","damage_taken":0,"max_hp_gain":0,"max_hp_loss":0,"event_name":"Designer","floor":42,"gold_loss":75}],"is_beta":false,"boss_relics":[{"not_picked":["SlaversCollar","Ectoplasm"],"picked":"HolyWater"},{"not_picked":["Cursed Key","Empty Cage"],"picked":"VioletLotus"}],"items_purged_floors":[20,30,54],"is_endless":false,"potions_floor_spawned":[5,11,14,16,18,21,24,33,44,46,48,55],"killed_by":"The Heart","ascension_level":20,"potion_discard_per_floor":[[],[],[],[],[],[],[],[],[],[],[],[],[],[],[],[],[],[],[],[],["EssenceOfSteel"],[],[],[],[],[],[],[],[],[],[],[],[],[],[],[],[],[],[],[],[],[],[],[],[],["Ancient Potion"],[],[],[],[],[],[],[],[],["SteroidPotion"],[]]}