{"neow_bonuses_skipped_log":["REMOVE_CARD","THREE_ENEMY_KILL","BOSS_RELIC"],"potions_obtained_entropic_brew":[[],[],[],[],[],[],[],[],[],[],[],[],[],[],[],[]],"neow_costs_skipped_log":["NONE","NONE","NONE"],"gold_per_floor":[11,11,24,36,56,56,97,97,97,120,120,160,179,208,208,208],"floor_reached":16,"playtime":892,"items_purged":[],"score":228,"play_id":"d8b9c2e2-bf29-4c52-84f0-9aa349c9b778","local_time":"20240216213200","score_breakdown":["Floors Climbed (16): 80","Enemies Slain (7): 14","Exordium Elites Killed (2): 20","Bosses Slain (0): 0","Ascension (20): 114"],"is_ascension_mode":true,"potions_obtained_alchemize":[[],[],[],[],[],[],[],[],[],[],[],[],[],[],[],[]],"campfire_choices":[{"floor":6,"key":"REST"},{"floor":8,"key":"REST"},{"floor":15,"key":"REST"}],"lesson_learned_per_floor":[[],[],[],[],[],[],[],[],[],[],[],[],[],[],[],[]],"neow_cost":"NO_GOLD","improvable_cards":{},"seed_source_timestamp":24207444780074,"shop_contents":[],"circlet_count":0,"master_deck":["AscendersBane","Strike_G","Strike_G","Strike_G","Strike_G","Defend_G","Defend_G","Defend_G","Defend_G","Survivor","Neutralize","Flying Knee","Reflex","PiercingWail","Pain","Escape Plan","Poisoned Stab","Dash","Dagger Throw","PiercingWail","Eviscerate"],"potion_use_per_floor":[[],[],[],[],[],[],[],[],[],[],[],["Swift Potion","DuplicationPotion"],[],["ColorlessPotion"],[],["FearPotion","Fruit Juice"]],"relics":["Ring of the Snake","WarpedTongs","CeramicFish","White Beast Statue","Blood Vial"],"potions_floor_usage":[12,12,14,16,16],"damage_taken":[{"damage":0,"enemies":"Cultist","floor":1,"turns":3},{"damage":9,"enemies":"Small Slimes","floor":3,"turns":3},{"damage":5,"enemies":"Jaw Worm","floor":4,"turns":5},{"damage":4,"enemies":"Blue Slaver","floor":5,"turns":5},{"damage":38,"enemies":"3 Sentries","floor":7,"turns":14},{"damage":22,"enemies":"Large Slime","floor":10,"turns":7},{"damage":16,"enemies":"Gremlin Nob","floor":12,"turns":4},{"damage":2,"enemies":"3 Louse","floor":13,"turns":5},{"damage":1,"enemies":"Exordium Thugs","floor":14,"turns":4},{"damage":30,"enemies":"The Guardian","floor":16,"turns":11}],"seed_played":"-3469273760949134483","neow_bonus_log":{"cardsObtained":["Flying Knee","Reflex"],"cardsUpgraded":[],"cardsRemoved":[],"cardsTransformed":["Defend_G","Strike_G"],"relicsObtained":[],"maxHpGained":0,"goldGained":0,"damageTaken":0,"goldLost":99,"maxHpLost":0},"potions_obtained":[{"floor":1,"key":"Swift Potion"},{"floor":4,"key":"DuplicationPotion"},{"floor":12,"key":"Fruit Juice"},{"floor":13,"key":"ColorlessPotion"},{"floor":14,"key":"FearPotion"}],"is_trial":false,"path_per_floor":["M","?","M","M","M","R","E","R","T","M","?","E","M","M","R","B"],"character_chosen":"THE_SILENT","basemod:card_modifiers":[null,null,null,null,null,null,null,null,null,null,null,null,null,null,null,null,null,null,null,null,null],"items_purchased":[],"campfire_rested":3,"item_purchase_floors":[],"current_hp_per_floor":[59,59,50,45,41,60,22,41,41,19,19,3,3,4,23,0],"gold":208,"neow_bonus":"TRANSFORM_TWO_CARDS","is_prod":false,"is_daily":false,"rewards_skipped":[{"floor":5,"relics":[],"potions":["LiquidBronze"]},{"floor":10,"relics":[],"potions":["BlessingOfTheForge"]}],"chose_seed":false,"campfire_upgraded":0,"win_rate":0,"floor_exit_playtime":[167,200,259,306,350,358,488,491,494,561,564,610,675,765,768],"timestamp":1708137120,"path_taken":["M","?","M","M","M","R","E","R","T","M","?","E","?","M","R","BOSS"],"build_version":"2022-12-18","purchased_purges":0,"victory":false,"max_hp_per_floor":[66,66,66,66,66,66,66,66,66,66,66,66,66,66,66,71],"relic_stats":{"Blood Vial":6,"counters":[10,61],"CeramicFish":45,"obtain_stats":[{"Blood Vial":12,"CeramicFish":7,"White Beast Statue":9,"Ring of the Snake":0,"WarpedTongs":2},{"Blood Vial":7,"CeramicFish":5,"White Beast Statue":5,"Ring of the Snake":0,"WarpedTongs":1},{"Blood Vial":41,"CeramicFish":30,"White Beast Statue":30,"Ring of the Snake":0,"WarpedTongs":3}],"White Beast Statue":[0.0,0.048000000000000015,0.0,0.39760000000000006,0.0,0.47040000000000015,0.0,0.08400000000000002,0.0,0.0,0.0,1.4096000000000004],"Ring of the Snake":[20],"WarpedTongs":[55]},"card_choices":[{"not_picked":["Choke","Flying Knee"],"picked":"PiercingWail","floor":1},{"not_picked":["Bouncing Flask","Dodge and Roll"],"picked":"Escape Plan","floor":3},{"not_picked":["Accuracy","Flying Knee","Blur"],"picked":"SKIP","floor":4},{"not_picked":["Heel Hook","Cloak And Dagger","Sucker Punch"],"picked":"SKIP","floor":5},{"not_picked":["Infinite Blades","Blur"],"picked":"Poisoned Stab","floor":7},{"not_picked":["Reflex","Blur"],"picked":"Dash","floor":10},{"not_picked":["Deflect","Expertise"],"picked":"Dagger Throw","floor":12},{"not_picked":["Heel Hook","Prepared"],"picked":"PiercingWail","floor":13},{"not_picked":["Poisoned Stab","A Thousand Cuts"],"picked":"Eviscerate","floor":14}],"player_experience":6133300,"relics_obtained":[{"floor":7,"key":"CeramicFish"},{"floor":9,"key":"White Beast Statue"},{"floor":12,"key":"Blood Vial"}],"event_choices":[{"damage_healed":0,"gold_gain":0,"player_choice":"Rummage","damage_taken":0,"relics_obtained":["WarpedTongs"],"max_hp_gain":0,"max_hp_loss":0,"event_name":"Accursed Blacksmith","floor":2,"gold_loss":0,"cards_obtained":["Pain"]},{"damage_healed":0,"gold_gain":0,"player_choice":"Ignored","damage_taken":0,"max_hp_gain":0,"max_hp_loss":0,"event_name":"Liars Game","floor":11,"gold_loss":0}],"is_beta":false,"boss_relics":[],"items_purged_floors":[],"is_endless":false,"potions_floor_spawned":[1,4,5,10,12,13,14],"killed_by":"The Guardian","ascension_level":20,"potion_discard_per_floor":[[],[],[],[],[],[],[],[],[],[],[],[],[],[],[],[]]}