{"neow_bonuses_skipped_log":["UPGRADE_CARD","THREE_ENEMY_KILL","RANDOM_COLORLESS_2"],"potions_obtained_entropic_brew":[[],[],[],[],[],[],[],["Strength Potion","DuplicationPotion"],[],[],[],[],[],[],[],[],[],[],[],[],[],[],[],[],[],[],[],[],[],[],["BlessingOfTheForge","CultistPotion"],[],[],[],[],[],[],[],[],[],[],[],[],[],[],[],[],[],[],[],[],[],[],[],[],[],[]],"neow_costs_skipped_log":["NONE","NONE","PERCENT_DAMAGE"],"gold_per_floor":[160,160,173,188,70,70,80,106,106,116,116,132,148,179,179,256,256,268,23,23,35,35,63,63,95,95,109,109,109,109,119,119,194,194,208,208,223,56,70,97,97,107,107,138,154,154,185,185,185,185,185,185,185,18,49,49],"floor_reached":57,"playtime":5024,"items_purged":["Strike_B"],"score":2909,"play_id":"0595300a-aed0-4470-b38d-750ce89e2570","local_time":"20240226193646","score_breakdown":["Floors Climbed (57): 285","Enemies Slain (16): 32","Exordium Elites Killed (2): 20","City Elites Killed (2): 40","Beyond Elites Killed (3): 90","Bosses Slain (5): 750","Collector (1): 25","Librarian: 25","Well Fed: 25","Champion (2): 50","Overkill: 25","Ascension (20): 1292","Heartbreaker: 250"],"is_ascension_mode":true,"potions_obtained_alchemize":[[],[],[],[],[],[],[],[],[],[],[],[],[],[],[],[],[],[],[],[],[],[],[],[],[],[],[],[],[],[],[],[],[],[],[],[],[],[],[],[],[],[],[],[],[],[],[],[],[],[],[],[],[],[],[],[],[]],"campfire_choices":[{"data":"Sunder","floor":6,"key":"SMITH"},{"data":"Beam Cell","floor":11,"key":"SMITH"},{"data":"Consume","floor":15,"key":"SMITH"},{"data":"Defragment","floor":24,"key":"SMITH"},{"floor":29,"key":"REST"},{"data":"Seek","floor":32,"key":"SMITH"},{"data":"Capacitor","floor":41,"key":"SMITH"},{"floor":46,"key":"RECALL"},{"data":"Hologram","floor":49,"key":"SMITH"},{"floor":53,"key":"REST"}],"lesson_learned_per_floor":[[],[],[],[],[],[],[],[],[],[],[],[],[],[],[],[],[],[],[],[],[],[],[],[],[],[],[],[],[],[],[],[],[],[],[],[],[],[],[],[],[],[],[],[],[],[],[],[],[],[],[],[],[],[],[],[],[]],"neow_cost":"NONE","improvable_cards":{"RitualDagger":[63]},"seed_source_timestamp":5880488144493,"shop_contents":[{"floor":5,"relics":["MealTicket","Orichalcum","Sling"],"cards":["Blizzard","Fusion","Seek","Storm","Swift Strike","Panache"],"potions":["AttackPotion","FearPotion","Swift Potion"]},{"floor":19,"relics":["HornCleat","TheAbacus"],"cards":["Ball Lightning","Lockon","Chaos","Hologram","Finesse","Secret Weapon"],"potions":["CultistPotion","Strength Potion","Swift Potion"]},{"floor":38,"relics":["Peace Pipe","Darkstone Periapt"],"cards":["Go for the Eyes","Core Surge","Steam","Undo","Storm","Finesse","Thinking Ahead"],"potions":["SteroidPotion","AttackPotion","PowerPotion"]},{"floor":54,"relics":["Centennial Puzzle","Bag of Marbles"],"cards":["Gash","Meteor Strike","Chaos","Skim","Hello World","Dark Shackles","Panache"],"potions":["PowerPotion","FairyPotion","BlessingOfTheForge"]}],"circlet_count":0,"master_deck":["AscendersBane","Strike_B","Strike_B+1","Defend_B","Defend_B","Defend_B","Defend_B","Zap","Dualcast+1","Ball Lightning+1","Coolheaded","BootSequence","Beam Cell+1","Sunder+1","Coolheaded","Cold Snap+1","Hologram+1","Consume+1","Coolheaded","Echo Form","Rainbow","Glacier+1","Defragment+1","RitualDagger","Redo","Conserve Battery","Compile Driver+1","Coolheaded+1","Self Repair","Seek+1","Machine Learning","Turbo","Capacitor+1","Compile Driver","Multi-Cast","FTL","Coolheaded","Defragment+1","Chill","Darkness+1","Amplify"],"potion_use_per_floor":[[],[],[],[],[],[],[],["Dexterity Potion","EntropicBrew"],[],[],[],[],[],["AttackPotion"],[],[],[],[],[],[],[],[],["DuplicationPotion"],[],[],[],[],[],[],[],["EntropicBrew"],[],["CultistPotion"],[],[],[],[],[],[],[],[],[],[],[],[],[],[],[],[],[],[],[],[],[],["FocusPotion"],["Explosive Potion"],[]],"relics":["Tiny House","Vajra","Mango","PreservedInsect","Nuclear Battery","Art of War","Turnip","Pear","CaptainsWheel","SacredBark","Orrery","Whetstone","Ancient Tea Set","Bag of Preparation","Frozen Eye","War Paint"],"potions_floor_usage":[8,8,14,23,31,33,55,56],"damage_taken":[{"damage":1,"enemies":"Cultist","floor":1,"turns":4},{"damage":1,"enemies":"2 Louse","floor":3,"turns":4},{"damage":0,"enemies":"Small Slimes","floor":4,"turns":4},{"damage":0,"enemies":"3 Louse","floor":7,"turns":2},{"damage":8,"enemies":"Lagavulin","floor":8,"turns":9},{"damage":1,"enemies":"Exordium Wildlife","floor":10,"turns":2},{"damage":0,"enemies":"Looter","floor":12,"turns":2},{"damage":1,"enemies":"3 Louse","floor":13,"turns":2},{"damage":9,"enemies":"Gremlin Nob","floor":14,"turns":3},{"damage":26,"enemies":"Slime Boss","floor":16,"turns":13},{"damage":3,"enemies":"3 Byrds","floor":18,"turns":4},{"damage":6,"enemies":"Chosen","floor":21,"turns":12},{"damage":0,"enemies":"Gremlin Leader","floor":23,"turns":5},{"damage":23,"enemies":"Slavers","floor":25,"turns":5},{"damage":0,"enemies":"Sentry and Sphere","floor":27,"turns":15},{"damage":10,"enemies":"Snake Plant","floor":31,"turns":9},{"damage":36,"enemies":"Automaton","floor":33,"turns":16},{"damage":0,"enemies":"Orb Walker","floor":35,"turns":3},{"damage":0,"enemies":"3 Shapes","floor":37,"turns":12},{"damage":17,"enemies":"3 Darklings","floor":39,"turns":11},{"damage":5,"enemies":"Nemesis","floor":40,"turns":21},{"damage":1,"enemies":"Maw","floor":42,"turns":11},{"damage":0,"enemies":"Giant Head","floor":44,"turns":14},{"damage":4,"enemies":"Writhing Mass","floor":45,"turns":12},{"damage":35,"enemies":"Reptomancer","floor":47,"turns":11},{"damage":8,"enemies":"Donu and Deca","floor":50,"turns":14},{"damage":72,"enemies":"Time Eater","floor":51,"turns":22},{"damage":18,"enemies":"Shield and Spear","floor":55,"turns":8},{"damage":95,"enemies":"The Heart","floor":56,"turns":11}],"green_key_taken_log":8,"seed_played":"8823254719503523199","neow_bonus_log":{"cardsObtained":[],"cardsUpgraded":[],"cardsRemoved":[],"cardsTransformed":[],"relicsObtained":["Tiny House"],"maxHpGained":0,"goldGained":0,"damageTaken":0,"goldLost":0,"maxHpLost":0},"potions_obtained":[{"floor":0,"key":"EntropicBrew"},{"floor":3,"key":"Dexterity Potion"},{"floor":13,"key":"AttackPotion"},{"floor":14,"key":"Strength Potion"},{"floor":18,"key":"Energy Potion"},{"floor":25,"key":"EntropicBrew"},{"floor":31,"key":"FocusPotion"},{"floor":33,"key":"SkillPotion"},{"floor":36,"key":"Dexterity Potion"},{"floor":40,"key":"Explosive Potion"}],"is_trial":false,"path_per_floor":["M","?","M","M","$","R","M","E","T","M","R","M","M","E","R","B",null,"M","$","?","M","?","E","R","E","T","M","?","R","?","M","R","B",null,"M","?","M","$","M","E","R","M","T","E","M","R","E","?","R","B","B",null,"R","$","E","B",null],"character_chosen":"DEFECT","basemod:card_modifiers":[null,null,null,null,null,null,null,null,null,null,null,null,null,null,null,null,null,null,null,null,null,null,null,null,null,null,null,null,null,null,null,null,null,null,null,null,null,null,null,null,null],"items_purchased":["Sunder","Defragment","Art of War","Orrery","Frozen Eye"],"campfire_rested":2,"item_purchase_floors":[5,19,19,38,54],"current_hp_per_floor":[68,68,67,67,67,67,67,59,73,72,72,72,71,62,62,36,77,74,74,68,62,62,62,62,49,49,49,19,50,50,54,54,25,85,85,85,99,99,96,105,105,105,105,105,105,105,84,84,84,90,32,83,100,100,96,1],"gold":49,"neow_bonus":"BOSS_RELIC","is_prod":false,"is_daily":false,"rewards_skipped":[{"floor":4,"relics":[],"potions":["Ancient Potion"]},{"floor":36,"relics":[],"potions":["FearPotion"]},{"floor":42,"relics":[],"potions":["EntropicBrew"]},{"floor":44,"relics":[],"potions":["SteroidPotion"]},{"floor":47,"relics":[],"potions":["FearPotion"]}],"chose_seed":false,"campfire_upgraded":7,"win_rate":0,"floor_exit_playtime":[79,91,162,260,300,305,333,431,435,476,482,503,545,642,648,871,897,975,995,1006,1141,1145,1261,1268,1339,1365,1528,1542,1546,1574,1678,1686,2005,2036,2090,2101,2252,2320,2494,2728,2742,2894,2903,3040,3177,3186,3398,3413,3436,3660,3966,3979,3990,4015,4296,5024],"timestamp":1708994206,"blue_key_relic_skipped_log":{"floor":43,"relicID":"Calipers"},"path_taken":["M","?","M","M","?","R","M","E","T","M","R","M","M","E","R","BOSS","M","$","?","M","?","E","R","E","T","M","?","R","?","M","R","BOSS","M","?","M","$","M","E","R","M","T","E","M","R","E","?","R","BOSS","BOSS","R","$","E","BOSS"],"build_version":"2022-12-18","purchased_purges":1,"victory":true,"max_hp_per_floor":[76,76,76,76,76,76,76,76,90,90,90,90,90,90,90,90,90,90,90,90,90,90,90,90,100,100,100,105,105,105,105,105,105,105,105,105,105,105,105,105,105,105,105,105,105,105,105,100,100,100,100,100,100,100,100,100],"relic_stats":{"Frozen Eye":271.81653,"counters":[29,261],"PreservedInsect":403,"Turnip":[20],"Art of War":[99],"Bag of Preparation":[8],"Whetstone":["Ball Lightning","Cold Snap"],"War Paint":["Dualcast","Glacier"],"Ancient Tea Set":[6],"obtain_stats":[{"Tiny House":0,"Pear":25,"SacredBark":34,"Vajra":8,"Mango":9,"PreservedInsect":14,"Bag of Preparation":47,"Whetstone":40,"War Paint":55,"Ancient Tea Set":44,"Nuclear Battery":17,"Frozen Eye":54,"CaptainsWheel":26,"Orrery":38,"Turnip":23,"Art of War":19,"Cracked Core":0},{"Tiny House":0,"Pear":14,"SacredBark":17,"Vajra":5,"Mango":5,"PreservedInsect":9,"Bag of Preparation":25,"Whetstone":21,"War Paint":28,"Ancient Tea Set":23,"Nuclear Battery":10,"Frozen Eye":27,"CaptainsWheel":14,"Orrery":19,"Turnip":13,"Art of War":11,"Cracked Core":0},{"Tiny House":0,"Pear":71,"SacredBark":111,"Vajra":23,"Mango":23,"PreservedInsect":32,"Bag of Preparation":206,"Whetstone":158,"War Paint":250,"Ancient Tea Set":183,"Nuclear Battery":45,"Frozen Eye":242,"CaptainsWheel":71,"Orrery":126,"Turnip":66,"Art of War":49,"Cracked Core":0}]},"card_choices":[{"not_picked":["Sweeping Beam","Leap"],"picked":"Ball Lightning","floor":0},{"not_picked":["White Noise","Gash"],"picked":"Coolheaded","floor":1},{"not_picked":["Steam","White Noise"],"picked":"BootSequence","floor":3},{"not_picked":["Capacitor","Compile Driver"],"picked":"Beam Cell","floor":4},{"not_picked":["Steam","Conserve Battery"],"picked":"Coolheaded","floor":7},{"not_picked":["Streamline","Multi-Cast"],"picked":"Cold Snap","floor":8},{"not_picked":["Ball Lightning","Scrape"],"picked":"Hologram","floor":10},{"not_picked":["Compile Driver","Rebound"],"picked":"Consume","floor":12},{"not_picked":["Double Energy","Leap"],"picked":"Coolheaded","floor":13},{"not_picked":["Self Repair","Undo"],"picked":"Echo Form","floor":14},{"not_picked":["Buffer","Creative AI"],"picked":"Rainbow","floor":16},{"not_picked":["Darkness","Streamline"],"picked":"Glacier","floor":18},{"not_picked":["Go for the Eyes+1","Gash"],"picked":"Redo","floor":21},{"not_picked":["Beam Cell","Cold Snap"],"picked":"Conserve Battery","floor":23},{"not_picked":["Blizzard","Chaos"],"picked":"Compile Driver+1","floor":25},{"not_picked":["Go for the Eyes","Ball Lightning"],"picked":"Coolheaded+1","floor":27},{"not_picked":["Go for the Eyes","Sweeping Beam","Force Field","White Noise","Turbo","Doom and Gloom","Multi-Cast","Hologram","Aggregate","Leap","Cold Snap","Steam","Reboot","Tempest","Lockon","Heatsinks","Coolheaded","Barrage","Fusion"],"picked":"Self Repair","floor":30},{"not_picked":["Hologram","Barrage+1"],"picked":"Seek","floor":31},{"not_picked":["Hyperbeam","Rainbow"],"picked":"Machine Learning","floor":33},{"not_picked":["Stack+1","Beam Cell+1"],"picked":"Turbo","floor":35},{"not_picked":["Beam Cell","Sweeping Beam","Conserve Battery"],"picked":"SKIP","floor":37},{"not_picked":["Go for the Eyes","Stack"],"picked":"Capacitor","floor":38},{"not_picked":["Go for the Eyes","Stack"],"picked":"Compile Driver","floor":38},{"not_picked":["Stack","Scrape"],"picked":"Multi-Cast","floor":38},{"not_picked":["Rebound","Leap"],"picked":"FTL","floor":38},{"not_picked":["Lockon","Go for the Eyes"],"picked":"Coolheaded","floor":38},{"not_picked":["Rebound","Gash","Leap+1"],"picked":"SKIP","floor":40},{"not_picked":["Sunder+1","Self Repair+1"],"picked":"Defragment+1","floor":42},{"not_picked":["Lockon","Go for the Eyes","Conserve Battery"],"picked":"SKIP","floor":44},{"not_picked":["FTL+1","Leap+1"],"picked":"Chill","floor":45},{"not_picked":["Go for the Eyes+1","Static Discharge"],"picked":"Darkness+1","floor":47},{"not_picked":["Steam","Cold Snap+1"],"picked":"Amplify","floor":55}],"player_experience":6343102,"relics_obtained":[{"floor":8,"key":"Vajra"},{"floor":9,"key":"Mango"},{"floor":14,"key":"PreservedInsect"},{"floor":23,"key":"Turnip"},{"floor":25,"key":"Pear"},{"floor":26,"key":"CaptainsWheel"},{"floor":40,"key":"Whetstone"},{"floor":44,"key":"Ancient Tea Set"},{"floor":47,"key":"Bag of Preparation"},{"floor":55,"key":"War Paint"}],"event_choices":[{"cards_removed":["Strike_B"],"damage_healed":0,"gold_gain":0,"player_choice":"Offered Basic","damage_taken":0,"max_hp_gain":0,"max_hp_loss":0,"event_name":"Bonfire Elementals","floor":2,"gold_loss":0},{"damage_healed":0,"gold_gain":0,"player_choice":"Joined the Cult","damage_taken":6,"max_hp_gain":0,"max_hp_loss":0,"event_name":"Nest","floor":20,"gold_loss":0,"cards_obtained":["RitualDagger"]},{"damage_healed":0,"gold_gain":0,"player_choice":"Ignored","damage_taken":0,"max_hp_gain":0,"max_hp_loss":0,"event_name":"Ghosts","floor":22,"gold_loss":0},{"damage_healed":0,"gold_gain":0,"player_choice":"Shed Blood","damage_taken":35,"max_hp_gain":5,"max_hp_loss":0,"event_name":"Forgotten Altar","floor":28,"gold_loss":0},{"damage_healed":0,"gold_gain":0,"player_choice":"Read","damage_taken":0,"max_hp_gain":0,"max_hp_loss":0,"event_name":"The Library","floor":30,"gold_loss":0,"cards_obtained":["Self Repair"]},{"damage_healed":0,"gold_gain":0,"player_choice":"Got Potions","damage_taken":0,"max_hp_gain":0,"max_hp_loss":0,"event_name":"Lab","floor":36,"gold_loss":0},{"damage_healed":0,"gold_gain":0,"player_choice":"Max HP","damage_taken":0,"max_hp_gain":0,"max_hp_loss":5,"event_name":"Winding Halls","floor":48,"gold_loss":0}],"is_beta":false,"boss_relics":[{"not_picked":["Philosopher\u0027s Stone","Sozu"],"picked":"Nuclear Battery"},{"not_picked":["Calling Bell","Empty Cage"],"picked":"SacredBark"}],"items_purged_floors":[5],"is_endless":false,"potions_floor_spawned":[3,4,13,14,18,25,31,33,40,42,44,47],"ascension_level":20,"potion_discard_per_floor":[[],[],[],[],[],[],[],[],[],[],[],[],["Strength Potion"],[],[],[],[],["Strength Potion"],[],[],[],[],[],[],[],[],[],[],[],[],["Energy Potion","BlessingOfTheForge"],[],[],[],[],["SkillPotion"],[],[],[],["Dexterity Potion"],[],[],[],[],[],[],[],[],[],[],[],[],[],[],[],[],[]]}