{"neow_bonuses_skipped_log":["UPGRADE_CARD","TRANSFORM_TWO_CARDS","BOSS_RELIC"],"neow_costs_skipped_log":["NONE","CURSE","NONE"],"potions_obtained_entropic_brew":[[],[],[],[],[],[],[],[],[],[],[],[],[],[],[],[],[],[],[],[],[],[],[],[],[],[],[],[],[],[],[],[],[],[],[],[],[],[],[],[],[],[],[],[]],"gold_per_floor":[114,134,144,160,175,175,210,210,291,304,304,335,395,90,90,164,164,182,182,198,208,19,19,19,47,59,71,102,29,66,89,101,187,199,229,253,277,289,314,354,366,408,420,432],"floor_reached":44,"playtime":2779,"items_purged":["Strike_G"],"score":1090,"play_id":"43c9a7e1-3dd8-4a0f-a350-51fc0680b705","local_time":"20240219224321","score_breakdown":["Floors Climbed (44): 220","Enemies Slain (15): 30","Exordium Elites Killed (2): 20","City Elites Killed (2): 40","Beyond Elites Killed (2): 60","Bosses Slain (2): 150","Librarian: 25","Well Fed: 25","Ascension (20): 520"],"is_ascension_mode":true,"potions_obtained_alchemize":[[],[],[],[],[],[],[],[],[],[],[],[],[],[],[],[],[],[],[],[],[],[],[],[],[],[],[],[],[],[],[],[],[],[],[],[],[],[],[],[],[],[],[],[]],"campfire_choices":[{"data":"Phantasmal Killer","floor":6,"key":"SMITH"},{"data":"Well Laid Plans","floor":8,"key":"SMITH"},{"floor":11,"key":"REST"},{"floor":15,"key":"REST"},{"data":"Apotheosis","floor":23,"key":"SMITH"},{"data":"Tools of the Trade","floor":27,"key":"SMITH"},{"floor":32,"key":"REST"},{"data":"Neutralize","floor":41,"key":"SMITH"}],"lesson_learned_per_floor":[[],[],[],[],[],[],[],[],[],[],[],[],[],[],[],[],[],[],[],[],[],[],[],[],[],[],[],[],[],[],[],[],[],[],[],[],[],[],[],[],[],[],[],[]],"neow_cost":"NONE","improvable_cards":{},"seed_source_timestamp":31733878006285,"shop_contents":[{"floor":14,"relics":["Bottled Tornado","War Paint"],"cards":["Glass Knife","Sucker Punch","Concentrate","Bouncing Flask","A Thousand Cuts","Mind Blast","Secret Weapon"],"potions":["FairyPotion","SneckoOil"]},{"floor":22,"relics":["Vajra","WingedGreaves","PrismaticShard"],"cards":["Slice","All Out Attack","Cloak And Dagger","Deflect","Accuracy","Trip"],"potions":["SteroidPotion","BlessingOfTheForge","LiquidBronze"]}],"circlet_count":0,"master_deck":["AscendersBane","Strike_G+1","Strike_G+1","Strike_G+1","Strike_G+1","Defend_G+1","Defend_G+1","Defend_G+1","Defend_G+1","Defend_G+1","Survivor","Neutralize+1","Backflip","Riddle With Holes","Deflect","Phantasmal Killer+1","Well Laid Plans+1","PiercingWail","Masterful Stab","Flying Knee","Tools of the Trade+1","Endless Agony","PiercingWail","Escape Plan","Adrenaline","Dagger Throw","Adrenaline","PiercingWail","Acrobatics+1","Apotheosis+1","Outmaneuver+1","Calculated Gamble","Underhanded Strike","Dodge and Roll+1","Deflect+1","Bouncing Flask+1"],"potion_use_per_floor":[[],[],[],[],[],[],["PowerPotion"],[],[],[],[],[],["SteroidPotion","CunningPotion"],[],[],[],[],[],[],["Fruit Juice"],[],[],[],[],["ColorlessPotion"],[],[],[],[],[],[],[],[],[],[],[],[],[],[],[],[],["LiquidMemories","FairyPotion"],[],[]],"relics":["Ring of the Snake","Boot","Torii","Blood Vial","MealTicket","Orrery","Cursed Key","MawBank","Singing Bowl","Letter Opener","Coffee Dripper","Toy Ornithopter","Molten Egg 2"],"potions_floor_usage":[7,13,13,20,25,42],"damage_taken":[{"damage":0,"enemies":"Cultist","floor":1,"turns":4},{"damage":0,"enemies":"2 Louse","floor":2,"turns":3},{"damage":0,"enemies":"Small Slimes","floor":3,"turns":3},{"damage":1,"enemies":"2 Fungi Beasts","floor":4,"turns":4},{"damage":0,"enemies":"Blue Slaver","floor":5,"turns":3},{"damage":15,"enemies":"Lagavulin","floor":7,"turns":7},{"damage":0,"enemies":"Looter","floor":10,"turns":2},{"damage":15,"enemies":"3 Sentries","floor":12,"turns":12},{"damage":40,"enemies":"Lagavulin Event","floor":13,"turns":6},{"damage":38,"enemies":"Slime Boss","floor":16,"turns":10},{"damage":23,"enemies":"Chosen","floor":18,"turns":5},{"damage":0,"enemies":"Spheric Guardian","floor":20,"turns":3},{"damage":1,"enemies":"Centurion and Healer","floor":21,"turns":6},{"damage":10,"enemies":"Gremlin Leader","floor":25,"turns":7},{"damage":11,"enemies":"3 Cultists","floor":28,"turns":6},{"damage":1,"enemies":"Book of Stabbing","floor":30,"turns":3},{"damage":12,"enemies":"Snecko","floor":31,"turns":4},{"damage":27,"enemies":"Champ","floor":33,"turns":12},{"damage":0,"enemies":"3 Darklings","floor":35,"turns":4},{"damage":0,"enemies":"Orb Walker","floor":36,"turns":3},{"damage":12,"enemies":"Writhing Mass","floor":37,"turns":7},{"damage":18,"enemies":"Maw","floor":39,"turns":7},{"damage":54,"enemies":"Giant Head","floor":40,"turns":8},{"damage":42,"enemies":"Reptomancer","floor":42,"turns":11},{"damage":19,"enemies":"Sphere and 2 Shapes","floor":44,"turns":3}],"green_key_taken_log":42,"seed_played":"2554515215223150575","neow_bonus_log":{"cardsObtained":[],"cardsUpgraded":[],"cardsRemoved":[],"cardsTransformed":[],"relicsObtained":["Boot"],"maxHpGained":0,"goldGained":0,"damageTaken":0,"goldLost":0,"maxHpLost":0},"potions_obtained":[{"floor":1,"key":"CunningPotion"},{"floor":2,"key":"Regen Potion"},{"floor":5,"key":"PowerPotion"},{"floor":10,"key":"SteroidPotion"},{"floor":18,"key":"Fruit Juice"},{"floor":20,"key":"SteroidPotion"},{"floor":30,"key":"Fire Potion"},{"floor":31,"key":"SkillPotion"},{"floor":36,"key":"FairyPotion"},{"floor":40,"key":"LiquidMemories"}],"is_trial":false,"path_per_floor":["M","M","M","M","M","R","E","R","T","M","R","E","?","$","R","B",null,"M","?","M","M","$","R","?","E","T","R","M","?","E","M","R","B",null,"M","M","M","?","M","E","R","E","T","M"],"character_chosen":"THE_SILENT","basemod:card_modifiers":[null,null,null,null,null,null,null,null,null,null,null,null,null,null,null,null,null,null,null,null,null,null,null,null,null,null,null,null,null,null,null,null,null,null,null,null],"items_purchased":["Orrery","ColorlessPotion","Apotheosis"],"campfire_rested":3,"item_purchase_floors":[14,14,22],"current_hp_per_floor":[59,59,59,58,58,58,43,43,43,43,62,47,9,24,43,7,51,30,30,37,38,53,53,53,45,45,45,36,36,37,29,50,25,61,65,67,59,87,71,19,19,17,17,0],"gold":432,"neow_bonus":"RANDOM_COMMON_RELIC","is_prod":false,"is_daily":false,"rewards_skipped":[{"floor":12,"relics":[],"potions":["ColorlessPotion"]},{"floor":33,"relics":[],"potions":["SpeedPotion"]},{"floor":37,"relics":[],"potions":["SneckoOil"]}],"chose_seed":false,"campfire_upgraded":5,"win_rate":0,"floor_exit_playtime":[46,90,123,157,210,216,301,310,315,344,357,511,636,682,690,836,860,911,923,979,1052,1102,1109,1116,1272,1284,1293,1397,1402,1489,1557,1560,1797,1858,1946,1995,2125,2159,2273,2433,2452,2715,2719],"timestamp":1708400601,"blue_key_relic_skipped_log":{"floor":9,"relicID":"Blue Candle"},"path_taken":["M","M","M","M","M","R","E","R","T","M","R","E","?","$","R","BOSS","M","?","M","M","$","R","?","E","T","R","?","?","E","M","R","BOSS","M","M","M","?","M","E","R","E","T","M"],"build_version":"2022-12-18","purchased_purges":1,"victory":false,"max_hp_per_floor":[66,66,66,66,66,66,66,66,66,66,66,66,66,66,66,66,66,66,66,71,71,71,71,71,71,71,71,71,71,71,73,73,73,73,75,75,77,87,89,89,89,89,89,89],"relic_stats":{"Blood Vial":32,"Torii":29,"Singing Bowl":8,"counters":[25,143],"MealTicket":30,"Letter Opener":[309],"Boot":[278],"Cursed Key":0,"MawBank":228,"obtain_stats":[{"Torii":7,"Singing Bowl":29,"Letter Opener":30,"Boot":0,"Cursed Key":17,"MawBank":25,"Blood Vial":12,"Orrery":14,"MealTicket":13,"Molten Egg 2":42,"Coffee Dripper":34,"Toy Ornithopter":40,"Ring of the Snake":0},{"Torii":6,"Singing Bowl":15,"Letter Opener":16,"Boot":0,"Cursed Key":10,"MawBank":14,"Blood Vial":8,"Orrery":9,"MealTicket":8,"Molten Egg 2":24,"Coffee Dripper":18,"Toy Ornithopter":23,"Ring of the Snake":0},{"Torii":24,"Singing Bowl":81,"Letter Opener":84,"Boot":0,"Cursed Key":54,"MawBank":75,"Blood Vial":38,"Orrery":44,"MealTicket":38,"Molten Egg 2":140,"Coffee Dripper":100,"Toy Ornithopter":129,"Ring of the Snake":0}],"Toy Ornithopter":5,"Ring of the Snake":[50]},"card_choices":[{"not_picked":["Quick Slash","Underhanded Strike"],"picked":"Backflip","floor":1},{"not_picked":["Accuracy","Bane"],"picked":"Riddle With Holes","floor":2},{"not_picked":["Prepared","Outmaneuver","Dodge and Roll"],"picked":"SKIP","floor":3},{"not_picked":["Prepared","Outmaneuver","Dodge and Roll"],"picked":"SKIP","floor":3},{"not_picked":["Tactician","Caltrops"],"picked":"Deflect","floor":4},{"not_picked":["Dodge and Roll","Cloak And Dagger"],"picked":"Phantasmal Killer","floor":5},{"not_picked":["Poisoned Stab","PiercingWail"],"picked":"Well Laid Plans","floor":7},{"not_picked":["Dagger Throw","Unload"],"picked":"PiercingWail","floor":10},{"not_picked":["Sucker Punch","Bane"],"picked":"Masterful Stab","floor":12},{"not_picked":["Catalyst","Deflect"],"picked":"Flying Knee","floor":13},{"not_picked":["Blade Dance","Riddle With Holes"],"picked":"Tools of the Trade","floor":14},{"not_picked":["Sucker Punch","Outmaneuver"],"picked":"Endless Agony","floor":14},{"not_picked":["Quick Slash","Accuracy"],"picked":"PiercingWail","floor":14},{"not_picked":["Outmaneuver","Choke"],"picked":"Escape Plan","floor":14},{"not_picked":["Quick Slash","Outmaneuver","Slice"],"picked":"SKIP","floor":14},{"not_picked":["Doppelganger","Envenom"],"picked":"Adrenaline","floor":16},{"not_picked":["Skewer","Prepared"],"picked":"Dagger Throw","floor":18},{"not_picked":["Deflect","Accuracy"],"picked":"PiercingWail","floor":20},{"not_picked":["Backflip","Dash"],"picked":"Acrobatics+1","floor":21},{"not_picked":["Deadly Poison","PiercingWail+1"],"picked":"Outmaneuver+1","floor":25},{"not_picked":["Blade Dance","Reflex"],"picked":"Calculated Gamble","floor":28},{"not_picked":["Noxious Fumes","Heel Hook"],"picked":"Underhanded Strike","floor":30},{"not_picked":["Poisoned Stab","Heel Hook","Flying Knee"],"picked":"Singing Bowl","floor":31},{"not_picked":["Tools of the Trade","Unload"],"picked":"Die Die Die","floor":33},{"not_picked":["Dagger Spray+1","Outmaneuver","Skewer"],"picked":"Singing Bowl","floor":35},{"not_picked":["Accuracy","Deflect"],"picked":"Dodge and Roll+1","floor":36},{"not_picked":["Deadly Poison+1","Dodge and Roll","Slice"],"picked":"Singing Bowl","floor":37},{"not_picked":["Reflex","Heel Hook","Endless Agony+1"],"picked":"Singing Bowl","floor":39},{"not_picked":["Escape Plan","Concentrate"],"picked":"Deflect+1","floor":40},{"not_picked":["Dodge and Roll","Deadly Poison"],"picked":"Bouncing Flask+1","floor":42}],"player_experience":6216978,"relics_obtained":[{"floor":7,"key":"Torii"},{"floor":12,"key":"Blood Vial"},{"floor":25,"key":"MawBank"},{"floor":30,"key":"Letter Opener"},{"floor":40,"key":"Toy Ornithopter"},{"floor":42,"key":"Molten Egg 2"}],"event_choices":[{"damage_healed":0,"gold_gain":0,"player_choice":"Searched \u00272\u0027 times","damage_taken":0,"relics_obtained":["MealTicket"],"max_hp_gain":0,"max_hp_loss":0,"event_name":"Dead Adventurer","floor":13,"gold_loss":0},{"damage_healed":0,"gold_gain":0,"player_choice":"Copied","damage_taken":0,"max_hp_gain":0,"max_hp_loss":0,"event_name":"Duplicator","floor":19,"gold_loss":0,"cards_obtained":["Adrenaline"]},{"damage_healed":0,"gold_gain":0,"player_choice":"Simplicity","damage_taken":0,"max_hp_gain":0,"max_hp_loss":0,"event_name":"Back to Basics","floor":24,"gold_loss":0,"cards_upgraded":["Strike_G","Strike_G","Strike_G","Strike_G","Defend_G","Defend_G","Defend_G","Defend_G","Defend_G"]},{"damage_healed":0,"gold_gain":0,"player_choice":"Paid Gold","damage_taken":0,"relics_obtained":["Singing Bowl"],"max_hp_gain":0,"max_hp_loss":0,"event_name":"WeMeetAgain","floor":29,"gold_loss":85},{"cards_removed":["Die Die Die"],"damage_healed":18,"gold_gain":0,"player_choice":"Offered Rare","damage_taken":0,"max_hp_gain":10,"max_hp_loss":0,"event_name":"Bonfire Elementals","floor":38,"gold_loss":0}],"is_beta":false,"boss_relics":[{"not_picked":["SlaversCollar","Black Star"],"picked":"Cursed Key"},{"not_picked":["Sozu","SacredBark"],"picked":"Coffee Dripper"}],"items_purged_floors":[14],"is_endless":false,"potions_floor_spawned":[1,2,5,10,12,18,20,30,31,33,36,37,40],"killed_by":"Sphere and 2 Shapes","ascension_level":20,"potion_discard_per_floor":[[],[],[],[],["Regen Potion"],[],[],[],[],[],[],[],[],[],[],[],[],[],[],[],[],[],[],[],[],[],[],[],[],[],["Fire Potion"],[],[],[],[],["SkillPotion"],[],[],[],["SteroidPotion"],[],[],[],[]]}