{"neow_bonuses_skipped_log":["ONE_RANDOM_RARE_CARD","THREE_RARE_CARDS","BOSS_RELIC"],"potions_obtained_entropic_brew":[[],[],[],[],[],[],[],[],[],[],[],[],[],[],[],[],[],[],[],[],[],[],[],[],[],[],[],[],[],[],[],[],[],[],[],[],[],[],[],[],[]],"neow_costs_skipped_log":["NONE","PERCENT_DAMAGE","NONE"],"gold_per_floor":[113,129,147,147,165,203,203,224,247,247,27,65,65,99,99,190,190,209,225,150,171,171,171,171,187,214,245,245,3,3,44,44,138,138,161,177,1,334,344,344,344],"floor_reached":41,"playtime":2468,"items_purged":["Writhe","Strike_G"],"score":973,"play_id":"3c3dd219-b0f7-4d49-9df9-db32a578349d","local_time":"20240226181012","score_breakdown":["Floors Climbed (41): 205","Enemies Slain (12): 24","Exordium Elites Killed (3): 30","City Elites Killed (2): 40","Beyond Elites Killed (0): 0","Bosses Slain (2): 150","Collector (1): 25","Champion (1): 25","Ascension (20): 474"],"is_ascension_mode":true,"potions_obtained_alchemize":[[],[],[],[],[],[],[],[],[],[],[],[],[],[],[],[],[],[],[],[],[],[],[],[],[],[],[],[],[],[],[],[],[],[],[],[],[],[],["Weak Potion"],[],[]],"campfire_choices":[{"data":"Noxious Fumes","floor":7,"key":"SMITH"},{"data":"Blade Dance","floor":13,"key":"SMITH"},{"floor":15,"key":"REST"},{"data":"Catalyst","floor":23,"key":"SMITH"},{"floor":28,"key":"REST"},{"floor":30,"key":"REST"},{"data":"Footwork","floor":32,"key":"SMITH"},{"data":"Well Laid Plans","floor":40,"key":"SMITH"}],"lesson_learned_per_floor":[[],[],[],[],[],[],[],[],[],[],[],[],[],[],[],[],[],[],[],[],[],[],[],[],[],[],[],[],[],[],[],[],[],[],[],[],[],[],[],[],[]],"neow_cost":"NONE","improvable_cards":{},"seed_source_timestamp":3382557148084,"shop_contents":[{"floor":11,"relics":["Unceasing Top","Bottled Tornado"],"cards":["Predator","Underhanded Strike","Setup","Caltrops","Enlightenment","Violence"],"potions":["SteroidPotion","EntropicBrew","Swift Potion"]},{"floor":29,"relics":["Omamori","Regal Pillow"],"cards":["Flechettes","Riddle With Holes","Blade Dance","Caltrops","Bandage Up","Mayhem"],"potions":["Explosive Potion","Regen Potion","FairyPotion"]},{"floor":37,"relics":["Toy Ornithopter","Molten Egg 2","Chemical X"],"cards":["Endless Agony","Grand Finale","Deflect","Dramatic Entrance","Secret Weapon"],"potions":["Ancient Potion","Block Potion","Fire Potion"]}],"circlet_count":0,"master_deck":["AscendersBane","Strike_G","Strike_G","Strike_G","Defend_G","Defend_G","Defend_G","Defend_G","Defend_G","Survivor","Neutralize","PiercingWail","Noxious Fumes+1","Quick Slash","Acrobatics","PiercingWail","Blade Dance+1","Acrobatics","Backflip","Blade Dance","PiercingWail","Catalyst+1","Dagger Spray","Dodge and Roll+1","Footwork+1","Accuracy","Backflip","Outmaneuver+1","Tools of the Trade","Blade Dance+1","Tactician","Well Laid Plans+1","Venomology","PiercingWail"],"potion_use_per_floor":[[],[],[],[],[],["Regen Potion"],[],[],[],[],[],["Poison Potion"],[],[],[],[],[],[],[],[],["SpeedPotion"],[],[],[],[],[],["ColorlessPotion"],[],[],[],[],[],["CultistPotion","AttackPotion"],[],[],[],[],[],[],[],["SteroidPotion","SteroidPotion"]],"relics":["Ring of the Snake","Dream Catcher","Nunchaku","Art of War","Lee\u0027s Waffle","Pen Nib","Akabeko","SacredBark","Mercury Hourglass","Smiling Mask","Bag of Preparation","Membership Card","Singing Bowl","Coffee Dripper"],"potions_floor_usage":[6,12,21,27,33,33,41,41],"damage_taken":[{"damage":5,"enemies":"2 Louse","floor":1,"turns":5},{"damage":4,"enemies":"Cultist","floor":2,"turns":5},{"damage":4,"enemies":"Jaw Worm","floor":3,"turns":7},{"damage":2,"enemies":"Exordium Wildlife","floor":5,"turns":5},{"damage":35,"enemies":"3 Sentries","floor":6,"turns":8},{"damage":1,"enemies":"Blue Slaver","floor":8,"turns":7},{"damage":19,"enemies":"Lagavulin","floor":12,"turns":8},{"damage":21,"enemies":"3 Sentries","floor":14,"turns":7},{"damage":33,"enemies":"Slime Boss","floor":16,"turns":9},{"damage":17,"enemies":"Shell Parasite","floor":18,"turns":7},{"damage":12,"enemies":"Spheric Guardian","floor":19,"turns":7},{"damage":22,"enemies":"Snecko","floor":21,"turns":7},{"damage":16,"enemies":"Shelled Parasite and Fungi","floor":25,"turns":5},{"damage":50,"enemies":"Book of Stabbing","floor":27,"turns":7},{"damage":0,"enemies":"Gremlin Leader","floor":31,"turns":7},{"damage":33,"enemies":"Collector","floor":33,"turns":7},{"damage":0,"enemies":"3 Shapes","floor":35,"turns":5},{"damage":6,"enemies":"Orb Walker","floor":36,"turns":3},{"damage":21,"enemies":"Maw","floor":39,"turns":8},{"damage":42,"enemies":"Giant Head","floor":41,"turns":5}],"seed_played":"-2263388285758961870","neow_bonus_log":{"cardsObtained":[],"cardsUpgraded":[],"cardsRemoved":[],"cardsTransformed":[],"relicsObtained":["Dream Catcher"],"maxHpGained":0,"goldGained":0,"damageTaken":0,"goldLost":0,"maxHpLost":0},"potions_obtained":[{"floor":2,"key":"AttackPotion"},{"floor":3,"key":"Regen Potion"},{"floor":6,"key":"DuplicationPotion"},{"floor":8,"key":"Poison Potion"},{"floor":14,"key":"SpeedPotion"},{"floor":25,"key":"ColorlessPotion"},{"floor":27,"key":"CultistPotion"},{"floor":36,"key":"SteroidPotion"},{"floor":39,"key":"SteroidPotion"}],"is_trial":false,"path_per_floor":["M","M","M","?","M","E","R","M","T","?","$","E","R","E","R","B",null,"M","M","?","M","?","R","?","M","T","E","R","$","R","E","R","B",null,"M","M","$","?","M","R","E"],"character_chosen":"THE_SILENT","basemod:card_modifiers":[null,null,null,null,null,null,null,null,null,null,null,null,null,null,null,null,null,null,null,null,null,null,null,null,null,null,null,null,null,null,null,null,null,null],"items_purchased":["Lee\u0027s Waffle","Blade Dance","Membership Card","Backflip","Well Laid Plans","Venomology"],"campfire_rested":3,"item_purchase_floors":[11,11,29,29,37,37],"current_hp_per_floor":[54,50,46,46,44,24,24,23,23,23,67,48,48,27,47,14,54,37,25,25,3,77,77,77,61,61,11,34,34,57,57,57,24,64,64,58,58,58,37,37,0],"gold":344,"neow_bonus":"RANDOM_COMMON_RELIC","is_prod":false,"is_daily":false,"rewards_skipped":[{"floor":31,"relics":[],"potions":["Swift Potion"]}],"chose_seed":false,"campfire_upgraded":5,"win_rate":0,"floor_exit_playtime":[59,111,188,191,264,367,384,457,460,464,488,580,591,689,704,861,966,1087,1178,1187,1318,1331,1339,1349,1432,1442,1541,1556,1579,1594,1747,1753,1985,2036,2100,2148,2175,2182,2379,2389],"timestamp":1708989012,"path_taken":["M","M","M","?","M","E","R","M","T","?","$","E","R","E","R","BOSS","M","M","?","M","?","R","?","M","T","E","R","$","R","E","R","BOSS","M","M","$","?","?","R","E"],"build_version":"2022-12-18","purchased_purges":2,"victory":false,"max_hp_per_floor":[66,66,66,60,60,60,60,60,60,60,67,67,67,67,67,67,67,67,67,67,67,77,77,77,77,77,77,77,77,77,77,77,77,77,77,77,77,77,77,77,77],"relic_stats":{"Lee\u0027s Waffle":44,"Singing Bowl":0,"counters":[20,129],"Pen Nib":[20],"Bag of Preparation":[12],"Smiling Mask":-12,"Mercury Hourglass":[188],"Dream Catcher":3,"Nunchaku":[23],"Art of War":[23],"Membership Card":240,"obtain_stats":[{"Lee\u0027s Waffle":11,"Singing Bowl":31,"Golden Idol":4,"SacredBark":17,"Pen Nib":12,"Bag of Preparation":27,"Smiling Mask":26,"Akabeko":14,"Mercury Hourglass":24,"Dream Catcher":0,"Nunchaku":6,"Art of War":9,"Coffee Dripper":34,"Membership Card":29,"Ring of the Snake":0},{"Lee\u0027s Waffle":6,"Singing Bowl":15,"Golden Idol":3,"SacredBark":9,"Pen Nib":7,"Bag of Preparation":14,"Smiling Mask":13,"Akabeko":8,"Mercury Hourglass":12,"Dream Catcher":0,"Nunchaku":5,"Art of War":6,"Coffee Dripper":16,"Membership Card":14,"Ring of the Snake":0},{"Lee\u0027s Waffle":37,"Singing Bowl":101,"Golden Idol":17,"SacredBark":61,"Pen Nib":45,"Bag of Preparation":94,"Smiling Mask":87,"Akabeko":52,"Mercury Hourglass":82,"Dream Catcher":0,"Nunchaku":30,"Art of War":37,"Coffee Dripper":108,"Membership Card":94,"Ring of the Snake":0}],"Ring of the Snake":[40]},"card_choices":[{"not_picked":["Acrobatics","Outmaneuver"],"picked":"PiercingWail","floor":1},{"not_picked":["Footwork","Backflip"],"picked":"Noxious Fumes","floor":2},{"not_picked":["Underhanded Strike","Escape Plan"],"picked":"Quick Slash","floor":3},{"not_picked":["Riddle With Holes","Infinite Blades","Expertise"],"picked":"SKIP","floor":5},{"not_picked":["Dodge and Roll","Envenom"],"picked":"Acrobatics","floor":6},{"not_picked":["Infinite Blades","Finisher"],"picked":"PiercingWail","floor":8},{"not_picked":["All Out Attack","Flying Knee"],"picked":"Acrobatics","floor":12},{"not_picked":["Bane","Choke"],"picked":"Backflip","floor":14},{"not_picked":["Cloak And Dagger","Finisher"],"picked":"Blade Dance","floor":15},{"not_picked":["Phantasmal Killer","Grand Finale"],"picked":"Doppelganger","floor":16},{"not_picked":["Distraction","Cloak And Dagger"],"picked":"PiercingWail","floor":18},{"not_picked":["Dodge and Roll","Accuracy"],"picked":"Catalyst","floor":19},{"not_picked":["Slice","Blade Dance"],"picked":"Dagger Spray","floor":21},{"not_picked":["Flying Knee","Noxious Fumes"],"picked":"Dodge and Roll+1","floor":25},{"not_picked":["Finisher","Prepared"],"picked":"Footwork","floor":27},{"not_picked":["Blade Dance","Deflect"],"picked":"Accuracy","floor":28},{"not_picked":["Concentrate","Backstab+1"],"picked":"Outmaneuver+1","floor":31},{"not_picked":["Bullet Time","Die Die Die"],"picked":"Tools of the Trade","floor":33},{"not_picked":["Skewer","Dagger Throw"],"picked":"Blade Dance+1","floor":35},{"not_picked":["Finisher","Dagger Spray"],"picked":"Tactician","floor":36},{"not_picked":["Outmaneuver","Dagger Throw+1"],"picked":"PiercingWail","floor":39}],"player_experience":6340634,"relics_obtained":[{"floor":6,"key":"Nunchaku"},{"floor":9,"key":"Art of War"},{"floor":12,"key":"Pen Nib"},{"floor":14,"key":"Akabeko"},{"floor":26,"key":"Smiling Mask"},{"floor":27,"key":"Bag of Preparation"},{"floor":31,"key":"Singing Bowl"}],"event_choices":[{"damage_healed":0,"gold_gain":0,"player_choice":"Lose Max HP","damage_taken":0,"relics_obtained":["Golden Idol"],"max_hp_gain":0,"max_hp_loss":6,"event_name":"Golden Idol","floor":4,"gold_loss":0},{"damage_healed":0,"gold_gain":0,"player_choice":"Ignored","damage_taken":0,"max_hp_gain":0,"max_hp_loss":0,"event_name":"Shining Light","floor":10,"gold_loss":0},{"cards_removed":["Strike_G"],"damage_healed":0,"gold_gain":0,"player_choice":"Gave Gold","damage_taken":0,"max_hp_gain":0,"max_hp_loss":0,"event_name":"Beggar","floor":20,"gold_loss":75},{"cards_removed":["Doppelganger"],"damage_healed":64,"gold_gain":0,"player_choice":"Offered Rare","damage_taken":0,"max_hp_gain":10,"max_hp_loss":0,"event_name":"Bonfire Elementals","floor":22,"gold_loss":0},{"damage_healed":0,"gold_gain":0,"player_choice":"Opened","damage_taken":0,"relics_obtained":["Mercury Hourglass"],"max_hp_gain":0,"max_hp_loss":0,"event_name":"The Mausoleum","floor":24,"gold_loss":0,"cards_obtained":["Writhe"]},{"damage_healed":0,"gold_gain":333,"player_choice":"Gave Idol","damage_taken":0,"max_hp_gain":0,"max_hp_loss":0,"event_name":"The Moai Head","floor":38,"relics_lost":["Golden Idol"],"gold_loss":0}],"is_beta":false,"boss_relics":[{"not_picked":["Empty Cage","Black Star"],"picked":"SacredBark"},{"not_picked":["Runic Dome","SlaversCollar"],"picked":"Coffee Dripper"}],"items_purged_floors":[29,37],"is_endless":false,"potions_floor_spawned":[2,3,6,8,14,25,27,31,36,39],"killed_by":"Giant Head","ascension_level":20,"potion_discard_per_floor":[[],[],[],[],[],[],[],["DuplicationPotion"],[],[],[],[],[],[],[],[],[],[],[],[],[],[],[],[],[],[],[],[],[],[],[],[],[],[],[],[],[],[],["Weak Potion"],[],[]]}