{"neow_bonuses_skipped_log":["UPGRADE_CARD","HUNDRED_GOLD","BOSS_RELIC"],"neow_costs_skipped_log":["NONE","NONE","NONE"],"potions_obtained_entropic_brew":[[],[],[],[],[],[],[],[],[],[],[],[],[],[],[],[],[],[],[],[],[],[],[],[],[],[],[],[],[],[],[],[],[]],"gold_per_floor":[109,129,140,140,159,191,191,224,224,238,238,0,50,82,82,156,156,166,166,185,197,197,197,229,229,253,89,89,131,131,45,45,45],"floor_reached":33,"playtime":1225,"items_purged":["Strike_R"],"score":602,"play_id":"d42c35b6-9f73-4c88-afc9-9dffc3643d72","local_time":"20240223222503","score_breakdown":["Floors Climbed (33): 165","Enemies Slain (8): 16","Exordium Elites Killed (3): 30","City Elites Killed (2): 40","Bosses Slain (1): 50","Ascension (20): 301"],"is_ascension_mode":true,"potions_obtained_alchemize":[[],[],[],[],[],[],[],[],[],[],[],[],[],[],[],[],[],[],[],[],[],[],[],[],[],[],[],[],[],[],[],[],[]],"campfire_choices":[{"data":"Bludgeon","floor":7,"key":"SMITH"},{"floor":11,"key":"REST"},{"data":"1","floor":15,"key":"LIFT"},{"data":"Pommel Strike","floor":23,"key":"SMITH"},{"data":"2","floor":30,"key":"LIFT"},{"data":"3","floor":32,"key":"LIFT"}],"lesson_learned_per_floor":[[],[],[],[],[],[],[],[],[],[],[],[],[],[],[],[],[],[],[],[],[],[],[],[],[],[],[],[],[],[],[],[],[]],"neow_cost":"TEN_PERCENT_HP_LOSS","improvable_cards":{"RitualDagger":[15]},"seed_source_timestamp":26675751424246,"shop_contents":[{"floor":12,"relics":["Magic Flower","TheAbacus"],"cards":["Heavy Blade","Blood for Blood","Double Tap","Bloodletting","Metallicize","Madness","Metamorphosis"],"potions":["Fire Potion","PowerPotion","EssenceOfSteel"]},{"floor":27,"relics":["Boot","Akabeko"],"cards":["Dropkick","Carnage","Shrug It Off","True Grit","Combust","Finesse","Transmutation"],"potions":["Ancient Potion","GamblersBrew","Strength Potion"]},{"floor":31,"relics":["Bag of Marbles","Eternal Feather","Sling"],"cards":["Twin Strike","Thunderclap","Limit Break","Dual Wield","Evolve","Deep Breath","Violence"],"potions":["AttackPotion","Energy Potion"]}],"circlet_count":0,"master_deck":["AscendersBane","Strike_R+1","Strike_R+1","Strike_R+1","Defend_R+1","Defend_R+1","Defend_R+1","Defend_R+1","Bash","Bludgeon+1","Flame Barrier","Pommel Strike+1","Anger","Battle Trance","Brutality","Flex+1","Dual Wield+1","Decay","RitualDagger","True Grit+1"],"potion_use_per_floor":[[],[],[],[],[],["Energy Potion","Explosive Potion"],[],[],[],[],[],[],[],[],[],[],[],[],[],[],[],[],[],["Fire Potion"],[],[],[],[],["Weak Potion"],[],[],[],["LiquidMemories","Strength Potion"]],"relics":["Burning Blood","Singing Bowl","Lantern","Girya","Bag of Preparation","Turnip","Coffee Dripper","Toy Ornithopter","Omamori","Toolbox","CeramicFish","Champion Belt"],"potions_floor_usage":[6,6,24,29,33,33],"damage_taken":[{"damage":1,"enemies":"Cultist","floor":1,"turns":4},{"damage":13,"enemies":"2 Louse","floor":2,"turns":3},{"damage":7,"enemies":"Jaw Worm","floor":3,"turns":4},{"damage":1,"enemies":"2 Fungi Beasts","floor":5,"turns":5},{"damage":32,"enemies":"Gremlin Nob","floor":6,"turns":4},{"damage":33,"enemies":"Lagavulin","floor":8,"turns":6},{"damage":0,"enemies":"Large Slime","floor":10,"turns":4},{"damage":5,"enemies":"3 Sentries","floor":14,"turns":5},{"damage":20,"enemies":"The Guardian","floor":16,"turns":12},{"damage":7,"enemies":"Spheric Guardian","floor":18,"turns":3},{"damage":0,"enemies":"Chosen","floor":20,"turns":2},{"damage":9,"enemies":"3 Cultists","floor":21,"turns":4},{"damage":31,"enemies":"Slavers","floor":24,"turns":4},{"damage":31,"enemies":"Book of Stabbing","floor":29,"turns":4},{"damage":31,"enemies":"Champ","floor":33,"turns":9}],"green_key_taken_log":6,"seed_played":"6671353485262503670","neow_bonus_log":{"cardsObtained":[],"cardsUpgraded":[],"cardsRemoved":[],"cardsTransformed":[],"relicsObtained":[],"maxHpGained":0,"goldGained":0,"damageTaken":0,"goldLost":0,"maxHpLost":7},"potions_obtained":[{"floor":1,"key":"Explosive Potion"},{"floor":3,"key":"Energy Potion"},{"floor":10,"key":"Fire Potion"},{"floor":16,"key":"BlessingOfTheForge"},{"floor":21,"key":"Strength Potion"},{"floor":24,"key":"Weak Potion"}],"is_trial":false,"path_per_floor":["M","M","M","?","M","E","R","E","T","M","R","$","?","E","R","B",null,"M","?","M","M","?","R","E","?","T","$","?","E","R","$","R","B"],"character_chosen":"IRONCLAD","basemod:card_modifiers":[null,null,null,null,null,null,null,null,null,null,null,null,null,null,null,null,null,null,null,null],"items_purchased":["Bag of Preparation","Toolbox","LiquidMemories"],"campfire_rested":1,"item_purchase_floors":[12,27,31],"current_hp_per_floor":[68,61,60,60,65,39,39,12,12,20,41,41,34,37,37,23,60,61,61,67,64,64,64,41,35,35,35,35,15,15,15,15,0],"gold":45,"neow_bonus":"THREE_RARE_CARDS","is_prod":false,"is_daily":false,"rewards_skipped":[],"chose_seed":false,"campfire_upgraded":2,"win_rate":0,"floor_exit_playtime":[118,155,178,183,225,273,279,323,333,366,370,406,410,461,477,577,634,672,681,712,784,806,812,869,886,917,933,936,990,998,1013,1021],"timestamp":1708745103,"path_taken":["M","M","M","?","M","E","R","E","T","?","R","$","?","E","R","BOSS","M","?","?","M","?","R","E","?","T","?","?","E","R","$","R","BOSS"],"build_version":"2022-12-18","purchased_purges":1,"victory":false,"max_hp_per_floor":[68,68,68,68,68,68,68,68,68,70,70,70,70,72,72,72,72,74,74,74,74,74,74,76,76,76,76,76,76,76,76,76,76],"relic_stats":{"Girya":3,"Singing Bowl":8,"counters":[15,73],"CeramicFish":9,"Turnip":[9],"Bag of Preparation":[16],"Omamori":1,"Champion Belt":[4],"obtain_stats":[{"Girya":9,"Lantern":8,"Singing Bowl":6,"CeramicFish":28,"Toolbox":27,"Turnip":14,"Bag of Preparation":12,"Coffee Dripper":17,"Omamori":26,"Champion Belt":29,"Burning Blood":0,"Toy Ornithopter":24},{"Girya":6,"Lantern":6,"Singing Bowl":5,"CeramicFish":13,"Toolbox":13,"Turnip":8,"Bag of Preparation":7,"Coffee Dripper":9,"Omamori":13,"Champion Belt":14,"Burning Blood":0,"Toy Ornithopter":13},{"Girya":26,"Lantern":26,"Singing Bowl":20,"CeramicFish":60,"Toolbox":60,"Turnip":35,"Bag of Preparation":30,"Coffee Dripper":47,"Omamori":60,"Champion Belt":64,"Burning Blood":0,"Toy Ornithopter":60}],"Burning Blood":79,"Toy Ornithopter":15},"card_choices":[{"not_picked":["Barricade","Demon Form"],"picked":"Bludgeon","floor":0},{"not_picked":["Dual Wield","Thunderclap","Flex"],"picked":"SKIP","floor":1},{"not_picked":["Perfected Strike","Searing Blow"],"picked":"Flame Barrier","floor":2},{"not_picked":["Havoc","Thunderclap","Carnage"],"picked":"SKIP","floor":3},{"not_picked":["Twin Strike","Clash"],"picked":"Pommel Strike","floor":5},{"not_picked":["Battle Trance","Barricade"],"picked":"Anger","floor":6},{"not_picked":["True Grit","Flex"],"picked":"Battle Trance","floor":8},{"not_picked":["Rupture","Evolve","Sword Boomerang"],"picked":"Singing Bowl","floor":10},{"not_picked":["Thunderclap","Body Slam","Warcry"],"picked":"Singing Bowl","floor":14},{"not_picked":["Demon Form","Limit Break"],"picked":"Brutality","floor":16},{"not_picked":["Thunderclap","Pommel Strike","True Grit"],"picked":"Singing Bowl","floor":18},{"not_picked":["Twin Strike","Combust"],"picked":"Flex+1","floor":20},{"not_picked":["Cleave","Twin Strike"],"picked":"Dual Wield+1","floor":21},{"not_picked":["Rage","Wild Strike","Havoc"],"picked":"Singing Bowl","floor":24},{"not_picked":["Entrench","Hemokinesis"],"picked":"True Grit+1","floor":29}],"player_experience":6284530,"relics_obtained":[{"floor":6,"key":"Singing Bowl"},{"floor":8,"key":"Lantern"},{"floor":9,"key":"Girya"},{"floor":14,"key":"Turnip"},{"floor":24,"key":"Toy Ornithopter"},{"floor":26,"key":"Omamori"},{"floor":29,"key":"Champion Belt"}],"event_choices":[{"cards_removed":["Strike_R"],"damage_healed":0,"gold_gain":0,"player_choice":"Purged","damage_taken":0,"max_hp_gain":0,"max_hp_loss":0,"event_name":"Purifier","floor":4,"gold_loss":0},{"damage_healed":0,"gold_gain":50,"player_choice":"Touch","damage_taken":7,"max_hp_gain":0,"max_hp_loss":0,"event_name":"FaceTrader","floor":13,"gold_loss":0},{"damage_healed":0,"gold_gain":0,"player_choice":"Simplicity","damage_taken":0,"max_hp_gain":0,"max_hp_loss":0,"event_name":"Back to Basics","floor":19,"gold_loss":0,"cards_upgraded":["Strike_R","Strike_R","Strike_R","Defend_R","Defend_R","Defend_R","Defend_R"]},{"damage_healed":0,"gold_gain":0,"player_choice":"Smashed Altar","damage_taken":0,"max_hp_gain":0,"max_hp_loss":0,"event_name":"Forgotten Altar","floor":22,"gold_loss":0,"cards_obtained":["Decay"]},{"damage_healed":0,"gold_gain":0,"player_choice":"Joined the Cult","damage_taken":6,"max_hp_gain":0,"max_hp_loss":0,"event_name":"Nest","floor":25,"gold_loss":0,"cards_obtained":["RitualDagger"]},{"damage_healed":0,"gold_gain":0,"player_choice":"Opened","damage_taken":0,"relics_obtained":["CeramicFish"],"max_hp_gain":0,"max_hp_loss":0,"event_name":"The Mausoleum","floor":28,"gold_loss":0,"cards_obtained":["Writhe"]}],"is_beta":false,"boss_relics":[{"not_picked":["Philosopher\u0027s Stone","Ectoplasm"],"picked":"Coffee Dripper"}],"items_purged_floors":[12],"is_endless":false,"potions_floor_spawned":[1,3,10,16,21,24],"killed_by":"Champ","ascension_level":20,"potion_discard_per_floor":[[],[],[],[],[],[],[],[],[],[],[],[],[],[],[],[],[],[],[],[],["BlessingOfTheForge"],[],[],[],[],[],[],[],[],[],[],[],[]]}