{"neow_bonuses_skipped_log":["ONE_RANDOM_RARE_CARD","THREE_RARE_CARDS","BOSS_RELIC"],"potions_obtained_entropic_brew":[[],[],[],[],[],[],[],[],[],[],[],[],[],[],[],[],[],[],[],[],[],[],[],[],[],[],[],[],[],[],[],[],[],[],[],[],[],[],[],[],[],[],[],[],[],[],[],[],[],[],[],[],[],[],[],[],[]],"neow_costs_skipped_log":["NONE","PERCENT_DAMAGE","NONE"],"gold_per_floor":[216,236,29,49,124,124,151,151,151,151,176,176,192,207,207,285,285,300,320,520,75,86,117,117,146,146,146,156,156,167,177,177,251,251,268,279,293,293,55,55,84,100,127,152,152,172,189,214,214,214,214,214,214,49,78,78],"floor_reached":57,"playtime":4549,"items_purged":["Strike_G","Strike_G"],"score":2963,"play_id":"2f77eed1-51e3-4d64-b352-792aeaa01dbb","local_time":"20240215195245","score_breakdown":["Floors Climbed (57): 285","Enemies Slain (17): 34","Exordium Elites Killed (2): 20","City Elites Killed (2): 40","Beyond Elites Killed (3): 90","Bosses Slain (5): 750","Money Money (1034): 25","Collector (1): 25","Librarian: 25","Champion (1): 25","Perfect (1): 50","Overkill: 25","Ascension (20): 1319","Heartbreaker: 250"],"is_ascension_mode":true,"potions_obtained_alchemize":[[],[],[],[],[],[],[],[],[],[],[],[],[],[],[],[],[],[],[],[],[],[],[],[],[],[],[],[],[],[],[],[],[],[],[],[],[],[],[],[],[],[],[],[],[],[],[],[],[],[],[],[],[],[],[],[],[]],"campfire_choices":[{"data":"Blade Dance","floor":6,"key":"SMITH"},{"data":"Footwork","floor":8,"key":"SMITH"},{"floor":10,"key":"REST"},{"floor":12,"key":"REST"},{"data":"Wraith Form v2","floor":15,"key":"SMITH"},{"data":"Footwork","floor":27,"key":"SMITH"},{"data":"Wraith Form v2","floor":29,"key":"SMITH"},{"data":"Neutralize","floor":32,"key":"SMITH"},{"data":"Corpse Explosion","floor":40,"key":"SMITH"},{"floor":49,"key":"RECALL"},{"data":"Footwork","floor":53,"key":"SMITH"}],"lesson_learned_per_floor":[[],[],[],[],[],[],[],[],[],[],[],[],[],[],[],[],[],[],[],[],[],[],[],[],[],[],[],[],[],[],[],[],[],[],[],[],[],[],[],[],[],[],[],[],[],[],[],[],[],[],[],[],[],[],[],[],[]],"neow_cost":"NONE","improvable_cards":{},"seed_source_timestamp":7912526404298,"shop_contents":[{"floor":3,"relics":["Tough Bandages","Incense Burner","Lee\u0027s Waffle"],"cards":["Eviscerate","Finisher","Expertise","Footwork","Mayhem"],"potions":["Weak Potion","Strength Potion"]},{"floor":21,"relics":["Frozen Egg 2","Darkstone Periapt"],"cards":["Flying Knee","Dagger Throw","Enlightenment","Mayhem"],"potions":["Energy Potion","FearPotion"]},{"floor":39,"relics":["FossilizedHelix","White Beast Statue","Sling"],"cards":["Heel Hook","Glass Knife","Deadly Poison","Accuracy","Flash of Steel","Chrysalis"],"potions":["CultistPotion","Ancient Potion"]},{"floor":54,"relics":["Vajra","Whetstone","HandDrill"],"cards":["Grand Finale","Bane","Outmaneuver","Backflip","Infinite Blades","Trip","The Bomb"],"potions":[]}],"circlet_count":0,"master_deck":["AscendersBane","Strike_G","Strike_G","Defend_G","Defend_G","Defend_G","Defend_G","Defend_G","Survivor","Neutralize+1","Dagger Throw","Footwork+1","Dramatic Entrance","PiercingWail","Blade Dance+1","Terror","Flying Knee","Wraith Form v2+1","Poisoned Stab","Corpse Explosion+1","Backflip","Backflip","Footwork+1","PiercingWail","Prepared+1","PiercingWail","Footwork+1","Wraith Form v2+1","Tactician+1","Malaise","CurseOfTheBell","Cloak And Dagger+1","Acrobatics","Dodge and Roll","Noxious Fumes+1","PiercingWail+1","Well Laid Plans+1","Adrenaline","Blur"],"potion_use_per_floor":[[],[],[],[],[],[],["BlessingOfTheForge"],[],[],[],[],[],[],[],[],["PowerPotion"],[],["SkillPotion"],[],[],[],[],[],[],["PowerPotion"],[],[],[],[],["Fire Potion"],[],[],["SteroidPotion"],[],[],[],[],[],[],[],["Fire Potion"],[],[],[],[],[],[],[],[],["Energy Potion"],["DuplicationPotion","CunningPotion"],[],[],[],[],["Dexterity Potion","PowerPotion","LiquidMemories","Weak Potion"],[]],"relics":["Ring of the Snake","Strawberry","Snake Skull","Nunchaku","Coffee Dripper","Frozen Eye","Akabeko","InkBottle","Calling Bell","Potion Belt","Meat on the Bone","Du-Vu Doll","Shuriken","Pen Nib","Paper Crane","Question Card","PreservedInsect","Sundial"],"potions_floor_usage":[7,16,18,25,30,33,41,50,51,51,56,56,56,56],"damage_taken":[{"damage":2,"enemies":"Cultist","floor":1,"turns":5},{"damage":1,"enemies":"Small Slimes","floor":2,"turns":4},{"damage":2,"enemies":"Jaw Worm","floor":4,"turns":6},{"damage":22,"enemies":"Lagavulin","floor":7,"turns":9},{"damage":30,"enemies":"Gremlin Nob","floor":11,"turns":4},{"damage":1,"enemies":"Exordium Thugs","floor":13,"turns":5},{"damage":0,"enemies":"Lots of Slimes","floor":14,"turns":3},{"damage":8,"enemies":"Slime Boss","floor":16,"turns":9},{"damage":2,"enemies":"Spheric Guardian","floor":18,"turns":5},{"damage":12,"enemies":"Shell Parasite","floor":19,"turns":5},{"damage":0,"enemies":"3 Cultists","floor":22,"turns":4},{"damage":0,"enemies":"Gremlin Leader","floor":23,"turns":8},{"damage":8,"enemies":"Book of Stabbing","floor":25,"turns":4},{"damage":5,"enemies":"Centurion and Healer","floor":28,"turns":8},{"damage":0,"enemies":"Shelled Parasite and Fungi","floor":30,"turns":6},{"damage":19,"enemies":"Cultist and Chosen","floor":31,"turns":7},{"damage":0,"enemies":"Automaton","floor":33,"turns":12},{"damage":0,"enemies":"3 Darklings","floor":35,"turns":4},{"damage":2,"enemies":"3 Shapes","floor":36,"turns":3},{"damage":11,"enemies":"Maw","floor":37,"turns":9},{"damage":9,"enemies":"Reptomancer","floor":41,"turns":9},{"damage":2,"enemies":"Sphere and 2 Shapes","floor":42,"turns":8},{"damage":3,"enemies":"Nemesis","floor":44,"turns":5},{"damage":1,"enemies":"Transient","floor":46,"turns":6},{"damage":2,"enemies":"Spire Growth","floor":47,"turns":5},{"damage":21,"enemies":"Reptomancer","floor":48,"turns":8},{"damage":12,"enemies":"Awakened One","floor":50,"turns":20},{"damage":19,"enemies":"Time Eater","floor":51,"turns":19},{"damage":4,"enemies":"Shield and Spear","floor":55,"turns":7},{"damage":22,"enemies":"The Heart","floor":56,"turns":13}],"green_key_taken_log":25,"seed_played":"-3297516063416192565","neow_bonus_log":{"cardsObtained":[],"cardsUpgraded":[],"cardsRemoved":[],"cardsTransformed":[],"relicsObtained":[],"maxHpGained":0,"goldGained":100,"damageTaken":0,"goldLost":0,"maxHpLost":0},"potions_obtained":[{"floor":2,"key":"BlessingOfTheForge"},{"floor":11,"key":"SmokeBomb"},{"floor":13,"key":"SkillPotion"},{"floor":18,"key":"AttackPotion"},{"floor":22,"key":"Fire Potion"},{"floor":24,"key":"PowerPotion"},{"floor":25,"key":"Fire Potion"},{"floor":30,"key":"SteroidPotion"},{"floor":35,"key":"PowerPotion"},{"floor":44,"key":"CunningPotion"},{"floor":47,"key":"Energy Potion"},{"floor":55,"key":"LiquidMemories"}],"is_trial":false,"path_per_floor":["M","M","$","M","?","R","E","R","T","R","E","R","M","M","R","B",null,"M","M","?","$","M","E","?","E","T","R","M","R","M","M","R","B",null,"M","M","M","?","$","R","E","M","T","E","T","M","M","E","R","B","B",null,"R","$","E","B",null],"character_chosen":"THE_SILENT","basemod:card_modifiers":[null,null,null,null,null,null,null,null,null,null,null,null,null,null,null,null,null,null,null,null,null,null,null,null,null,null,null,null,null,null,null,null,null,null,null,null,null,null,null],"items_purchased":["Dramatic Entrance","PowerPotion","PiercingWail","Frozen Eye","Backflip","Footwork","PiercingWail","Poison Potion","DuplicationPotion","Dodge and Roll","Dexterity Potion","Block Potion","Weak Potion"],"campfire_rested":2,"item_purchase_floors":[3,3,3,21,21,21,21,21,39,39,54,54,54],"current_hp_per_floor":[57,56,56,54,43,43,28,28,28,49,19,40,39,39,39,31,63,61,49,49,49,49,49,49,41,41,41,36,36,36,17,17,17,59,59,57,46,46,46,46,37,47,47,44,44,43,41,32,32,32,25,61,61,61,57,47],"gold":78,"neow_bonus":"HUNDRED_GOLD","is_prod":false,"is_daily":false,"rewards_skipped":[{"floor":4,"relics":[],"potions":["Block Potion"]},{"floor":24,"relics":[],"potions":["FearPotion"]},{"floor":28,"relics":[],"potions":["FearPotion"]},{"floor":48,"relics":[],"potions":["ColorlessPotion"]}],"chose_seed":false,"campfire_upgraded":8,"win_rate":0,"floor_exit_playtime":[73,152,186,242,248,255,332,345,349,359,402,406,448,487,492,746,767,881,934,950,1001,1084,1194,1228,1318,1321,1347,1447,1454,1580,1672,1687,1918,1948,2011,2072,2221,2248,2294,2310,2481,2583,2587,2672,2677,2745,2807,2969,2972,3385,3757,3768,3783,3795,3984,4549],"timestamp":1708044765,"blue_key_relic_skipped_log":{"floor":26,"relicID":"Bottled Flame"},"path_taken":["M","M","$","M","?","R","E","R","T","R","E","R","M","M","R","BOSS","M","M","?","$","M","E","?","E","T","R","M","R","?","M","R","BOSS","M","M","M","?","$","R","E","M","T","E","?","M","M","E","R","BOSS","BOSS","R","$","E","BOSS"],"build_version":"2022-12-18","purchased_purges":2,"victory":true,"max_hp_per_floor":[66,66,66,66,66,66,73,73,73,73,73,73,73,73,73,73,73,73,73,73,73,73,73,73,73,73,73,73,73,73,73,73,73,73,73,73,73,73,73,73,73,73,73,73,73,73,73,73,73,73,73,73,73,73,73,73],"relic_stats":{"counters":[30,220],"Snake Skull":[143],"Pen Nib":[15],"PreservedInsect":77,"Question Card":4,"Frozen Eye":108.44888,"Nunchaku":[42],"Shuriken":[37],"Sundial":[2],"obtain_stats":[{"Potion Belt":34,"Snake Skull":9,"Pen Nib":43,"PreservedInsect":48,"Paper Crane":44,"Question Card":45,"Akabeko":23,"Calling Bell":34,"Du-Vu Doll":34,"Frozen Eye":21,"Nunchaku":11,"Shuriken":41,"Sundial":55,"Strawberry":7,"Coffee Dripper":17,"InkBottle":25,"Ring of the Snake":0,"Meat on the Bone":34},{"Potion Belt":17,"Snake Skull":4,"Pen Nib":22,"PreservedInsect":26,"Paper Crane":23,"Question Card":23,"Akabeko":12,"Calling Bell":17,"Du-Vu Doll":17,"Frozen Eye":10,"Nunchaku":5,"Shuriken":21,"Sundial":29,"Strawberry":4,"Coffee Dripper":8,"InkBottle":13,"Ring of the Snake":0,"Meat on the Bone":17},{"Potion Belt":104,"Snake Skull":24,"Pen Nib":137,"PreservedInsect":161,"Paper Crane":142,"Question Card":142,"Akabeko":67,"Calling Bell":104,"Du-Vu Doll":104,"Frozen Eye":55,"Nunchaku":28,"Shuriken":129,"Sundial":207,"Strawberry":24,"Coffee Dripper":45,"InkBottle":71,"Ring of the Snake":0,"Meat on the Bone":104}],"InkBottle":[77],"Ring of the Snake":[60],"Meat on the Bone":60},"card_choices":[{"not_picked":["Acrobatics","Deflect"],"picked":"Dagger Throw","floor":1},{"not_picked":["Outmaneuver","Blade Dance"],"picked":"Footwork","floor":2},{"not_picked":["Dodge and Roll","All Out Attack"],"picked":"Blade Dance","floor":4},{"not_picked":["Prepared","Heel Hook"],"picked":"Terror","floor":7},{"not_picked":["Sucker Punch","Bane"],"picked":"Flying Knee","floor":11},{"not_picked":["Bane","Heel Hook"],"picked":"Wraith Form v2","floor":13},{"not_picked":["Skewer","Bane"],"picked":"Poisoned Stab","floor":14},{"not_picked":["Tools of the Trade","Adrenaline"],"picked":"Corpse Explosion","floor":16},{"not_picked":["Quick Slash","Blade Dance"],"picked":"Backflip","floor":19},{"not_picked":["Bane","Noxious Fumes"],"picked":"Prepared+1","floor":22},{"not_picked":["Dagger Throw","Prepared"],"picked":"PiercingWail","floor":23},{"not_picked":["Distraction","Sucker Punch"],"picked":"Footwork","floor":25},{"not_picked":["Outmaneuver","Acrobatics"],"picked":"Wraith Form v2","floor":28},{"not_picked":["Bane","Quick Slash"],"picked":"Tactician+1","floor":30},{"not_picked":["Flying Knee","Blade Dance","Underhanded Strike"],"picked":"SKIP","floor":31},{"not_picked":["Doppelganger","Phantasmal Killer"],"picked":"Malaise","floor":33},{"not_picked":["Concentrate+1","Slice"],"picked":"Cloak And Dagger+1","floor":36},{"not_picked":["Backflip","Calculated Gamble"],"picked":"Acrobatics","floor":37},{"not_picked":["Slice","Doppelganger"],"picked":"Noxious Fumes+1","floor":41},{"not_picked":["Prepared","Outmaneuver"],"picked":"PiercingWail+1","floor":42},{"not_picked":["Blur","Acrobatics"],"picked":"Well Laid Plans+1","floor":44},{"not_picked":["PiercingWail","Dagger Throw","Bouncing Flask","Endless Agony+1"],"picked":"SKIP","floor":46},{"not_picked":["Quick Slash","PiercingWail","Heel Hook"],"picked":"Adrenaline","floor":47},{"not_picked":["Quick Slash","Backstab+1","Skewer","Prepared"],"picked":"SKIP","floor":48},{"not_picked":["Caltrops","Deadly Poison","Escape Plan"],"picked":"Blur","floor":55}],"player_experience":6092566,"relics_obtained":[{"floor":7,"key":"Strawberry"},{"floor":9,"key":"Snake Skull"},{"floor":11,"key":"Nunchaku"},{"floor":23,"key":"Akabeko"},{"floor":25,"key":"InkBottle"},{"floor":34,"key":"Potion Belt"},{"floor":34,"key":"Meat on the Bone"},{"floor":34,"key":"Du-Vu Doll"},{"floor":41,"key":"Shuriken"},{"floor":43,"key":"Pen Nib"},{"floor":44,"key":"Paper Crane"},{"floor":45,"key":"Question Card"},{"floor":48,"key":"PreservedInsect"},{"floor":55,"key":"Sundial"}],"event_choices":[{"damage_healed":0,"gold_gain":75,"player_choice":"Gather Gold","damage_taken":11,"max_hp_gain":0,"max_hp_loss":0,"event_name":"World of Goop","floor":5,"gold_loss":0},{"damage_healed":0,"gold_gain":200,"player_choice":"Gold","damage_taken":0,"max_hp_gain":0,"max_hp_loss":0,"event_name":"Wheel of Change","floor":20,"gold_loss":0},{"damage_healed":0,"gold_gain":0,"player_choice":"Got Potions","damage_taken":0,"max_hp_gain":0,"max_hp_loss":0,"event_name":"Lab","floor":24,"gold_loss":0},{"cards_removed":["Strike_G"],"damage_healed":0,"gold_gain":0,"player_choice":"Card Removal","damage_taken":0,"max_hp_gain":0,"max_hp_loss":0,"event_name":"Wheel of Change","floor":38,"gold_loss":0}],"is_beta":false,"boss_relics":[{"not_picked":["HoveringKite","Runic Dome"],"picked":"Coffee Dripper"},{"not_picked":["Tiny House","Empty Cage"],"picked":"Calling Bell"}],"items_purged_floors":[21,39],"is_endless":false,"potions_floor_spawned":[2,4,11,13,18,22,25,28,30,35,44,47,48,55],"ascension_level":20,"potion_discard_per_floor":[[],[],[],[],[],[],[],[],[],[],[],[],["SmokeBomb"],[],[],[],[],[],[],[],[],["AttackPotion"],[],["Poison Potion"],[],[],[],[],[],[],[],[],[],[],[],[],[],[],[],[],[],[],[],[],[],[],[],[],[],[],[],[],[],[],["Block Potion"],[],[]]}