{"neow_bonuses_skipped_log":["THREE_ENEMY_KILL","TRANSFORM_TWO_CARDS","BOSS_RELIC"],"potions_obtained_entropic_brew":[[],[],[],[],[],[],[],[],[],[],[],[],[],[],[],[],[],[],[],[],[],[],[],[],[],[],[],[],[],[],[],[],[],[],[],[],[],[],[],[],[],[],[],[],[],[],[],[],[],[],[],[],[],[],[],[],[]],"neow_costs_skipped_log":["NONE","NO_GOLD","NONE"],"gold_per_floor":[117,42,54,72,88,88,114,114,166,180,197,215,215,244,244,318,318,328,345,355,373,43,71,71,88,88,10,22,57,69,95,95,169,169,181,193,207,221,233,260,260,271,342,352,352,380,391,424,424,424,424,424,424,83,110,110],"floor_reached":57,"playtime":5676,"items_purged":["Strike_R+1"],"score":2998,"play_id":"920e0e6d-b854-419f-b9ec-e79d18cbf72f","local_time":"20240215183400","score_breakdown":["Floors Climbed (57): 285","Enemies Slain (22): 44","Exordium Elites Killed (2): 20","City Elites Killed (3): 60","Beyond Elites Killed (3): 90","Bosses Slain (5): 750","Perfect (2): 100","C-c-c-combo: 25","Ascension (20): 1374","Heartbreaker: 250"],"is_ascension_mode":true,"potions_obtained_alchemize":[[],[],[],[],[],[],[],[],[],[],[],[],[],[],[],[],[],[],[],[],[],[],[],[],[],[],[],[],[],[],[],[],[],[],[],[],[],[],[],[],[],[],[],[],[],[],[],[],[],[],[],[],[],[],[],[],[]],"campfire_choices":[{"data":"Immolate","floor":6,"key":"SMITH"},{"data":"Armaments","floor":8,"key":"SMITH"},{"data":"Bash","floor":13,"key":"SMITH"},{"data":"Clothesline","floor":15,"key":"SMITH"},{"floor":32,"key":"RECALL"},{"floor":41,"key":"DIG"},{"floor":49,"key":"DIG"},{"floor":53,"key":"DIG"}],"lesson_learned_per_floor":[[],[],[],[],[],[],[],[],[],[],[],[],[],[],[],[],[],[],[],[],[],[],[],[],[],[],[],[],[],[],[],[],[],[],[],[],[],[],[],[],[],[],[],[],[],[],[],[],[],[],[],[],[],[],[],[],[]],"neow_cost":"NONE","improvable_cards":{},"seed_source_timestamp":2030509387877,"shop_contents":[{"floor":22,"relics":["Magic Flower"],"cards":["Sword Boomerang","Heavy Blade","Battle Trance","Seeing Red","Berserk","Dark Shackles","Chrysalis"],"potions":["Regen Potion","Energy Potion","HeartOfIron"]},{"floor":27,"relics":["TungstenRod","CeramicFish","HandDrill"],"cards":["Dropkick","Armaments","Shrug It Off","Dark Embrace","Impatience","HandOfGreed"],"potions":["BloodPotion","EssenceOfSteel","Block Potion"]},{"floor":54,"relics":["Ginger","Strange Spoon"],"cards":["Perfected Strike","Rampage","Seeing Red","Impervious","Rupture","Discovery","Magnetism"],"potions":["SpeedPotion","AttackPotion","FearPotion"]}],"circlet_count":0,"master_deck":["AscendersBane","Strike_R+1","Strike_R+1","Strike_R+1","Defend_R+1","Defend_R+1","Defend_R+1","Defend_R+1","Bash+1","Immolate+1","Shrug It Off","Evolve","Second Wind","Armaments+1","Feel No Pain","Clothesline+1","Disarm","Spot Weakness","Offering","Burning Pact","Power Through","Battle Trance","Headbutt","Impervious","Dark Embrace","Shrug It Off","Fiend Fire","Pommel Strike+1","Bloodletting","Pommel Strike","Barricade","Shrug It Off+1","Burning Pact+1"],"potion_use_per_floor":[[],[],[],[],[],[],["Ancient Potion"],[],[],[],[],[],[],["Energy Potion"],[],[],[],[],[],["ColorlessPotion"],[],[],["CultistPotion"],[],[],[],[],[],["SteroidPotion"],[],[],[],[],[],[],[],[],[],[],[],[],[],[],[],[],[],[],["BloodPotion"],[],[],[],[],[],[],[],[],[]],"relics":["Burning Blood","MealTicket","Centennial Puzzle","Ice Cream","Fusion Hammer","Orrery","Red Skull","Sundial","Incense Burner","Eternal Feather","Self Forming Clay","Philosopher\u0027s Stone","Shovel","Bag of Preparation","Boot","Pantograph","Ornamental Fan","Gremlin Horn","Bottled Tornado","StrikeDummy"],"potions_floor_usage":[7,14,20,23,29,48],"damage_taken":[{"damage":0,"enemies":"2 Louse","floor":1,"turns":1},{"damage":4,"enemies":"Jaw Worm","floor":3,"turns":3},{"damage":9,"enemies":"Small Slimes","floor":4,"turns":3},{"damage":0,"enemies":"3 Louse","floor":5,"turns":1},{"damage":33,"enemies":"Gremlin Nob","floor":7,"turns":5},{"damage":0,"enemies":"Exordium Thugs","floor":10,"turns":3},{"damage":0,"enemies":"2 Fungi Beasts","floor":11,"turns":3},{"damage":0,"enemies":"Gremlin Gang","floor":12,"turns":1},{"damage":25,"enemies":"Lagavulin","floor":14,"turns":7},{"damage":30,"enemies":"Hexaghost","floor":16,"turns":11},{"damage":7,"enemies":"3 Byrds","floor":18,"turns":5},{"damage":24,"enemies":"Spheric Guardian","floor":19,"turns":6},{"damage":10,"enemies":"Shelled Parasite and Fungi","floor":20,"turns":5},{"damage":8,"enemies":"Chosen and Byrds","floor":21,"turns":7},{"damage":10,"enemies":"Book of Stabbing","floor":23,"turns":6},{"damage":9,"enemies":"Sentry and Sphere","floor":25,"turns":7},{"damage":7,"enemies":"Snecko","floor":28,"turns":5},{"damage":8,"enemies":"Gremlin Leader","floor":29,"turns":6},{"damage":6,"enemies":"Chosen and Byrds","floor":30,"turns":6},{"damage":5,"enemies":"Slavers","floor":31,"turns":5},{"damage":24,"enemies":"Collector","floor":33,"turns":13},{"damage":9,"enemies":"Orb Walker","floor":35,"turns":5},{"damage":1,"enemies":"3 Shapes","floor":36,"turns":7},{"damage":2,"enemies":"Maw","floor":37,"turns":12},{"damage":8,"enemies":"Jaw Worm Horde","floor":38,"turns":6},{"damage":11,"enemies":"3 Darklings","floor":39,"turns":6},{"damage":10,"enemies":"Giant Head","floor":40,"turns":6},{"damage":0,"enemies":"4 Shapes","floor":42,"turns":12},{"damage":6,"enemies":"Sphere and 2 Shapes","floor":44,"turns":6},{"damage":10,"enemies":"Reptomancer","floor":46,"turns":6},{"damage":11,"enemies":"Maw","floor":47,"turns":11},{"damage":10,"enemies":"Nemesis","floor":48,"turns":7},{"damage":15,"enemies":"Donu and Deca","floor":50,"turns":6},{"damage":15,"enemies":"Awakened One","floor":51,"turns":11},{"damage":32,"enemies":"Shield and Spear","floor":55,"turns":6},{"damage":10,"enemies":"The Heart","floor":56,"turns":8}],"green_key_taken_log":29,"seed_played":"-8854302378664202654","neow_bonus_log":{"cardsObtained":["Immolate"],"cardsUpgraded":[],"cardsRemoved":[],"cardsTransformed":[],"relicsObtained":[],"maxHpGained":0,"goldGained":0,"damageTaken":0,"goldLost":0,"maxHpLost":0},"potions_obtained":[{"floor":1,"key":"Ancient Potion"},{"floor":7,"key":"Energy Potion"},{"floor":10,"key":"Energy Potion"},{"floor":12,"key":"ColorlessPotion"},{"floor":19,"key":"CultistPotion"},{"floor":21,"key":"CultistPotion"},{"floor":23,"key":"Strength Potion"},{"floor":28,"key":"SteroidPotion"},{"floor":31,"key":"BloodPotion"},{"floor":36,"key":"Swift Potion"},{"floor":48,"key":"FairyPotion"}],"is_trial":false,"path_per_floor":["M","?","M","M","M","R","E","R","T","M","M","M","R","E","R","B",null,"M","M","M","M","$","E","?","M","T","$","M","E","M","E","R","B",null,"M","M","M","M","M","E","R","M","T","M","?","E","M","E","R","B","B",null,"R","$","E","B",null],"character_chosen":"IRONCLAD","basemod:card_modifiers":[null,null,null,null,null,null,null,null,null,null,null,null,null,null,null,null,null,null,null,null,null,null,null,null,null,null,null,null,null,null,null,null,null],"items_purchased":["Orrery","Red Skull","Fiend Fire","Bottled Tornado"],"campfire_rested":0,"item_purchase_floors":[22,22,27,54],"current_hp_per_floor":[74,74,75,72,75,75,48,48,48,54,60,66,66,47,47,23,62,61,43,39,37,52,48,48,45,45,60,59,57,57,58,75,57,71,68,73,75,73,68,64,75,75,75,75,75,71,66,75,75,66,66,73,75,75,49,70],"gold":110,"neow_bonus":"ONE_RANDOM_RARE_CARD","is_prod":false,"is_daily":false,"rewards_skipped":[{"floor":33,"relics":[],"potions":["EssenceOfSteel"]},{"floor":38,"relics":[],"potions":["Energy Potion"]},{"floor":42,"relics":[],"potions":["DuplicationPotion"]},{"floor":46,"relics":[],"potions":["PowerPotion"]},{"floor":55,"relics":[],"potions":["FairyPotion"]}],"chose_seed":false,"campfire_upgraded":4,"win_rate":0,"floor_exit_playtime":[106,132,163,194,207,213,280,443,446,516,537,546,555,625,633,738,781,843,944,1086,1194,1250,1400,1434,1569,1572,1580,1760,1966,2133,2260,2264,2542,2603,2699,2846,3139,3276,3384,3519,3526,3672,3675,3819,3821,4036,4204,4391,4394,4686,4981,4992,4995,5040,5239,5676],"timestamp":1708040040,"blue_key_relic_skipped_log":{"floor":43,"relicID":"Bottled Lightning"},"path_taken":["M","?","M","M","M","R","E","R","T","M","M","M","R","E","R","BOSS","M","M","M","M","$","E","?","M","T","$","M","E","M","E","R","BOSS","M","M","M","M","M","E","R","M","T","M","?","E","M","E","R","BOSS","BOSS","R","$","E","BOSS"],"build_version":"2022-12-18","purchased_purges":1,"victory":true,"max_hp_per_floor":[75,75,75,75,75,75,75,75,75,75,75,75,75,75,75,75,75,75,75,75,75,75,75,75,75,75,75,75,75,75,75,75,75,75,75,75,75,75,75,75,75,75,75,75,75,75,75,75,75,75,75,75,75,75,75,75],"relic_stats":{"Ice Cream":[564],"Gremlin Horn":[1,1],"counters":[36,224],"Self Forming Clay":[150],"Eternal Feather":30,"Bag of Preparation":[18],"Bottled Tornado":"Dark Embrace","Boot":[33],"Burning Blood":204,"Centennial Puzzle":[81],"Shovel":3,"Sundial":[534],"Ornamental Fan":[180],"Pantograph":34,"MealTicket":30,"obtain_stats":[{"Ice Cream":14,"Gremlin Horn":53,"Self Forming Clay":31,"Eternal Feather":29,"Incense Burner":26,"Bag of Preparation":41,"Bottled Tornado":54,"Boot":46,"Burning Blood":0,"Centennial Puzzle":9,"Shovel":40,"Sundial":23,"Ornamental Fan":49,"Pantograph":48,"Orrery":22,"MealTicket":7,"Philosopher\u0027s Stone":34,"Fusion Hammer":17,"StrikeDummy":55,"Red Skull":22},{"Ice Cream":9,"Gremlin Horn":34,"Self Forming Clay":20,"Eternal Feather":18,"Incense Burner":16,"Bag of Preparation":27,"Bottled Tornado":34,"Boot":30,"Burning Blood":0,"Centennial Puzzle":5,"Shovel":27,"Sundial":15,"Ornamental Fan":32,"Pantograph":32,"Orrery":14,"MealTicket":5,"Philosopher\u0027s Stone":21,"Fusion Hammer":10,"StrikeDummy":35,"Red Skull":14},{"Ice Cream":27,"Gremlin Horn":210,"Self Forming Clay":96,"Eternal Feather":85,"Incense Burner":74,"Bag of Preparation":151,"Bottled Tornado":210,"Boot":175,"Burning Blood":0,"Centennial Puzzle":13,"Shovel":151,"Sundial":67,"Ornamental Fan":193,"Pantograph":193,"Orrery":61,"MealTicket":13,"Philosopher\u0027s Stone":109,"Fusion Hammer":38,"StrikeDummy":216,"Red Skull":61}]},"card_choices":[{"not_picked":["Iron Wave","Sword Boomerang"],"picked":"Shrug It Off","floor":1},{"not_picked":["Havoc","Dark Embrace"],"picked":"Evolve","floor":3},{"not_picked":["Evolve","Body Slam"],"picked":"Second Wind","floor":4},{"not_picked":["Twin Strike","Seeing Red"],"picked":"Armaments","floor":5},{"not_picked":["Armaments","Rage"],"picked":"Feel No Pain","floor":7},{"not_picked":["Body Slam","Flex"],"picked":"Clothesline","floor":10},{"not_picked":["Searing Blow","Heavy Blade","Metallicize"],"picked":"SKIP","floor":11},{"not_picked":["Battle Trance","Flame Barrier"],"picked":"Disarm","floor":12},{"not_picked":["Sword Boomerang","Intimidate"],"picked":"Spot Weakness","floor":14},{"not_picked":["Exhume","Barricade"],"picked":"Offering","floor":16},{"not_picked":["Evolve","Carnage"],"picked":"Burning Pact","floor":18},{"not_picked":["Pommel Strike","Dual Wield+1"],"picked":"Power Through","floor":19},{"not_picked":["Flex","Headbutt"],"picked":"Battle Trance","floor":20},{"not_picked":["Ghostly Armor","Cleave"],"picked":"Headbutt","floor":21},{"not_picked":["Iron Wave","Cleave+1"],"picked":"Impervious","floor":22},{"not_picked":["Sever Soul","Metallicize"],"picked":"Dark Embrace","floor":22},{"not_picked":["Clothesline+1","Cleave","Combust"],"picked":"SKIP","floor":22},{"not_picked":["Armaments","Clothesline","Ghostly Armor"],"picked":"SKIP","floor":22},{"not_picked":["Twin Strike+1","Thunderclap","Battle Trance"],"picked":"SKIP","floor":22},{"not_picked":["Flex","Clothesline+1","Dropkick"],"picked":"SKIP","floor":23},{"not_picked":["Seeing Red","Flex"],"picked":"Shrug It Off","floor":25},{"not_picked":["Sword Boomerang","Fire Breathing"],"picked":"Pommel Strike+1","floor":28},{"not_picked":["Body Slam","Dark Embrace"],"picked":"Bloodletting","floor":29},{"not_picked":["Second Wind","Rupture","Thunderclap"],"picked":"SKIP","floor":30},{"not_picked":["Thunderclap","Reckless Charge"],"picked":"Pommel Strike","floor":31},{"not_picked":["Limit Break","Demon Form"],"picked":"Barricade","floor":33},{"not_picked":["Inflame","Flex","Sword Boomerang"],"picked":"SKIP","floor":35},{"not_picked":["Flex","Iron Wave+1","Twin Strike"],"picked":"SKIP","floor":36},{"not_picked":["Headbutt","Barricade","Flame Barrier+1"],"picked":"SKIP","floor":37},{"not_picked":["Flex","Dropkick+1","Armaments"],"picked":"SKIP","floor":38},{"not_picked":["Warcry","Ghostly Armor","Clothesline"],"picked":"SKIP","floor":39},{"not_picked":["Wild Strike","Anger+1","Twin Strike"],"picked":"SKIP","floor":40},{"not_picked":["Twin Strike+1","Ghostly Armor","Spot Weakness"],"picked":"SKIP","floor":44},{"not_picked":["Rage+1","Evolve"],"picked":"Shrug It Off+1","floor":46},{"not_picked":["Iron Wave","Havoc","Warcry"],"picked":"SKIP","floor":47},{"not_picked":["Cleave","Perfected Strike"],"picked":"Burning Pact+1","floor":48},{"not_picked":["Metallicize","Battle Trance","Whirlwind"],"picked":"SKIP","floor":55}],"player_experience":6086890,"relics_obtained":[{"floor":7,"key":"MealTicket"},{"floor":9,"key":"Centennial Puzzle"},{"floor":14,"key":"Ice Cream"},{"floor":23,"key":"Sundial"},{"floor":26,"key":"Incense Burner"},{"floor":29,"key":"Eternal Feather"},{"floor":31,"key":"Self Forming Clay"},{"floor":40,"key":"Shovel"},{"floor":41,"key":"Bag of Preparation"},{"floor":46,"key":"Boot"},{"floor":48,"key":"Pantograph"},{"floor":49,"key":"Ornamental Fan"},{"floor":53,"key":"Gremlin Horn"},{"floor":55,"key":"StrikeDummy"}],"event_choices":[{"cards_removed":["Strike_R"],"damage_healed":0,"gold_gain":0,"player_choice":"Card Removal","damage_taken":0,"max_hp_gain":0,"max_hp_loss":0,"event_name":"The Cleric","floor":2,"gold_loss":75},{"damage_healed":0,"gold_gain":0,"player_choice":"Simplicity","damage_taken":0,"max_hp_gain":0,"max_hp_loss":0,"event_name":"Back to Basics","floor":24,"gold_loss":0,"cards_upgraded":["Strike_R","Strike_R","Strike_R","Strike_R","Defend_R","Defend_R","Defend_R","Defend_R"]},{"damage_healed":0,"gold_gain":0,"player_choice":"Ignored","damage_taken":0,"max_hp_gain":0,"max_hp_loss":0,"event_name":"Tomb of Lord Red Mask","floor":45,"gold_loss":0}],"is_beta":false,"boss_relics":[{"not_picked":["Busted Crown","Sozu"],"picked":"Fusion Hammer"},{"not_picked":["Cursed Key","Tiny House"],"picked":"Philosopher\u0027s Stone"}],"items_purged_floors":[54],"is_endless":false,"potions_floor_spawned":[1,7,10,12,19,21,23,28,31,33,36,38,42,46,48,55],"ascension_level":20,"potion_discard_per_floor":[[],[],[],[],[],[],[],[],[],[],[],["Energy Potion"],[],[],[],[],[],[],[],[],[],[],[],[],[],[],[],["CultistPotion"],[],[],[],[],[],[],[],["Strength Potion"],[],[],[],[],[],[],[],[],[],[],[],[],[],[],[],[],[],[],[],[],[]]}