{"neow_bonuses_skipped_log":["UPGRADE_CARD","RANDOM_COLORLESS_2","BOSS_RELIC"],"potions_obtained_entropic_brew":[[],[],[],[],[],[],[],["SkillPotion","PowerPotion"],[],[],[],[],[],[],[],[],[],[],[],[],[],[],[],[],[],[],[],[],[],[],[],[],[],[],[],[],[],[],[],[],[]],"neow_costs_skipped_log":["NONE","NO_GOLD","NONE"],"gold_per_floor":[110,128,53,71,71,71,96,108,108,108,108,33,62,82,82,158,158,168,180,198,209,48,83,94,113,136,167,182,182,182,210,210,281,281,291,0,10,29,45,79,79],"floor_reached":41,"playtime":2376,"items_purged":[],"score":1094,"play_id":"d03a9bac-7455-4fb3-b1c8-57c7c3d7f014","local_time":"20240217151648","score_breakdown":["Floors Climbed (41): 205","Enemies Slain (16): 32","Exordium Elites Killed (2): 20","City Elites Killed (3): 60","Beyond Elites Killed (1): 30","Bosses Slain (2): 150","Librarian: 25","Well Fed: 25","Champion (1): 25","Ascension (20): 522"],"is_ascension_mode":true,"potions_obtained_alchemize":[[],[],[],[],[],[],[],[],[],[],[],[],[],[],[],[],[],[],[],[],[],[],[],[],[],[],[],[],[],[],[],[],[],[],[],[],[],[],[],[],[]],"campfire_choices":[{"floor":6,"key":"REST"},{"floor":10,"key":"REST"},{"data":"Blood for Blood","floor":15,"key":"SMITH"},{"floor":30,"key":"REST"},{"floor":32,"key":"REST"}],"lesson_learned_per_floor":[[],[],[],[],[],[],[],[],[],[],[],[],[],[],[],[],[],[],[],[],[],[],[],[],[],[],[],[],[],[],[],[],[],[],[],[],[],[],[],[],[]],"neow_cost":"NONE","improvable_cards":{},"seed_source_timestamp":10109769842914,"shop_contents":[{"floor":3,"relics":["PreservedInsect","Omamori","Toolbox"],"cards":["Wild Strike","Body Slam","Intimidate","Metallicize","Madness","HandOfGreed"],"potions":["Energy Potion","BloodPotion","DuplicationPotion"]},{"floor":22,"relics":["InkBottle","Red Skull","Sling"],"cards":["Sever Soul","Iron Wave","Impervious","Jack Of All Trades","Secret Weapon"],"potions":["SpeedPotion","DuplicationPotion","ElixirPotion"]},{"floor":36,"relics":["Eternal Feather","Frozen Egg 2","HandDrill"],"cards":["Iron Wave","Anger","Spot Weakness","Flex","Fire Breathing","Deep Breath","Thinking Ahead"],"potions":["Regen Potion","FairyPotion","BlessingOfTheForge"]}],"circlet_count":0,"master_deck":["AscendersBane","Strike_R","Strike_R","Strike_R","Defend_R","Defend_R","Defend_R","Defend_R","Bash","Evolve","Inflame+1","Power Through+1","Blood for Blood+1","Second Wind","Hemokinesis","Bloodletting","Fiend Fire","Anger","Pommel Strike","Brutality","Power Through","Feel No Pain","Spot Weakness","Pommel Strike","True Grit+1","Feel No Pain","Shrug It Off","Feed","CurseOfTheBell","Havoc+1","Armaments","Shrug It Off","Pommel Strike+1","True Grit+1","Warcry+1"],"potion_use_per_floor":[[],[],[],[],[],[],[],["ElixirPotion","EntropicBrew"],[],[],[],[],[],[],[],["PowerPotion"],[],[],[],[],[],[],["SkillPotion"],[],[],[],["HeartOfIron"],[],[],[],[],[],[],[],[],[],[],[],[],[],["Dexterity Potion"]],"relics":["Burning Blood","Bag of Preparation","Orichalcum","Gremlin Horn","Mummified Hand","Runic Pyramid","Unceasing Top","Happy Flower","Singing Bowl","Strawberry","Calling Bell","Ancient Tea Set","The Courier","Thread and Needle","Vajra","Bag of Marbles","Pantograph"],"potions_floor_usage":[8,8,16,23,27,41],"damage_taken":[{"damage":0,"enemies":"2 Louse","floor":1,"turns":4},{"damage":10,"enemies":"Small Slimes","floor":2,"turns":5},{"damage":21,"enemies":"Jaw Worm","floor":4,"turns":6},{"damage":10,"enemies":"3 Sentries","floor":7,"turns":10},{"damage":24,"enemies":"Exordium Thugs","floor":8,"turns":6},{"damage":16,"enemies":"Lagavulin","floor":13,"turns":7},{"damage":6,"enemies":"Large Slime","floor":14,"turns":6},{"damage":22,"enemies":"Slime Boss","floor":16,"turns":8},{"damage":5,"enemies":"2 Thieves","floor":18,"turns":5},{"damage":2,"enemies":"Chosen","floor":19,"turns":3},{"damage":6,"enemies":"Centurion and Healer","floor":20,"turns":4},{"damage":4,"enemies":"Chosen and Byrds","floor":21,"turns":4},{"damage":28,"enemies":"Slavers","floor":23,"turns":5},{"damage":17,"enemies":"Snake Plant","floor":24,"turns":3},{"damage":17,"enemies":"3 Cultists","floor":25,"turns":6},{"damage":15,"enemies":"Book of Stabbing","floor":27,"turns":5},{"damage":10,"enemies":"Centurion and Healer","floor":28,"turns":5},{"damage":24,"enemies":"Slavers","floor":31,"turns":4},{"damage":21,"enemies":"Champ","floor":33,"turns":13},{"damage":31,"enemies":"3 Shapes","floor":35,"turns":7},{"damage":7,"enemies":"3 Darklings","floor":37,"turns":6},{"damage":5,"enemies":"4 Shapes","floor":38,"turns":10},{"damage":32,"enemies":"Spire Growth","floor":39,"turns":4},{"damage":11,"enemies":"Reptomancer","floor":40,"turns":7},{"damage":34,"enemies":"Maw","floor":41,"turns":7}],"seed_played":"8027573453006297314","neow_bonus_log":{"cardsObtained":[],"cardsUpgraded":[],"cardsRemoved":[],"cardsTransformed":[],"relicsObtained":["Bag of Preparation"],"maxHpGained":0,"goldGained":0,"damageTaken":0,"goldLost":0,"maxHpLost":0},"potions_obtained":[{"floor":1,"key":"SmokeBomb"},{"floor":4,"key":"ElixirPotion"},{"floor":7,"key":"EntropicBrew"},{"floor":19,"key":"Ancient Potion"},{"floor":21,"key":"HeartOfIron"},{"floor":23,"key":"ElixirPotion"},{"floor":31,"key":"EssenceOfSteel"},{"floor":33,"key":"SteroidPotion"},{"floor":38,"key":"Dexterity Potion"}],"is_trial":false,"path_per_floor":["M","M","$","M","?","R","E","M","T","R","?","?","E","M","R","B",null,"M","M","M","M","$","E","M","M","T","E","M","?","R","E","R","B",null,"M","$","M","M","M","E","M"],"character_chosen":"IRONCLAD","basemod:card_modifiers":[null,null,null,null,null,null,null,null,null,null,null,null,null,null,null,null,null,null,null,null,null,null,null,null,null,null,null,null,null,null,null,null,null,null,null],"items_purchased":["Power Through","Feel No Pain","Spot Weakness","Armaments","Vajra","Bag of Marbles"],"campfire_rested":4,"item_purchase_floors":[3,22,22,36,36,36],"current_hp_per_floor":[74,70,70,55,32,54,50,32,32,54,47,47,37,37,37,21,62,63,67,67,69,69,47,36,25,25,16,14,14,37,26,51,36,72,50,50,53,58,32,31,0],"gold":79,"neow_bonus":"RANDOM_COMMON_RELIC","is_prod":false,"is_daily":false,"rewards_skipped":[{"floor":39,"relics":[],"potions":["Weak Potion"]},{"floor":40,"relics":[],"potions":["Block Potion"]}],"chose_seed":false,"campfire_upgraded":1,"win_rate":0,"floor_exit_playtime":[48,90,98,150,158,162,257,379,384,389,394,403,456,527,532,614,641,701,744,801,862,878,961,997,1102,1106,1185,1232,1265,1268,1331,1338,1548,1612,1758,1781,1899,2056,2105,2250],"timestamp":1708201008,"path_taken":["M","M","$","M","?","R","E","M","T","R","?","?","E","M","R","BOSS","M","M","M","M","$","E","M","?","T","E","M","?","R","E","R","BOSS","M","$","M","?","M","E","M"],"build_version":"2022-12-18","purchased_purges":0,"victory":false,"max_hp_per_floor":[75,75,75,75,75,75,75,75,75,75,75,75,75,75,75,75,75,75,75,75,75,75,75,75,75,75,75,77,77,77,84,84,84,84,87,87,91,95,95,99,99],"relic_stats":{"Gremlin Horn":[31,31],"Happy Flower":[22],"Singing Bowl":2,"counters":[25,150],"The Courier":72,"Bag of Preparation":[50],"Orichalcum":[246],"Ancient Tea Set":[0],"Burning Blood":144,"Mummified Hand":[67],"Pantograph":0,"obtain_stats":[{"Gremlin Horn":9,"Happy Flower":26,"Singing Bowl":27,"Vajra":36,"Thread and Needle":34,"The Courier":34,"Bag of Preparation":0,"Orichalcum":7,"Ancient Tea Set":34,"Burning Blood":0,"Calling Bell":34,"Mummified Hand":13,"Strawberry":31,"Pantograph":40,"Bag of Marbles":36,"Unceasing Top":23,"Runic Pyramid":17},{"Gremlin Horn":5,"Happy Flower":15,"Singing Bowl":16,"Vajra":20,"Thread and Needle":19,"The Courier":19,"Bag of Preparation":0,"Orichalcum":4,"Ancient Tea Set":19,"Burning Blood":0,"Calling Bell":19,"Mummified Hand":6,"Strawberry":18,"Pantograph":24,"Bag of Marbles":20,"Unceasing Top":13,"Runic Pyramid":8},{"Gremlin Horn":31,"Happy Flower":82,"Singing Bowl":87,"Vajra":116,"Thread and Needle":109,"The Courier":109,"Bag of Preparation":0,"Orichalcum":25,"Ancient Tea Set":109,"Burning Blood":0,"Calling Bell":109,"Mummified Hand":38,"Strawberry":96,"Pantograph":143,"Bag of Marbles":116,"Unceasing Top":73,"Runic Pyramid":52}],"Unceasing Top":[5]},"card_choices":[{"not_picked":["Feel No Pain","Warcry"],"picked":"Evolve","floor":1},{"not_picked":["Burning Pact","Flame Barrier"],"picked":"Inflame","floor":2},{"not_picked":["Heavy Blade","Reckless Charge"],"picked":"Blood for Blood","floor":4},{"not_picked":["Hemokinesis","Dark Embrace"],"picked":"Second Wind","floor":7},{"not_picked":["Inflame","Searing Blow"],"picked":"Hemokinesis","floor":8},{"not_picked":["Armaments","Thunderclap","Heavy Blade"],"picked":"SKIP","floor":13},{"not_picked":["Shrug It Off","Uppercut"],"picked":"Bloodletting","floor":14},{"not_picked":["Limit Break","Immolate"],"picked":"Fiend Fire","floor":16},{"not_picked":["Warcry","Headbutt"],"picked":"Anger","floor":18},{"not_picked":["Clothesline","Sentinel"],"picked":"Pommel Strike","floor":19},{"not_picked":["Reckless Charge","Sever Soul"],"picked":"Brutality","floor":20},{"not_picked":["Headbutt+1","Flex"],"picked":"Power Through","floor":21},{"not_picked":["Clothesline","Rage"],"picked":"Pommel Strike","floor":23},{"not_picked":["Havoc","Intimidate"],"picked":"True Grit+1","floor":27},{"not_picked":["Pommel Strike","Spot Weakness","Wild Strike"],"picked":"Singing Bowl","floor":28},{"not_picked":["Body Slam","Perfected Strike"],"picked":"Shrug It Off","floor":31},{"not_picked":["Juggernaut","Double Tap"],"picked":"Feed","floor":33},{"not_picked":["Body Slam","Whirlwind+1"],"picked":"Havoc+1","floor":35},{"not_picked":["Sword Boomerang+1","Rage"],"picked":"Shrug It Off","floor":37},{"not_picked":["Flex+1","Sentinel"],"picked":"Pommel Strike+1","floor":38},{"not_picked":["Havoc","Evolve"],"picked":"True Grit+1","floor":39},{"not_picked":["True Grit","Rampage"],"picked":"Warcry+1","floor":40}],"player_experience":6147969,"relics_obtained":[{"floor":7,"key":"Orichalcum"},{"floor":9,"key":"Gremlin Horn"},{"floor":13,"key":"Mummified Hand"},{"floor":23,"key":"Unceasing Top"},{"floor":26,"key":"Happy Flower"},{"floor":27,"key":"Singing Bowl"},{"floor":31,"key":"Strawberry"},{"floor":34,"key":"Ancient Tea Set"},{"floor":34,"key":"The Courier"},{"floor":34,"key":"Thread and Needle"},{"floor":40,"key":"Pantograph"}],"event_choices":[{"damage_healed":0,"gold_gain":0,"player_choice":"Entered Light","damage_taken":23,"max_hp_gain":0,"max_hp_loss":0,"event_name":"Shining Light","floor":5,"gold_loss":0,"cards_upgraded":["Inflame","Power Through"]},{"cards_removed":["Strike_R"],"damage_healed":0,"gold_gain":0,"player_choice":"Card Removal","damage_taken":7,"max_hp_gain":0,"max_hp_loss":0,"event_name":"Golden Wing","floor":11,"gold_loss":0},{"cards_removed":["Strike_R"],"damage_healed":0,"gold_gain":0,"player_choice":"Card Removal","damage_taken":0,"max_hp_gain":0,"max_hp_loss":0,"event_name":"The Cleric","floor":12,"gold_loss":75},{"damage_healed":0,"gold_gain":0,"player_choice":"Copied","damage_taken":0,"max_hp_gain":0,"max_hp_loss":0,"event_name":"Duplicator","floor":29,"gold_loss":0,"cards_obtained":["Feel No Pain"]}],"is_beta":false,"boss_relics":[{"not_picked":["SacredBark","Fusion Hammer"],"picked":"Runic Pyramid"},{"not_picked":["Astrolabe","Black Star"],"picked":"Calling Bell"}],"items_purged_floors":[],"is_endless":false,"potions_floor_spawned":[1,4,7,19,21,23,31,33,38,39,40],"killed_by":"Maw","ascension_level":20,"potion_discard_per_floor":[[],[],[],[],[],[],["SmokeBomb"],[],[],[],[],[],[],[],[],[],[],[],[],[],["Ancient Potion"],[],[],[],[],[],[],[],[],[],[],[],["ElixirPotion"],[],[],[],[],["EssenceOfSteel"],[],[],[]]}