{"neow_bonuses_skipped_log":["THREE_SMALL_POTIONS","REMOVE_TWO","BOSS_RELIC"],"potions_obtained_entropic_brew":[[],[],[],[],[],[],[],[],[],[],[],[],[],[],[],[],[],[],[],[],[],[],[],[],[],[],[],[],[],[],[],[],[],[],[],[],[],[],[],[],[],[],[],[],[],[],[],[],[],[]],"neow_costs_skipped_log":["NONE","NO_GOLD","NONE"],"gold_per_floor":[116,133,152,152,152,152,187,203,230,243,272,272,302,336,336,411,411,411,411,411,411,411,411,411,111,111,111,111,24,24,24,24,24,24,24,24,24,24,24,24,24,24,24,24,24,24,24,24,24,24],"floor_reached":50,"playtime":4112,"items_purged":[],"score":1574,"play_id":"da2c9404-7002-4282-b110-cb95c0cf5b5d","local_time":"20240225204737","score_breakdown":["Floors Climbed (50): 250","Enemies Slain (16): 32","Exordium Elites Killed (3): 30","City Elites Killed (3): 60","Beyond Elites Killed (3): 90","Bosses Slain (2): 150","Champion (7): 175","Ascension (20): 787"],"is_ascension_mode":true,"potions_obtained_alchemize":[[],[],[],[],[],[],[],[],[],[],[],[],["SkillPotion"],[],[],["FearPotion"],[],["SteroidPotion"],[],["Ancient Potion"],["DuplicationPotion"],[],["Fire Potion"],[],[],[],[],["Energy Potion"],[],["LiquidMemories"],["LiquidBronze"],[],["SpeedPotion"],[],[],[],["CunningPotion"],[],["GhostInAJar"],[],[],[],[],[],[],[],[],[],[],["BlessingOfTheForge"]],"campfire_choices":[{"data":"Dagger Spray","floor":6,"key":"SMITH"},{"data":"Well Laid Plans","floor":12,"key":"SMITH"},{"data":"Masterful Stab","floor":15,"key":"SMITH"},{"floor":24,"key":"REST"},{"data":"Phantasmal Killer","floor":32,"key":"SMITH"},{"data":"Wraith Form v2","floor":46,"key":"SMITH"},{"floor":49,"key":"RECALL"}],"lesson_learned_per_floor":[[],[],[],[],[],[],[],[],[],[],[],[],[],[],[],[],[],[],[],[],[],[],[],[],[],[],[],[],[],[],[],[],[],[],[],[],[],[],[],[],[],[],[],[],[],[],[],[],[],[]],"neow_cost":"NONE","improvable_cards":{},"seed_source_timestamp":19939452680146,"shop_contents":[{"floor":25,"relics":["Ancient Tea Set"],"cards":["Endless Agony","Heel Hook","Deadly Poison","Phantasmal Killer","Accuracy","Dark Shackles","Secret Technique"],"potions":["SmokeBomb","Ancient Potion","Fire Potion"]},{"floor":29,"relics":["PreservedInsect","Tiny Chest"],"cards":["Endless Agony+1","Flying Knee+1","Distraction","Expertise","Caltrops","Blind","Sadistic Nature"],"potions":["LiquidBronze","FearPotion","Block Potion"]}],"circlet_count":0,"master_deck":["AscendersBane","Survivor","Neutralize","Well Laid Plans+1","Masterful Stab+1","Dagger Spray+1","Sucker Punch","Leg Sweep","Venomology","Die Die Die","Phantasmal Killer+1","PiercingWail","Blade Dance+1","PiercingWail","Calculated Gamble+1","Phantasmal Killer","PiercingWail+1","After Image","Setup","Distraction","Accuracy","Setup","Wraith Form v2+1","Glass Knife+1","Calculated Gamble","Masterful Stab+1","Footwork+1","Bandage Up","Well Laid Plans","Footwork+1","Dodge and Roll"],"potion_use_per_floor":[[],[],[],[],[],[],[],[],[],[],[],[],["Explosive Potion"],["Fire Potion"],[],["SkillPotion"],[],["DistilledChaos"],[],[],["GamblersBrew"],[],["Ancient Potion"],[],[],[],[],["SteroidPotion"],[],["Energy Potion"],["Fire Potion"],[],["SkillPotion"],[],[],[],[],[],["CunningPotion"],[],[],[],[],[],[],[],[],[],[],["DistilledChaos","DuplicationPotion","LiquidMemories","GhostInAJar"]],"relics":["Ring of the Snake","Bag of Marbles","Pocketwatch","Orichalcum","Potion Belt","Odd Mushroom","Art of War","Ectoplasm","War Paint","Membership Card","Mummified Hand","Bronze Scales","Molten Egg 2","ClockworkSouvenir","CeramicFish","Pandora\u0027s Box","The Courier","MawBank","Frozen Egg 2","Incense Burner","Omamori"],"potions_floor_usage":[13,14,16,18,21,23,28,30,31,33,39,50,50,50,50],"damage_taken":[{"damage":0,"enemies":"2 Louse","floor":1,"turns":3},{"damage":0,"enemies":"Cultist","floor":2,"turns":3},{"damage":2,"enemies":"Jaw Worm","floor":3,"turns":5},{"damage":13,"enemies":"3 Sentries","floor":7,"turns":8},{"damage":0,"enemies":"3 Louse","floor":8,"turns":3},{"damage":1,"enemies":"Large Slime","floor":10,"turns":4},{"damage":0,"enemies":"Lagavulin","floor":11,"turns":9},{"damage":0,"enemies":"The Mushroom Lair","floor":13,"turns":3},{"damage":0,"enemies":"Gremlin Nob","floor":14,"turns":3},{"damage":20,"enemies":"Slime Boss","floor":16,"turns":11},{"damage":0,"enemies":"Chosen","floor":18,"turns":2},{"damage":0,"enemies":"3 Byrds","floor":20,"turns":5},{"damage":0,"enemies":"Centurion and Healer","floor":21,"turns":7},{"damage":0,"enemies":"Gremlin Leader","floor":23,"turns":5},{"damage":0,"enemies":"Cultist and Chosen","floor":27,"turns":4},{"damage":0,"enemies":"Slavers","floor":28,"turns":3},{"damage":0,"enemies":"Gremlin Leader","floor":30,"turns":6},{"damage":0,"enemies":"Chosen and Byrds","floor":31,"turns":2},{"damage":33,"enemies":"Champ","floor":33,"turns":14},{"damage":0,"enemies":"Orb Walker","floor":35,"turns":3},{"damage":0,"enemies":"3 Darklings","floor":37,"turns":3},{"damage":0,"enemies":"Transient","floor":39,"turns":6},{"damage":0,"enemies":"Nemesis","floor":40,"turns":5},{"damage":0,"enemies":"Jaw Worm Horde","floor":41,"turns":3},{"damage":0,"enemies":"Reptomancer","floor":42,"turns":4},{"damage":0,"enemies":"Mind Bloom Boss Battle","floor":44,"turns":6},{"damage":0,"enemies":"3 Darklings","floor":45,"turns":11},{"damage":0,"enemies":"Writhing Mass","floor":47,"turns":6},{"damage":38,"enemies":"Giant Head","floor":48,"turns":9},{"damage":44,"enemies":"Awakened One","floor":50,"turns":26}],"green_key_taken_log":42,"seed_played":"-8013060983326529706","neow_bonus_log":{"cardsObtained":["Well Laid Plans"],"cardsUpgraded":[],"cardsRemoved":[],"cardsTransformed":["Defend_G"],"relicsObtained":[],"maxHpGained":0,"goldGained":0,"damageTaken":0,"goldLost":0,"maxHpLost":0},"potions_obtained":[{"floor":1,"key":"Fire Potion"},{"floor":8,"key":"Explosive Potion"},{"floor":11,"key":"ColorlessPotion"},{"floor":13,"key":"Explosive Potion"},{"floor":14,"key":"GamblersBrew"},{"floor":16,"key":"DistilledChaos"},{"floor":31,"key":"SkillPotion"},{"floor":35,"key":"DistilledChaos"}],"is_trial":false,"path_per_floor":["M","M","M","?","?","R","E","M","T","M","E","R","?","E","R","B",null,"M","?","M","M","?","E","R","$","T","M","E","$","E","M","R","B",null,"M","?","M","?","M","E","M","E","T","?","M","R","M","E","R","B"],"character_chosen":"THE_SILENT","basemod:card_modifiers":[null,null,null,null,null,null,null,null,null,null,null,null,null,null,null,null,null,null,null,null,null,null,null,null,null,null,null,null,null,null,null],"items_purchased":["Membership Card","Mummified Hand","ClockworkSouvenir"],"campfire_rested":1,"item_purchase_floors":[25,25,29],"current_hp_per_floor":[59,59,57,52,52,52,39,39,39,38,38,38,38,38,38,18,54,54,54,54,54,36,36,57,57,57,57,57,57,57,57,57,24,59,59,59,59,49,53,57,61,61,61,65,69,69,71,37,37,0],"gold":24,"neow_bonus":"TRANSFORM_CARD","is_prod":false,"is_daily":false,"rewards_skipped":[{"floor":18,"relics":[],"potions":["Strength Potion"]},{"floor":21,"relics":[],"potions":["Block Potion"]},{"floor":27,"relics":[],"potions":["GamblersBrew"]},{"floor":41,"relics":[],"potions":["Energy Potion"]},{"floor":42,"relics":[],"potions":["Dexterity Potion"]},{"floor":48,"relics":[],"potions":["SkillPotion"]}],"chose_seed":false,"campfire_upgraded":5,"win_rate":0,"floor_exit_playtime":[55,101,147,157,163,172,258,296,299,345,437,442,491,547,580,802,918,977,999,1129,1232,1239,1332,1347,1394,1420,1493,1549,1606,1726,1769,1864,2127,2191,2244,2256,2315,2335,2450,2554,2612,2730,2734,2843,3058,3064,3242,3418,3421],"timestamp":1708912057,"blue_key_relic_skipped_log":{"floor":43,"relicID":"Ornamental Fan"},"path_taken":["M","M","M","?","?","R","E","M","T","M","E","R","?","E","R","BOSS","M","?","M","M","?","E","R","?","T","M","E","$","E","M","R","BOSS","M","?","M","?","M","E","M","E","T","?","?","R","M","E","R","BOSS"],"build_version":"2022-12-18","purchased_purges":0,"victory":false,"max_hp_per_floor":[66,66,66,66,66,66,66,66,66,66,66,66,66,66,66,66,66,66,66,66,66,71,71,71,71,71,71,71,71,71,71,71,71,71,71,71,71,71,71,71,71,71,71,71,71,71,71,71,71,71],"relic_stats":{"counters":[30,182],"CeramicFish":0,"The Courier":224,"Omamori":0,"Orichalcum":[276],"War Paint":["Defend_G","Blade Dance"],"MawBank":0,"Mummified Hand":[79],"Bronze Scales":[444],"Pandora\u0027s Box":["Setup","Distraction","Accuracy","Setup","Wraith Form v2","Glass Knife","Calculated Gamble","Masterful Stab"],"Ectoplasm":729,"Art of War":[27],"Membership Card":224,"obtain_stats":[{"Potion Belt":11,"CeramicFish":30,"The Courier":36,"Incense Burner":44,"Omamori":48,"Orichalcum":9,"Odd Mushroom":13,"War Paint":23,"Frozen Egg 2":42,"MawBank":40,"ClockworkSouvenir":29,"Mummified Hand":25,"Bronze Scales":26,"Molten Egg 2":28,"Pandora\u0027s Box":34,"Ectoplasm":17,"Bag of Marbles":4,"Art of War":14,"Membership Card":25,"Ring of the Snake":0,"Pocketwatch":7},{"Potion Belt":7,"CeramicFish":17,"The Courier":20,"Incense Burner":26,"Omamori":29,"Orichalcum":5,"Odd Mushroom":8,"War Paint":14,"Frozen Egg 2":25,"MawBank":23,"ClockworkSouvenir":16,"Mummified Hand":14,"Bronze Scales":14,"Molten Egg 2":16,"Pandora\u0027s Box":19,"Ectoplasm":10,"Bag of Marbles":3,"Art of War":9,"Membership Card":14,"Ring of the Snake":0,"Pocketwatch":4},{"Potion Belt":35,"CeramicFish":84,"The Courier":103,"Incense Burner":130,"Omamori":156,"Orichalcum":22,"Odd Mushroom":38,"War Paint":71,"Frozen Egg 2":124,"MawBank":117,"ClockworkSouvenir":78,"Mummified Hand":71,"Bronze Scales":71,"Molten Egg 2":78,"Pandora\u0027s Box":100,"Ectoplasm":52,"Bag of Marbles":11,"Art of War":41,"Membership Card":71,"Ring of the Snake":0,"Pocketwatch":19}],"Ring of the Snake":[60],"Pocketwatch":[219]},"card_choices":[{"not_picked":["Acrobatics","Flying Knee"],"picked":"Masterful Stab","floor":1},{"not_picked":["Catalyst","Infinite Blades"],"picked":"Dagger Spray","floor":2},{"not_picked":["Acrobatics","Deflect"],"picked":"Sucker Punch","floor":3},{"not_picked":["Dagger Spray","Acrobatics"],"picked":"Leg Sweep","floor":7},{"not_picked":["Prepared","All Out Attack","Heel Hook"],"picked":"SKIP","floor":8},{"not_picked":["Quick Slash","Backflip"],"picked":"Venomology","floor":11},{"not_picked":["Poisoned Stab","Caltrops","Choke"],"picked":"SKIP","floor":13},{"not_picked":["Setup","Riddle With Holes"],"picked":"Die Die Die","floor":14},{"not_picked":["Doppelganger","Unload"],"picked":"Phantasmal Killer","floor":16},{"not_picked":["Escape Plan","Blade Dance+1"],"picked":"PiercingWail","floor":18},{"not_picked":["Slice","Blur"],"picked":"Blade Dance","floor":20},{"not_picked":["Dash","Well Laid Plans"],"picked":"PiercingWail","floor":21},{"not_picked":["Flying Knee","Bane","Blur"],"picked":"SKIP","floor":23},{"not_picked":["Backstab","PiercingWail"],"picked":"Calculated Gamble+1","floor":27},{"not_picked":["Poisoned Stab+1","Dagger Throw+1"],"picked":"Phantasmal Killer","floor":28},{"not_picked":["Caltrops","Concentrate","Deflect"],"picked":"SKIP","floor":30},{"not_picked":["Riddle With Holes+1","Dagger Spray+1"],"picked":"PiercingWail+1","floor":31},{"not_picked":["Grand Finale+1","Phantasmal Killer"],"picked":"After Image","floor":33},{"not_picked":["Backflip","Distraction+1"],"picked":"Footwork+1","floor":35},{"not_picked":["Well Laid Plans","Crippling Poison","Prepared"],"picked":"SKIP","floor":37},{"not_picked":["Madness","Thinking Ahead"],"picked":"Bandage Up","floor":38},{"not_picked":["Secret Weapon","Swift Strike+1","Purity"],"picked":"SKIP","floor":38},{"not_picked":["Forethought","Enlightenment","Swift Strike+1"],"picked":"SKIP","floor":38},{"not_picked":["Bane+1","Quick Slash+1","Blade Dance"],"picked":"SKIP","floor":39},{"not_picked":["Blade Dance","Bane+1","Tactician"],"picked":"SKIP","floor":40},{"not_picked":["Underhanded Strike+1","Sucker Punch+1"],"picked":"Well Laid Plans","floor":41},{"not_picked":["Venomology","Slice+1","Sucker Punch+1"],"picked":"SKIP","floor":42},{"not_picked":["Crippling Poison","Outmaneuver"],"picked":"Footwork+1","floor":44},{"not_picked":["Catalyst","Concentrate","Sucker Punch+1"],"picked":"SKIP","floor":45},{"not_picked":["Die Die Die+1","Calculated Gamble+1"],"picked":"Dodge and Roll","floor":48}],"player_experience":6327079,"relics_obtained":[{"floor":7,"key":"Pocketwatch"},{"floor":9,"key":"Orichalcum"},{"floor":11,"key":"Potion Belt"},{"floor":13,"key":"Odd Mushroom"},{"floor":14,"key":"Art of War"},{"floor":23,"key":"War Paint"},{"floor":26,"key":"Bronze Scales"},{"floor":28,"key":"Molten Egg 2"},{"floor":30,"key":"CeramicFish"},{"floor":40,"key":"MawBank"},{"floor":42,"key":"Frozen Egg 2"},{"floor":44,"key":"Incense Burner"},{"floor":48,"key":"Omamori"}],"event_choices":[{"damage_healed":0,"gold_gain":0,"player_choice":"Success","damage_taken":5,"relics_obtained":["Bag of Marbles"],"max_hp_gain":0,"max_hp_loss":0,"event_name":"Scrap Ooze","floor":4,"gold_loss":0},{"damage_healed":0,"gold_gain":0,"player_choice":"Ignored","damage_taken":0,"max_hp_gain":0,"max_hp_loss":0,"event_name":"Shining Light","floor":5,"gold_loss":0},{"damage_healed":0,"gold_gain":0,"player_choice":"Fought Mushrooms","damage_taken":0,"max_hp_gain":0,"max_hp_loss":0,"event_name":"Mushrooms","floor":13,"gold_loss":0},{"cards_removed":["Strike_G"],"damage_healed":0,"gold_gain":0,"player_choice":"Offered Basic","damage_taken":0,"max_hp_gain":0,"max_hp_loss":0,"event_name":"Bonfire Elementals","floor":19,"gold_loss":0},{"damage_healed":0,"gold_gain":0,"player_choice":"Shed Blood","damage_taken":23,"max_hp_gain":5,"max_hp_loss":0,"event_name":"Forgotten Altar","floor":22,"gold_loss":0},{"damage_healed":0,"gold_gain":0,"player_choice":"Gave Potion","damage_taken":0,"relics_obtained":["The Courier"],"max_hp_gain":0,"max_hp_loss":0,"event_name":"WeMeetAgain","floor":36,"gold_loss":0},{"damage_healed":0,"gold_gain":0,"player_choice":"Memory 3","damage_taken":10,"max_hp_gain":0,"max_hp_loss":0,"event_name":"SensoryStone","floor":38,"gold_loss":0},{"damage_healed":0,"gold_gain":0,"player_choice":"Fight","damage_taken":0,"max_hp_gain":0,"max_hp_loss":0,"event_name":"MindBloom","floor":44,"gold_loss":0}],"is_beta":false,"boss_relics":[{"not_picked":["SlaversCollar","WristBlade"],"picked":"Ectoplasm"},{"not_picked":["Snecko Eye","Empty Cage"],"picked":"Pandora\u0027s Box"}],"items_purged_floors":[],"is_endless":false,"potions_floor_spawned":[1,8,11,13,14,16,18,21,27,31,35,41,42,48],"killed_by":"Awakened One","ascension_level":20,"potion_discard_per_floor":[[],[],[],[],[],[],[],[],[],[],[],[],[],[],[],["ColorlessPotion"],[],[],[],["Explosive Potion"],[],[],[],[],[],[],[],[],[],[],["LiquidBronze"],[],[],[],["FearPotion"],[],[],[],[],[],[],[],[],[],[],[],[],[],[],[]]}