{"neow_bonuses_skipped_log":["ONE_RANDOM_RARE_CARD","RANDOM_COMMON_RELIC","BOSS_RELIC"],"potions_obtained_entropic_brew":[[],[],[],[],[],[],[],[],[],[],[],[],[],[],[],[],[],[],[],[],[],[],[],[],[],[],[],[],[],[],[],[],[],[],[],[],[],[],[],[],[],[],[],[],[],[],[],[],[],[],[],[],[],[],[],[],[]],"neow_costs_skipped_log":["NONE","NONE","NONE"],"gold_per_floor":[359,359,374,119,139,139,174,188,188,188,223,223,223,223,223,309,309,328,353,129,157,184,220,241,275,323,349,58,88,197,226,226,304,304,314,336,16,40,58,94,94,113,122,149,149,174,215,215,215,215,215,215,215,27,55,55],"floor_reached":57,"playtime":4553,"items_purged":["Strike_R","Strike_R","Strike_R","Strike_R","Bash"],"score":2935,"play_id":"eaff0098-548a-4e29-b916-463112caf38a","local_time":"20240225193756","score_breakdown":["Floors Climbed (57): 285","Enemies Slain (15): 30","Exordium Elites Killed (2): 20","City Elites Killed (4): 80","Beyond Elites Killed (3): 90","Bosses Slain (5): 750","Money Money (1346): 25","Collector (1): 25","Librarian: 25","Champion (1): 25","Overkill: 25","Ascension (20): 1305","Heartbreaker: 250"],"is_ascension_mode":true,"potions_obtained_alchemize":[[],[],[],[],[],[],[],[],[],[],[],[],[],[],[],[],[],[],[],[],[],[],[],[],[],[],[],[],[],[],[],[],[],[],[],[],[],[],[],[],[],[],[],[],[],[],[],[],[],[],[],[],[],[],[],[],[]],"campfire_choices":[{"data":"Uppercut","floor":6,"key":"SMITH"},{"data":"Whirlwind","floor":10,"key":"SMITH"},{"data":"Spot Weakness","floor":13,"key":"SMITH"},{"data":"Intimidate","floor":15,"key":"SMITH"},{"data":"Armaments","floor":32,"key":"SMITH"},{"floor":41,"key":"RECALL"},{"data":"Dark Embrace","floor":49,"key":"SMITH"},{"data":"Feel No Pain","floor":53,"key":"SMITH"}],"lesson_learned_per_floor":[[],[],[],[],[],[],[],[],[],[],[],[],[],[],[],[],[],[],[],[],[],[],[],[],[],[],[],[],[],[],[],[],[],[],[],[],[],[],[],[],[],[],[],[],[],[],[],[],[],[],[],[],[],[],[],[],[]],"neow_cost":"TEN_PERCENT_HP_LOSS","improvable_cards":{},"seed_source_timestamp":15284943715761,"shop_contents":[{"floor":4,"relics":["Frozen Egg 2","War Paint","HandDrill"],"cards":["Heavy Blade","Warcry","Metallicize","Forethought","Magnetism"],"potions":["Fruit Juice","EssenceOfSteel"]},{"floor":20,"relics":["Ancient Tea Set","Eternal Feather"],"cards":["Thunderclap","Heavy Blade","Intimidate","Limit Break","Impatience","Master of Strategy"],"potions":["Dexterity Potion","BloodPotion","Block Potion"]},{"floor":28,"relics":["Darkstone Periapt","Whetstone"],"cards":["Wild Strike","Bludgeon","Armaments","Havoc","Good Instincts","Secret Weapon"],"potions":["HeartOfIron","Explosive Potion","Regen Potion"]},{"floor":37,"relics":["Blood Vial"],"cards":["Anger","Headbutt","Shrug It Off","Evolve","Trip","Apotheosis"],"potions":["AttackPotion","DistilledChaos","GamblersBrew"]},{"floor":54,"relics":["Boot","Letter Opener"],"cards":["Sword Boomerang","Twin Strike","Dark Embrace","Madness","Mayhem"],"potions":["Swift Potion","Dexterity Potion"]}],"circlet_count":0,"master_deck":["AscendersBane","Defend_R","Defend_R","Defend_R","Defend_R","Shrug It Off","Uppercut+1","Spot Weakness+1","Whirlwind+1","Double Tap","Metallicize","Intimidate+1","Battle Trance","Reaper","Bloodletting","Combust","Offering","Shrug It Off+1","Headbutt","Feel No Pain+1","Havoc","Power Through+1","Body Slam","Blood for Blood","Dark Embrace+1","Warcry+1","Armaments+1","Shockwave","Burning Pact","Shrug It Off","Dark Shackles","Violence","Shrug It Off","Pain","Shrug It Off","Rage+1","Second Wind","Shrug It Off"],"potion_use_per_floor":[[],[],[],[],[],[],["Block Potion"],[],[],[],["EssenceOfSteel"],[],[],[],[],["Strength Potion"],[],[],[],[],[],[],[],[],[],[],[],[],[],[],[],[],[],[],[],[],[],[],[],[],[],[],[],[],[],[],[],[],[],[],[],[],[],[],[],["PowerPotion","SpeedPotion"],[]],"relics":["Burning Blood","Smiling Mask","Self Forming Clay","CeramicFish","Mercury Hourglass","HornCleat","Runic Pyramid","Orrery","Turnip","Oddly Smooth Stone","Torii","Frozen Eye","InkBottle","Unceasing Top","Shuriken","Cursed Key","Membership Card","Red Skull","MealTicket","Blue Candle","Bird Faced Urn","Bottled Lightning","OrangePellets","Centennial Puzzle"],"potions_floor_usage":[7,11,16,56,56],"damage_taken":[{"damage":5,"enemies":"2 Louse","floor":1,"turns":4},{"damage":6,"enemies":"Jaw Worm","floor":3,"turns":7},{"damage":2,"enemies":"Cultist","floor":5,"turns":4},{"damage":15,"enemies":"Lagavulin","floor":7,"turns":5},{"damage":8,"enemies":"3 Louse","floor":8,"turns":4},{"damage":5,"enemies":"3 Sentries","floor":11,"turns":5},{"damage":6,"enemies":"Hexaghost","floor":16,"turns":8},{"damage":9,"enemies":"2 Thieves","floor":18,"turns":2},{"damage":18,"enemies":"3 Byrds","floor":19,"turns":4},{"damage":6,"enemies":"Centurion and Healer","floor":21,"turns":3},{"damage":11,"enemies":"Snecko","floor":22,"turns":3},{"damage":12,"enemies":"Slavers","floor":23,"turns":5},{"damage":29,"enemies":"3 Cultists","floor":24,"turns":4},{"damage":12,"enemies":"Gremlin Leader","floor":25,"turns":7},{"damage":20,"enemies":"Slavers","floor":27,"turns":5},{"damage":12,"enemies":"Gremlin Leader","floor":29,"turns":7},{"damage":10,"enemies":"Colosseum Slavers","floor":30,"turns":5},{"damage":10,"enemies":"Colosseum Nobs","floor":30,"turns":4},{"damage":19,"enemies":"Centurion and Healer","floor":31,"turns":4},{"damage":24,"enemies":"Champ","floor":33,"turns":8},{"damage":15,"enemies":"3 Darklings","floor":35,"turns":7},{"damage":7,"enemies":"3 Shapes","floor":36,"turns":4},{"damage":11,"enemies":"Writhing Mass","floor":38,"turns":4},{"damage":24,"enemies":"Nemesis","floor":40,"turns":5},{"damage":12,"enemies":"4 Shapes","floor":42,"turns":4},{"damage":5,"enemies":"Reptomancer","floor":44,"turns":5},{"damage":12,"enemies":"Spire Growth","floor":46,"turns":3},{"damage":55,"enemies":"Giant Head","floor":47,"turns":9},{"damage":26,"enemies":"Awakened One","floor":50,"turns":11},{"damage":28,"enemies":"Donu and Deca","floor":51,"turns":9},{"damage":34,"enemies":"Shield and Spear","floor":55,"turns":8},{"damage":24,"enemies":"The Heart","floor":56,"turns":8}],"green_key_taken_log":27,"seed_played":"-1215052276907730318","neow_bonus_log":{"cardsObtained":[],"cardsUpgraded":[],"cardsRemoved":[],"cardsTransformed":[],"relicsObtained":[],"maxHpGained":0,"goldGained":250,"damageTaken":0,"goldLost":0,"maxHpLost":7},"potions_obtained":[{"floor":1,"key":"LiquidBronze"},{"floor":5,"key":"EssenceOfSteel"},{"floor":8,"key":"Strength Potion"},{"floor":11,"key":"ColorlessPotion"},{"floor":19,"key":"BlessingOfTheForge"},{"floor":27,"key":"Explosive Potion"},{"floor":29,"key":"PowerPotion"},{"floor":30,"key":"PowerPotion"},{"floor":33,"key":"DistilledChaos"}],"is_trial":false,"path_per_floor":["M","?","M","$","M","R","E","M","T","R","E","T","R","T","R","B",null,"M","M","$","M","M","E","M","E","T","E","$","E","?","M","R","B",null,"M","M","$","M","?","E","R","M","T","E","?","M","E","?","R","B","B",null,"R","$","E","B",null],"character_chosen":"IRONCLAD","basemod:card_modifiers":[null,null,null,null,null,null,null,null,null,null,null,null,null,null,null,null,null,null,null,null,null,null,null,null,null,null,null,null,null,null,null,null,null,null,null,null,null,null],"items_purchased":["Spot Weakness","Whirlwind","Block Potion","Orrery","Feel No Pain","Frozen Eye","Dark Embrace","Membership Card","Burning Pact","Red Skull","Second Wind","OrangePellets","SpeedPotion","Shrug It Off"],"campfire_rested":0,"item_purchase_floors":[4,4,4,20,20,28,28,37,37,37,54,54,54,54],"current_hp_per_floor":[68,61,61,61,65,65,56,54,54,54,55,55,55,55,55,55,65,62,68,68,68,68,68,68,68,68,67,67,68,68,68,68,68,68,68,68,68,68,58,68,68,68,68,68,68,68,55,55,55,68,68,68,68,68,68,67],"gold":55,"neow_bonus":"TWO_FIFTY_GOLD","is_prod":false,"is_daily":false,"rewards_skipped":[{"floor":24,"relics":[],"potions":["FearPotion"]},{"floor":31,"relics":[],"potions":["Weak Potion"]},{"floor":36,"relics":[],"potions":["Explosive Potion"]},{"floor":40,"relics":[],"potions":["Strength Potion"]},{"floor":42,"relics":[],"potions":["AttackPotion"]},{"floor":44,"relics":[],"potions":["SkillPotion"]},{"floor":48,"relics":[],"potions":["Dexterity Potion","LiquidMemories"]}],"chose_seed":false,"campfire_upgraded":7,"win_rate":0,"floor_exit_playtime":[38,43,98,155,185,192,236,283,285,294,355,358,370,380,395,472,494,517,667,756,824,1089,1246,1355,1487,1496,1612,1659,1842,2011,2105,2111,2287,2353,2479,2559,2609,2707,2782,2902,2908,3010,3019,3122,3125,3234,3484,3508,3518,3756,3984,3995,4004,4082,4365,4553],"timestamp":1708907876,"blue_key_relic_skipped_log":{"floor":26,"relicID":"Strawberry"},"path_taken":["M","?","M","$","M","R","E","?","T","R","E","?","R","?","R","BOSS","M","M","$","M","?","E","M","E","T","E","$","E","?","M","R","BOSS","M","M","$","M","?","E","R","M","T","E","?","M","E","?","R","BOSS","BOSS","R","$","E","BOSS"],"build_version":"2022-12-18","purchased_purges":5,"victory":true,"max_hp_per_floor":[68,68,68,68,68,68,68,68,68,68,68,68,68,68,68,68,68,68,68,68,68,68,68,68,68,68,68,68,68,68,68,68,68,68,68,68,68,68,68,68,68,68,68,68,68,68,68,68,68,68,68,68,68,68,68,68],"relic_stats":{"Torii":16,"counters":[32,175],"Self Forming Clay":[471],"CeramicFish":234,"Blue Candle":[8],"Smiling Mask":188,"Cursed Key":1,"Burning Blood":112,"Mercury Hourglass":[648],"Frozen Eye":206.53915,"OrangePellets":[4],"Centennial Puzzle":[3],"Shuriken":[26],"Bird Faced Urn":[40],"MealTicket":0,"Turnip":[14],"Membership Card":433,"Bottled Lightning":"Offering","obtain_stats":[{"Torii":27,"Self Forming Clay":9,"CeramicFish":11,"Blue Candle":43,"Oddly Smooth Stone":25,"Smiling Mask":7,"Cursed Key":34,"Burning Blood":0,"Mercury Hourglass":12,"Frozen Eye":28,"OrangePellets":54,"Centennial Puzzle":55,"HornCleat":14,"Shuriken":30,"Bird Faced Urn":44,"Orrery":20,"MealTicket":40,"Turnip":23,"Membership Card":37,"Bottled Lightning":47,"InkBottle":29,"Unceasing Top":30,"Red Skull":37,"Runic Pyramid":17},{"Torii":15,"Self Forming Clay":5,"CeramicFish":6,"Blue Candle":25,"Oddly Smooth Stone":14,"Smiling Mask":4,"Cursed Key":20,"Burning Blood":0,"Mercury Hourglass":6,"Frozen Eye":15,"OrangePellets":30,"Centennial Puzzle":31,"HornCleat":6,"Shuriken":18,"Bird Faced Urn":26,"Orrery":9,"MealTicket":24,"Turnip":12,"Membership Card":22,"Bottled Lightning":28,"InkBottle":16,"Unceasing Top":18,"Red Skull":22,"Runic Pyramid":7},{"Torii":70,"Self Forming Clay":24,"CeramicFish":29,"Blue Candle":122,"Oddly Smooth Stone":65,"Smiling Mask":20,"Cursed Key":98,"Burning Blood":0,"Mercury Hourglass":29,"Frozen Eye":70,"OrangePellets":159,"Centennial Puzzle":167,"HornCleat":29,"Shuriken":86,"Bird Faced Urn":127,"Orrery":43,"MealTicket":118,"Turnip":54,"Membership Card":109,"Bottled Lightning":139,"InkBottle":77,"Unceasing Top":86,"Red Skull":109,"Runic Pyramid":37}],"InkBottle":[51],"Unceasing Top":[0]},"card_choices":[{"not_picked":["Warcry","Flex"],"picked":"Shrug It Off","floor":1},{"not_picked":["Twin Strike","True Grit"],"picked":"Uppercut","floor":3},{"not_picked":["Warcry","Body Slam"],"picked":"Double Tap","floor":5},{"not_picked":["Rage","Heavy Blade"],"picked":"Metallicize","floor":7},{"not_picked":["Carnage","Wild Strike"],"picked":"Intimidate","floor":8},{"not_picked":["Sword Boomerang","Shrug It Off"],"picked":"Battle Trance","floor":11},{"not_picked":["Immolate","Bludgeon"],"picked":"Reaper","floor":16},{"not_picked":["Twin Strike","Clothesline+1"],"picked":"Bloodletting","floor":18},{"not_picked":["Clash+1","Warcry"],"picked":"Combust","floor":19},{"not_picked":["Thunderclap+1","Sword Boomerang"],"picked":"Offering","floor":20},{"not_picked":["Sword Boomerang","Heavy Blade"],"picked":"Shrug It Off+1","floor":20},{"not_picked":["Shrug It Off","Dark Embrace"],"picked":"Headbutt","floor":20},{"not_picked":["Sentinel","Cleave","Perfected Strike"],"picked":"SKIP","floor":20},{"not_picked":["Fire Breathing+1","Sword Boomerang","Reckless Charge"],"picked":"SKIP","floor":20},{"not_picked":["Body Slam","Inflame"],"picked":"Havoc","floor":21},{"not_picked":["Limit Break","Battle Trance"],"picked":"Power Through+1","floor":22},{"not_picked":["Searing Blow","Metallicize"],"picked":"Body Slam","floor":23},{"not_picked":["Clash","Evolve+1"],"picked":"Blood for Blood","floor":24},{"not_picked":["Pommel Strike","Spot Weakness","Twin Strike"],"picked":"SKIP","floor":27},{"not_picked":["Clash","Anger","Dropkick"],"picked":"SKIP","floor":29},{"not_picked":["Clash","Anger","Dropkick"],"picked":"SKIP","floor":29},{"not_picked":["Ghostly Armor","Rupture"],"picked":"Warcry+1","floor":30},{"not_picked":["Warcry","Sentinel"],"picked":"Armaments","floor":31},{"not_picked":["Demon Form","Bludgeon","Double Tap"],"picked":"SKIP","floor":33},{"not_picked":["True Grit","Sword Boomerang","Sever Soul"],"picked":"SKIP","floor":35},{"not_picked":["Rampage+1","Armaments"],"picked":"Shockwave","floor":36},{"not_picked":["Twin Strike","Perfected Strike+1"],"picked":"Shrug It Off","floor":38},{"not_picked":["Bandage Up","The Bomb"],"picked":"Dark Shackles","floor":39},{"not_picked":["Trip","Thinking Ahead"],"picked":"Violence","floor":39},{"not_picked":["Sadistic Nature","Panache","Enlightenment"],"picked":"SKIP","floor":39},{"not_picked":["Combust","Sentinel"],"picked":"Shrug It Off","floor":40},{"not_picked":["Cleave","Rage","Clash"],"picked":"SKIP","floor":44},{"not_picked":["Sever Soul","Flex"],"picked":"Shrug It Off","floor":46},{"not_picked":["Intimidate","Reckless Charge"],"picked":"Rage+1","floor":47},{"not_picked":["Flex","Whirlwind","Searing Blow+1"],"picked":"SKIP","floor":55}],"player_experience":6322526,"relics_obtained":[{"floor":7,"key":"Smiling Mask"},{"floor":9,"key":"Self Forming Clay"},{"floor":11,"key":"CeramicFish"},{"floor":12,"key":"Mercury Hourglass"},{"floor":14,"key":"HornCleat"},{"floor":23,"key":"Turnip"},{"floor":25,"key":"Oddly Smooth Stone"},{"floor":27,"key":"Torii"},{"floor":29,"key":"InkBottle"},{"floor":30,"key":"Unceasing Top"},{"floor":30,"key":"Shuriken"},{"floor":40,"key":"MealTicket"},{"floor":43,"key":"Blue Candle"},{"floor":44,"key":"Bird Faced Urn"},{"floor":47,"key":"Bottled Lightning"},{"floor":55,"key":"Centennial Puzzle"}],"event_choices":[{"cards_removed":["Strike_R"],"damage_healed":0,"gold_gain":0,"player_choice":"Card Removal","damage_taken":7,"max_hp_gain":0,"max_hp_loss":0,"event_name":"Golden Wing","floor":2,"gold_loss":0},{"damage_healed":0,"gold_gain":0,"player_choice":"Fight","damage_taken":0,"max_hp_gain":0,"max_hp_loss":0,"event_name":"Colosseum","floor":30,"gold_loss":0},{"damage_healed":0,"gold_gain":0,"player_choice":"Fought Nobs","damage_taken":0,"max_hp_gain":0,"max_hp_loss":0,"event_name":"Colosseum","floor":30,"gold_loss":0},{"damage_healed":0,"gold_gain":0,"player_choice":"Memory 3","damage_taken":10,"max_hp_gain":0,"max_hp_loss":0,"event_name":"SensoryStone","floor":39,"gold_loss":0},{"damage_healed":0,"gold_gain":0,"player_choice":"Ignored","damage_taken":0,"max_hp_gain":0,"max_hp_loss":0,"event_name":"Tomb of Lord Red Mask","floor":45,"gold_loss":0},{"damage_healed":0,"gold_gain":0,"player_choice":"Got Potions","damage_taken":0,"max_hp_gain":0,"max_hp_loss":0,"event_name":"Lab","floor":48,"gold_loss":0}],"is_beta":false,"boss_relics":[{"not_picked":["Empty Cage","Pandora\u0027s Box"],"picked":"Runic Pyramid"},{"not_picked":["Mark of Pain","SlaversCollar"],"picked":"Cursed Key"}],"items_purged_floors":[4,20,28,37,54],"is_endless":false,"potions_floor_spawned":[1,5,8,11,19,24,27,29,30,31,33,36,40,42,44],"ascension_level":20,"potion_discard_per_floor":[[],[],[],[],["LiquidBronze"],[],[],[],[],[],[],[],[],[],[],[],[],[],[],[],[],[],[],[],[],[],["BlessingOfTheForge"],[],["Explosive Potion"],["ColorlessPotion"],[],[],["PowerPotion"],[],[],[],[],[],[],[],[],[],[],[],[],[],[],[],[],[],[],[],[],["DistilledChaos"],[],[],[]]}