{"neow_bonuses_skipped_log":["TRANSFORM_CARD","RANDOM_COLORLESS_2","BOSS_RELIC"],"potions_obtained_entropic_brew":[[],[],[],[],[],[],[],[],[],[],[],[],[],[],[],[],[],[],[],[],[],[],[],[],[],[],[]],"neow_costs_skipped_log":["NONE","CURSE","NONE"],"gold_per_floor":[110,126,145,145,158,158,208,208,208,239,251,63,89,106,106,177,177,191,116,126,144,158,158,185,199,199,199],"floor_reached":27,"playtime":1058,"items_purged":[],"score":494,"play_id":"d75705d0-2c82-43ad-9cf4-a9a8565cbdc8","local_time":"20240220224424","score_breakdown":["Floors Climbed (27): 135","Enemies Slain (11): 22","Exordium Elites Killed (2): 20","City Elites Killed (1): 20","Bosses Slain (1): 50","Ascension (20): 247"],"is_ascension_mode":true,"potions_obtained_alchemize":[[],[],[],[],[],[],[],[],[],[],[],[],[],[],[],[],[],[],[],[],[],[],[],[],[],[],[]],"campfire_choices":[{"data":"Dagger Spray","floor":6,"key":"SMITH"},{"data":"Underhanded Strike","floor":8,"key":"SMITH"},{"data":"Well Laid Plans","floor":15,"key":"SMITH"},{"floor":23,"key":"REST"}],"lesson_learned_per_floor":[[],[],[],[],[],[],[],[],[],[],[],[],[],[],[],[],[],[],[],[],[],[],[],[],[],[],[]],"neow_cost":"NONE","improvable_cards":{},"seed_source_timestamp":20223180364755,"shop_contents":[{"floor":12,"relics":["War Paint","Strange Spoon"],"cards":["Choke","Prepared","Deflect","Infinite Blades","Madness","Thinking Ahead"],"potions":["SkillPotion","PowerPotion","LiquidBronze"]}],"circlet_count":0,"master_deck":["AscendersBane","Strike_G","Strike_G","Strike_G","Strike_G","Defend_G","Defend_G","Defend_G","Defend_G","Defend_G","Survivor","Neutralize","Deflect","Backflip","Dagger Spray+1","Underhanded Strike+1","Infinite Blades","Terror","Dagger Throw","Well Laid Plans+1","Blade Dance","Night Terror","Calculated Gamble","Calculated Gamble+1","Finisher","Reflex","Night Terror","Underhanded Strike"],"potion_use_per_floor":[[],[],[],[],[],[],[],[],[],[],[],[],[],["AttackPotion"],[],[],[],[],[],[],[],[],[],[],[],[],["Dexterity Potion"]],"relics":["Ring of the Snake","Akabeko","Calipers","Lizard Tail","Lantern","Mummified Hand","Sozu","PreservedInsect"],"potions_floor_usage":[14,27],"damage_taken":[{"damage":2,"enemies":"Jaw Worm","floor":1,"turns":4},{"damage":0,"enemies":"Cultist","floor":2,"turns":4},{"damage":0,"enemies":"2 Louse","floor":3,"turns":3},{"damage":0,"enemies":"Exordium Thugs","floor":5,"turns":4},{"damage":44,"enemies":"Lagavulin","floor":10,"turns":8},{"damage":0,"enemies":"Exordium Wildlife","floor":11,"turns":2},{"damage":9,"enemies":"Gremlin Nob","floor":13,"turns":3},{"damage":8,"enemies":"Large Slime","floor":14,"turns":5},{"damage":11,"enemies":"Hexaghost","floor":16,"turns":8},{"damage":16,"enemies":"Chosen","floor":18,"turns":5},{"damage":15,"enemies":"Shell Parasite","floor":20,"turns":3},{"damage":13,"enemies":"Snake Plant","floor":21,"turns":4},{"damage":0,"enemies":"Centurion and Healer","floor":22,"turns":5},{"damage":15,"enemies":"Book of Stabbing","floor":24,"turns":4},{"damage":11,"enemies":"Cultist and Chosen","floor":25,"turns":4},{"damage":18,"enemies":"Slavers","floor":27,"turns":4}],"seed_played":"-4976538884312298844","neow_bonus_log":{"cardsObtained":[],"cardsUpgraded":[],"cardsRemoved":[],"cardsTransformed":[],"relicsObtained":["Akabeko"],"maxHpGained":0,"goldGained":0,"damageTaken":0,"goldLost":0,"maxHpLost":0},"potions_obtained":[{"floor":10,"key":"AttackPotion"},{"floor":11,"key":"Weak Potion"},{"floor":14,"key":"Dexterity Potion"}],"is_trial":false,"path_per_floor":["M","M","M","?","M","R","?","R","T","E","M","$","E","M","R","B",null,"M","?","M","M","M","R","E","M","T","E"],"character_chosen":"THE_SILENT","basemod:card_modifiers":[null,null,null,null,null,null,null,null,null,null,null,null,null,null,null,null,null,null,null,null,null,null,null,null,null,null,null,null],"items_purchased":["Lantern","Dagger Throw"],"campfire_rested":1,"item_purchase_floors":[12,12],"current_hp_per_floor":[57,57,57,62,62,62,55,55,55,11,11,11,2,35,35,24,59,43,43,28,15,15,36,21,10,10,0],"gold":199,"neow_bonus":"RANDOM_COMMON_RELIC","is_prod":false,"is_daily":false,"rewards_skipped":[{"floor":21,"relics":[],"potions":["EssenceOfSteel"]},{"floor":25,"relics":[],"potions":["Explosive Potion"]}],"chose_seed":false,"campfire_upgraded":3,"win_rate":0,"floor_exit_playtime":[64,90,119,125,177,183,188,193,197,261,280,295,328,405,411,518,549,627,632,674,752,814,821,912,963,978],"timestamp":1708487064,"blue_key_relic_skipped_log":{"floor":26,"relicID":"Juzu Bracelet"},"path_taken":["M","M","M","?","M","R","?","R","T","E","M","$","E","M","R","BOSS","M","?","M","M","M","R","E","M","T","E"],"build_version":"2022-12-18","purchased_purges":0,"victory":false,"max_hp_per_floor":[66,66,66,71,71,71,71,71,71,71,71,71,71,71,71,71,71,71,71,71,71,71,71,71,71,71,71],"relic_stats":{"Sozu":1,"Lizard Tail":35,"Calipers":[0],"counters":[16,70],"Mummified Hand":[17],"PreservedInsect":41,"obtain_stats":[{"Sozu":17,"Lizard Tail":10,"Lantern":12,"Calipers":9,"Mummified Hand":13,"PreservedInsect":24,"Akabeko":0,"Ring of the Snake":0},{"Sozu":9,"Lizard Tail":5,"Lantern":6,"Calipers":4,"Mummified Hand":7,"PreservedInsect":14,"Akabeko":0,"Ring of the Snake":0},{"Sozu":41,"Lizard Tail":23,"Lantern":25,"Calipers":15,"Mummified Hand":28,"PreservedInsect":62,"Akabeko":0,"Ring of the Snake":0}],"Ring of the Snake":[32]},"card_choices":[{"not_picked":["Tactician","Bane"],"picked":"Deflect","floor":1},{"not_picked":["Cloak And Dagger","Caltrops"],"picked":"Backflip","floor":2},{"not_picked":["Cloak And Dagger","Finisher"],"picked":"Dagger Spray","floor":3},{"not_picked":["Deflect","Quick Slash"],"picked":"Underhanded Strike","floor":5},{"not_picked":["Dagger Spray","Bane"],"picked":"Infinite Blades","floor":10},{"not_picked":["Accuracy","Slice"],"picked":"Terror","floor":11},{"not_picked":["Storm of Steel","Deadly Poison"],"picked":"Well Laid Plans","floor":13},{"not_picked":["Dagger Spray","Poisoned Stab"],"picked":"Blade Dance","floor":14},{"not_picked":["Bullet Time","Burst"],"picked":"Night Terror","floor":16},{"not_picked":["Blade Dance","Acrobatics"],"picked":"Calculated Gamble","floor":18},{"not_picked":["Dagger Spray","Cloak And Dagger"],"picked":"Calculated Gamble+1","floor":20},{"not_picked":["Cloak And Dagger","Slice"],"picked":"Finisher","floor":21},{"not_picked":["Accuracy","Flying Knee"],"picked":"Reflex","floor":22},{"not_picked":["Predator","Slice"],"picked":"Night Terror","floor":24},{"not_picked":["Cloak And Dagger","Dagger Spray"],"picked":"Underhanded Strike","floor":25}],"player_experience":6227501,"relics_obtained":[{"floor":9,"key":"Calipers"},{"floor":10,"key":"Lizard Tail"},{"floor":13,"key":"Mummified Hand"},{"floor":24,"key":"PreservedInsect"}],"event_choices":[{"damage_healed":0,"gold_gain":0,"player_choice":"Donut","damage_taken":0,"max_hp_gain":5,"max_hp_loss":0,"event_name":"Big Fish","floor":4,"gold_loss":0},{"damage_healed":0,"gold_gain":50,"player_choice":"Touch","damage_taken":7,"max_hp_gain":0,"max_hp_loss":0,"event_name":"FaceTrader","floor":7,"gold_loss":0},{"cards_removed":["Strike_G"],"damage_healed":0,"gold_gain":0,"player_choice":"Gave Gold","damage_taken":0,"max_hp_gain":0,"max_hp_loss":0,"event_name":"Beggar","floor":19,"gold_loss":75}],"is_beta":false,"boss_relics":[{"not_picked":["Astrolabe","Empty Cage"],"picked":"Sozu"}],"items_purged_floors":[],"is_endless":false,"potions_floor_spawned":[10,11,14,21,25],"killed_by":"Slavers","ascension_level":20,"potion_discard_per_floor":[[],[],[],[],[],[],[],[],[],[],[],[],[],[],[],[],[],[],[],[],[],[],[],[],[],[],[]]}