{"neow_bonuses_skipped_log":["TRANSFORM_CARD","RANDOM_COLORLESS_2","BOSS_RELIC"],"potions_obtained_entropic_brew":[[],[],[],[],[],[],[],[],[],[],[],[],[],[],[],[],[],[],[],[],[],[],[],[],[],[],[],[],[],[],[],[],[],[],[],[],[],[],[],[],[],[],[],[],[],[],[],[],[],[],[]],"neow_costs_skipped_log":["NONE","PERCENT_DAMAGE","NONE"],"gold_per_floor":[214,214,227,247,3,29,29,58,82,96,125,125,150,170,170,245,245,265,277,277,177,193,228,228,243,267,297,297,327,344,379,379,451,451,461,473,473,473,486,519,519,553,553,569,588,602,602,622,622,622,622],"floor_reached":51,"playtime":2988,"items_purged":["Defend_P","Defend_P"],"score":1888,"play_id":"9fc62e7b-afcf-45e4-b58b-95088df5d358","local_time":"20240226202945","falling_options_log":["Meditate","MentalFortress+1"],"score_breakdown":["Floors Climbed (51): 255","Enemies Slain (17): 34","Exordium Elites Killed (4): 40","City Elites Killed (4): 80","Beyond Elites Killed (2): 60","Bosses Slain (3): 300","Champion (4): 100","Perfect (1): 50","C-c-c-combo: 25","Ascension (20): 944"],"is_ascension_mode":true,"potions_obtained_alchemize":[[],[],[],[],[],[],[],[],[],[],[],[],[],[],[],[],[],[],[],[],[],[],[],[],[],[],[],[],[],[],[],[],[],[],[],[],[],[],[],[],[],[],[],[],[],[],[],[],[],[],[]],"campfire_choices":[{"data":"Eruption","floor":7,"key":"SMITH"},{"data":"1","floor":12,"key":"LIFT"},{"data":"2","floor":15,"key":"LIFT"},{"data":"3","floor":24,"key":"LIFT"},{"data":"Adaptation","floor":28,"key":"SMITH"},{"data":"MentalFortress","floor":32,"key":"SMITH"},{"floor":41,"key":"RECALL"},{"floor":47,"key":"REST"},{"floor":49,"key":"REST"}],"lesson_learned_per_floor":[[],[],[],[],[],[],[],[],[],[],[],[],[],[],[],[],[],[],[],[],[],[],[],[],[],[],[],[],[],[],[],[],[],[],["Strike_P"],["FearNoEvil"],[],[],[],["Vigilance"],[],["Secret Technique"],[],["FlurryOfBlows"],["CutThroughFate"],["Meditate"],[],["Defend_P"],[],["CarveReality"],[]],"neow_cost":"NONE","improvable_cards":{},"seed_source_timestamp":11232141165507,"shop_contents":[{"floor":5,"relics":["Pear","Bronze Scales","Toolbox"],"cards":["WreathOfFlame","Alpha","BattleHymn","Swift Strike","Master of Strategy"],"potions":["AttackPotion","EssenceOfSteel","Energy Potion"]},{"floor":21,"relics":["Mango","Strawberry","HandDrill"],"cards":["FearNoEvil","FlurryOfBlows","WreathOfFlame","Omniscience","Study","Trip","Mayhem"],"potions":["BottledMiracle","DuplicationPotion","Block Potion"]}],"circlet_count":0,"master_deck":["AscendersBane","Strike_P+1","Strike_P","Strike_P","Defend_P","Defend_P+1","Eruption+1","Vigilance+1","DeceiveReality","FlurryOfBlows+1","FearNoEvil+1","CarveReality+1","MentalFortress+1","Crescendo","Adaptation+1","Meditate+1","CutThroughFate+1","LessonLearned","Adaptation+1","Secret Technique+1","Halt","Wallop","ClearTheMind+1","WaveOfTheHand"],"potion_use_per_floor":[[],[],[],[],[],[],[],[],[],[],["Weak Potion"],[],[],[],[],["Strength Potion"],[],[],[],[],[],["Block Potion"],[],[],[],[],[],[],["EssenceOfSteel"],[],["BlessingOfTheForge"],[],[],[],[],[],[],[],[],[],[],[],[],[],[],[],[],[],[],["Ambrosia"],[]],"relics":["PureWater","Girya","Akabeko","Bag of Preparation","Ice Cream","Anchor","VioletLotus","Shovel","Dream Catcher","Art of War","GoldenEye","Centennial Puzzle","Runic Pyramid","Omamori"],"potions_floor_usage":[11,16,22,29,31,50],"damage_taken":[{"damage":1,"enemies":"Small Slimes","floor":1,"turns":3},{"damage":0,"enemies":"Jaw Worm","floor":3,"turns":6},{"damage":0,"enemies":"2 Louse","floor":4,"turns":4},{"damage":18,"enemies":"3 Sentries","floor":6,"turns":10},{"damage":0,"enemies":"Gremlin Nob","floor":8,"turns":2},{"damage":2,"enemies":"Large Slime","floor":10,"turns":3},{"damage":3,"enemies":"Lagavulin","floor":11,"turns":6},{"damage":0,"enemies":"Gremlin Nob","floor":13,"turns":2},{"damage":0,"enemies":"3 Louse","floor":14,"turns":3},{"damage":1,"enemies":"The Guardian","floor":16,"turns":11},{"damage":0,"enemies":"2 Thieves","floor":18,"turns":2},{"damage":0,"enemies":"Chosen","floor":19,"turns":3},{"damage":8,"enemies":"Snake Plant","floor":22,"turns":3},{"damage":7,"enemies":"Book of Stabbing","floor":23,"turns":4},{"damage":0,"enemies":"Sentry and Sphere","floor":25,"turns":2},{"damage":0,"enemies":"Gremlin Leader","floor":27,"turns":4},{"damage":1,"enemies":"Book of Stabbing","floor":29,"turns":4},{"damage":0,"enemies":"Chosen and Byrds","floor":30,"turns":3},{"damage":2,"enemies":"Slavers","floor":31,"turns":4},{"damage":0,"enemies":"Collector","floor":33,"turns":4},{"damage":0,"enemies":"Orb Walker","floor":35,"turns":2},{"damage":1,"enemies":"3 Shapes","floor":36,"turns":3},{"damage":10,"enemies":"Writhing Mass","floor":39,"turns":3},{"damage":0,"enemies":"Giant Head","floor":40,"turns":4},{"damage":16,"enemies":"Reptomancer","floor":42,"turns":7},{"damage":0,"enemies":"Jaw Worm Horde","floor":44,"turns":2},{"damage":5,"enemies":"Maw","floor":45,"turns":6},{"damage":0,"enemies":"Writhing Mass","floor":46,"turns":4},{"damage":2,"enemies":"Jaw Worm Horde","floor":48,"turns":3},{"damage":22,"enemies":"Awakened One","floor":50,"turns":14},{"damage":37,"enemies":"Time Eater","floor":51,"turns":9}],"green_key_taken_log":42,"seed_played":"6843587809361161842","neow_bonus_log":{"cardsObtained":[],"cardsUpgraded":[],"cardsRemoved":[],"cardsTransformed":[],"relicsObtained":[],"maxHpGained":0,"goldGained":100,"damageTaken":0,"goldLost":0,"maxHpLost":0},"potions_obtained":[{"floor":3,"key":"Weak Potion"},{"floor":4,"key":"Strength Potion"},{"floor":13,"key":"PowerPotion"},{"floor":18,"key":"Block Potion"},{"floor":25,"key":"EssenceOfSteel"},{"floor":29,"key":"BlessingOfTheForge"},{"floor":33,"key":"BottledMiracle"},{"floor":36,"key":"Ambrosia"},{"floor":46,"key":"Ancient Potion"}],"is_trial":false,"path_per_floor":["M","?","M","M","$","E","R","E","T","M","E","R","E","M","R","B",null,"M","M","?","$","M","E","R","M","T","E","R","E","M","E","R","B",null,"M","M","?","?","M","E","R","E","T","M","M","M","R","M","R","B","B"],"character_chosen":"WATCHER","basemod:card_modifiers":[null,null,null,null,null,null,null,null,null,null,null,null,null,null,null,null,null,null,null,null,null,null,null,null],"items_purchased":["FearNoEvil","CarveReality"],"campfire_rested":2,"item_purchase_floors":[5,5],"current_hp_per_floor":[60,60,60,60,60,42,42,42,42,40,37,37,37,37,37,36,60,60,60,60,60,52,45,45,45,45,45,45,44,44,42,42,42,62,62,61,51,51,41,41,41,25,25,25,20,20,40,38,58,36,0],"gold":622,"neow_bonus":"HUNDRED_GOLD","is_prod":false,"is_daily":false,"rewards_skipped":[{"floor":6,"relics":[],"potions":["BlessingOfTheForge"]},{"floor":40,"relics":["Dead Branch"],"potions":[]},{"floor":42,"relics":[],"potions":["Ancient Potion"]},{"floor":48,"relics":[],"potions":["ColorlessPotion"]}],"chose_seed":false,"campfire_upgraded":3,"win_rate":0,"floor_exit_playtime":[47,55,103,152,174,306,319,334,338,367,461,466,494,525,531,655,695,725,769,802,821,855,930,935,957,965,1022,1029,1083,1133,1243,1250,1351,1381,1410,1465,1477,1481,1561,1661,1668,1813,1817,1870,1971,2100,2112,2167,2185,2520],"timestamp":1708997385,"blue_key_relic_skipped_log":{"floor":43,"relicID":"Mummified Hand"},"path_taken":["M","?","M","M","$","E","R","E","T","?","E","R","E","M","R","BOSS","M","M","?","$","M","E","R","M","T","E","R","E","M","E","R","BOSS","M","M","?","?","M","E","R","E","T","?","M","M","R","?","R","BOSS","BOSS"],"build_version":"2022-12-18","purchased_purges":2,"victory":false,"max_hp_per_floor":[68,68,68,68,68,68,68,68,68,68,68,68,68,68,68,68,68,68,68,68,68,68,68,68,68,68,68,68,68,68,68,68,68,68,68,68,68,68,68,68,68,68,68,68,68,68,68,68,68,68,68],"relic_stats":{"Ice Cream":[94],"Girya":3,"counters":[31,140],"Bag of Preparation":[52],"Omamori":0,"GoldenEye":[40],"Dream Catcher":2,"Centennial Puzzle":[20],"Shovel":0,"VioletLotus":[61],"Art of War":[7],"PureWater":[24],"obtain_stats":[{"Ice Cream":11,"Girya":6,"Bag of Preparation":9,"Omamori":42,"GoldenEye":29,"Akabeko":8,"Anchor":13,"Dream Catcher":26,"Centennial Puzzle":31,"Shovel":23,"VioletLotus":17,"Art of War":27,"PureWater":0,"Runic Pyramid":34},{"Ice Cream":7,"Girya":4,"Bag of Preparation":5,"Omamori":25,"GoldenEye":17,"Akabeko":5,"Anchor":8,"Dream Catcher":15,"Centennial Puzzle":19,"Shovel":14,"VioletLotus":10,"Art of War":16,"PureWater":0,"Runic Pyramid":20},{"Ice Cream":34,"Girya":23,"Bag of Preparation":25,"Omamori":102,"GoldenEye":72,"Akabeko":25,"Anchor":36,"Dream Catcher":64,"Centennial Puzzle":79,"Shovel":62,"VioletLotus":50,"Art of War":68,"PureWater":0,"Runic Pyramid":83}]},"card_choices":[{"not_picked":["JustLucky","FlyingSleeves"],"picked":"DeceiveReality","floor":1},{"not_picked":["SashWhip","LikeWater"],"picked":"FlurryOfBlows","floor":4},{"not_picked":["FearNoEvil","Consecrate","Halt"],"picked":"SKIP","floor":8},{"not_picked":["Crescendo","FlurryOfBlows"],"picked":"MentalFortress","floor":10},{"not_picked":["Brilliance","FlyingSleeves","Protect"],"picked":"SKIP","floor":11},{"not_picked":["Consecrate","Judgement"],"picked":"Crescendo","floor":13},{"not_picked":["SashWhip","Meditate"],"picked":"Adaptation","floor":14},{"not_picked":["Blasphemy","Omniscience","Brilliance"],"picked":"SKIP","floor":16},{"not_picked":["SandsOfTime","Crescendo","EmptyBody"],"picked":"SKIP","floor":18},{"not_picked":["Prostrate","LikeWater","ReachHeaven"],"picked":"SKIP","floor":19},{"not_picked":["EmptyBody","CrushJoints","LikeWater","Wallop","Worship","Consecrate","Protect","Halt","FlyingSleeves","PathToVictory","BattleHymn","FlurryOfBlows","FollowUp","JustLucky","SandsOfTime","Nirvana","TalkToTheHand","EmptyFist","Crescendo"],"picked":"Meditate","floor":20},{"not_picked":["ThirdEye+1","MentalFortress","Crescendo"],"picked":"SKIP","floor":22},{"not_picked":["FlurryOfBlows","Sanctity","BowlingBash"],"picked":"SKIP","floor":23},{"not_picked":["Sanctity","EmptyFist","FollowUp"],"picked":"SKIP","floor":25},{"not_picked":["JustLucky","BattleHymn","ForeignInfluence+1"],"picked":"SKIP","floor":27},{"not_picked":["Pray","WreathOfFlame","EmptyBody+1"],"picked":"SKIP","floor":29},{"not_picked":["Pray","BowlingBash"],"picked":"CutThroughFate","floor":30},{"not_picked":["TalkToTheHand","EmptyBody+1","Brilliance"],"picked":"SKIP","floor":31},{"not_picked":["Alpha","MasterReality"],"picked":"LessonLearned","floor":33},{"not_picked":["Halt","FollowUp+1","Prostrate+1"],"picked":"SKIP","floor":35},{"not_picked":["Halt","Prostrate+1"],"picked":"Adaptation+1","floor":36},{"not_picked":["Deep Breath","Madness"],"picked":"Secret Technique","floor":37},{"not_picked":["Dramatic Entrance","Metamorphosis","Panache"],"picked":"SKIP","floor":37},{"not_picked":["Panacea","Finesse","Jack Of All Trades"],"picked":"SKIP","floor":37},{"not_picked":["Protect","JustLucky","Weave"],"picked":"SKIP","floor":39},{"not_picked":["EmptyBody+1","CrushJoints","Worship+1"],"picked":"SKIP","floor":40},{"not_picked":["Pray","FlyingSleeves","BattleHymn"],"picked":"SKIP","floor":42},{"not_picked":["FollowUp","TalkToTheHand"],"picked":"Halt","floor":44},{"not_picked":["Crescendo","Study+1","CarveReality"],"picked":"SKIP","floor":45},{"not_picked":["ThirdEye+1","SashWhip+1"],"picked":"Wallop","floor":46},{"not_picked":["ForeignInfluence+1","Fasting2+1"],"picked":"ClearTheMind+1","floor":47},{"not_picked":["FearNoEvil+1","Protect+1","FollowUp"],"picked":"SKIP","floor":48},{"not_picked":["EmptyFist+1","ThirdEye"],"picked":"WaveOfTheHand","floor":49}],"player_experience":6350205,"relics_obtained":[{"floor":6,"key":"Girya"},{"floor":8,"key":"Akabeko"},{"floor":9,"key":"Bag of Preparation"},{"floor":11,"key":"Ice Cream"},{"floor":13,"key":"Anchor"},{"floor":23,"key":"Shovel"},{"floor":26,"key":"Dream Catcher"},{"floor":27,"key":"Art of War"},{"floor":29,"key":"GoldenEye"},{"floor":31,"key":"Centennial Puzzle"},{"floor":42,"key":"Omamori"}],"event_choices":[{"damage_healed":0,"gold_gain":0,"player_choice":"Fled","damage_taken":0,"max_hp_gain":0,"max_hp_loss":0,"event_name":"Scrap Ooze","floor":2,"gold_loss":0},{"damage_healed":0,"gold_gain":0,"player_choice":"Read","damage_taken":0,"max_hp_gain":0,"max_hp_loss":0,"event_name":"The Library","floor":20,"gold_loss":0,"cards_obtained":["Meditate"]},{"damage_healed":0,"gold_gain":0,"player_choice":"Memory 3","damage_taken":10,"max_hp_gain":0,"max_hp_loss":0,"event_name":"SensoryStone","floor":37,"gold_loss":0},{"cards_removed":["Strike_P"],"damage_healed":0,"gold_gain":0,"player_choice":"Removed Attack","damage_taken":0,"max_hp_gain":0,"max_hp_loss":0,"event_name":"Falling","floor":38,"gold_loss":0}],"is_beta":false,"boss_relics":[{"not_picked":["Velvet Choker","Calling Bell"],"picked":"VioletLotus"},{"not_picked":["Tiny House","SacredBark"],"picked":"Runic Pyramid"}],"items_purged_floors":[5,21],"is_endless":false,"potions_floor_spawned":[3,4,6,13,18,25,29,33,36,42,46,48],"killed_by":"Time Eater","ascension_level":20,"potion_discard_per_floor":[[],[],[],[],[],[],[],[],[],[],[],[],[],[],[],[],[],[],[],[],[],[],[],[],[],[],[],[],[],[],[],[],[],[],[],["BottledMiracle"],[],[],[],[],[],[],[],[],[],["PowerPotion"],[],[],[],[],[]]}