{"neow_bonuses_skipped_log":["REMOVE_CARD","TWENTY_PERCENT_HP_BONUS","BOSS_RELIC"],"neow_costs_skipped_log":["NONE","PERCENT_DAMAGE","NONE"],"potions_obtained_entropic_brew":[[],[],[],[],[],[],[],[],[],[],[],[],[],[],[],[]],"gold_per_floor":[217,235,250,16,28,62,62,86,86,115,115,150,176,210,210,210],"floor_reached":16,"playtime":729,"items_purged":[],"score":248,"play_id":"174c0df5-d0fa-4e8b-a0e7-40d34a773e09","local_time":"20240219174104","score_breakdown":["Floors Climbed (16): 80","Enemies Slain (7): 14","Exordium Elites Killed (3): 30","Bosses Slain (0): 0","Ascension (20): 124"],"is_ascension_mode":true,"potions_obtained_alchemize":[[],[],[],[],[],[],[],[],[],[],[],[],[],[],[],[]],"campfire_choices":[{"data":"Armaments","floor":7,"key":"SMITH"},{"floor":11,"key":"REST"},{"floor":15,"key":"REST"}],"lesson_learned_per_floor":[[],[],[],[],[],[],[],[],[],[],[],[],[],[],[],[]],"neow_cost":"NONE","improvable_cards":{},"seed_source_timestamp":15654099026767,"shop_contents":[{"floor":4,"relics":["Orichalcum","Omamori"],"cards":["Thunderclap","Warcry","Flame Barrier","Metallicize","Discovery","Violence"],"potions":["SteroidPotion","Explosive Potion","DistilledChaos"]}],"circlet_count":0,"master_deck":["AscendersBane","Strike_R","Strike_R","Strike_R","Strike_R","Strike_R","Defend_R","Defend_R","Defend_R","Defend_R","Bash","Clash","Armaments+1","Bloodletting","Feed","Hemokinesis","Shrug It Off","Iron Wave","Perfected Strike+1","Shrug It Off","Exhume","Impervious"],"potion_use_per_floor":[[],[],[],[],[],["GamblersBrew"],[],[],[],[],[],[],[],["ElixirPotion"],[],["Weak Potion"]],"relics":["Burning Blood","Membership Card","CeramicFish","Molten Egg 2","Shuriken","Bottled Lightning"],"potions_floor_usage":[6,14,16],"damage_taken":[{"damage":9,"enemies":"2 Louse","floor":1,"turns":4},{"damage":16,"enemies":"Jaw Worm","floor":2,"turns":5},{"damage":0,"enemies":"Cultist","floor":3,"turns":3},{"damage":19,"enemies":"Blue Slaver","floor":5,"turns":5},{"damage":10,"enemies":"Gremlin Nob","floor":6,"turns":3},{"damage":10,"enemies":"Gremlin Gang","floor":8,"turns":7},{"damage":16,"enemies":"Red Slaver","floor":10,"turns":4},{"damage":27,"enemies":"Lagavulin","floor":12,"turns":7},{"damage":5,"enemies":"2 Fungi Beasts","floor":13,"turns":3},{"damage":26,"enemies":"Gremlin Nob","floor":14,"turns":4},{"damage":53,"enemies":"The Guardian","floor":16,"turns":17}],"seed_played":"-3019370736044803357","neow_bonus_log":{"cardsObtained":[],"cardsUpgraded":[],"cardsRemoved":[],"cardsTransformed":[],"relicsObtained":[],"maxHpGained":0,"goldGained":100,"damageTaken":0,"goldLost":0,"maxHpLost":0},"potions_obtained":[{"floor":1,"key":"GamblersBrew"},{"floor":3,"key":"ElixirPotion"},{"floor":12,"key":"Weak Potion"}],"is_trial":false,"path_per_floor":["M","M","M","$","M","E","R","M","T","M","R","E","M","E","R","B"],"character_chosen":"IRONCLAD","basemod:card_modifiers":[null,null,null,null,null,null,null,null,null,null,null,null,null,null,null,null,null,null,null,null,null,null],"items_purchased":["Membership Card","Feed"],"campfire_rested":2,"item_purchase_floors":[4,4],"current_hp_per_floor":[65,55,61,61,48,44,44,43,43,36,60,43,47,27,53,0],"gold":210,"neow_bonus":"HUNDRED_GOLD","is_prod":false,"is_daily":false,"rewards_skipped":[],"chose_seed":false,"campfire_upgraded":1,"win_rate":0,"floor_exit_playtime":[52,86,105,123,181,214,220,330,333,386,392,446,489,561,571],"timestamp":1708382464,"path_taken":["M","M","M","$","M","E","R","M","T","M","R","E","M","E","R","BOSS"],"build_version":"2022-12-18","purchased_purges":0,"victory":false,"max_hp_per_floor":[75,75,75,75,75,75,75,78,78,81,81,85,88,88,88,88],"relic_stats":{"counters":[11,62],"Shuriken":[3],"CeramicFish":54,"Membership Card":76,"Bottled Lightning":"Armaments","obtain_stats":[{"Shuriken":12,"CeramicFish":6,"Molten Egg 2":9,"Membership Card":4,"Bottled Lightning":14,"Burning Blood":0},{"Shuriken":8,"CeramicFish":5,"Molten Egg 2":6,"Membership Card":3,"Bottled Lightning":10,"Burning Blood":0},{"Shuriken":38,"CeramicFish":20,"Molten Egg 2":27,"Membership Card":12,"Bottled Lightning":45,"Burning Blood":0}],"Burning Blood":60},"card_choices":[{"not_picked":["Thunderclap","Pummel"],"picked":"Clash","floor":1},{"not_picked":["Flex","Iron Wave"],"picked":"Armaments","floor":2},{"not_picked":["Wild Strike","Havoc"],"picked":"Bloodletting","floor":3},{"not_picked":["Disarm","Perfected Strike"],"picked":"Hemokinesis","floor":5},{"not_picked":["Dropkick","Intimidate"],"picked":"Shrug It Off","floor":6},{"not_picked":["Ghostly Armor","Wild Strike"],"picked":"Iron Wave","floor":8},{"not_picked":["Feel No Pain","Wild Strike+1"],"picked":"Perfected Strike+1","floor":10},{"not_picked":["Inflame","Searing Blow+1"],"picked":"Shrug It Off","floor":12},{"not_picked":["Headbutt+1","Metallicize"],"picked":"Exhume","floor":13},{"not_picked":["Clothesline+1","Dark Embrace"],"picked":"Impervious","floor":14}],"player_experience":6199683,"relics_obtained":[{"floor":6,"key":"CeramicFish"},{"floor":9,"key":"Molten Egg 2"},{"floor":12,"key":"Shuriken"},{"floor":14,"key":"Bottled Lightning"}],"event_choices":[],"is_beta":false,"boss_relics":[],"items_purged_floors":[],"is_endless":false,"potions_floor_spawned":[1,3,12],"killed_by":"The Guardian","ascension_level":20,"potion_discard_per_floor":[[],[],[],[],[],[],[],[],[],[],[],[],[],[],[],[]]}