{"neow_bonuses_skipped_log":["THREE_CARDS","THREE_SMALL_POTIONS","TWENTY_PERCENT_HP_BONUS"],"neow_costs_skipped_log":["NONE","NONE","NO_GOLD"],"potions_obtained_entropic_brew":[[],[],[],[],[],[],[],[],[],[],[],[],[],[],[],[],[],[],[],[],[],[],[],[],[],[],[],[],[],[],[],[],[],[],[],[],[],[],[],[],[],[],[],[],[],[],[],[],[],[],[],[],[],[],[],[]],"gold_per_floor":[99,99,99,79,79,79,79,79,79,79,4,4,4,4,4,4,4,4,0,0,0,0,0,0,0,0,0,0,0,0,0,0,0,0,0,0,0,0,0,0,0,0,0,0,0,0,0,0,0,0,0,0,0,0,0,0],"floor_reached":56,"playtime":3498,"items_purged":["Defend_P"],"score":2618,"play_id":"47fb6f5f-bb4b-4e05-a507-c5246492d83c","local_time":"20240221220433","score_breakdown":["Floors Climbed (56): 280","Enemies Slain (17): 34","Exordium Elites Killed (4): 40","City Elites Killed (2): 40","Beyond Elites Killed (3): 90","Bosses Slain (4): 500","Champion (4): 100","Beyond Perfect: 200","C-c-c-combo: 25","Ascension (20): 1309"],"is_ascension_mode":true,"potions_obtained_alchemize":[[],[],[],[],[],[],[],[],[],[],[],[],[],[],[],[],[],[],[],[],[],[],[],[],[],[],[],[],[],[],[],[],[],[],[],[],[],[],[],[],[],[],[],[],[],[],[],[],[],[],[],[],[],[],[],[]],"campfire_choices":[{"data":"Eruption","floor":7,"key":"SMITH"},{"data":"Tantrum","floor":15,"key":"SMITH"},{"floor":23,"key":"REST"},{"floor":28,"key":"REST"},{"data":"EmptyMind","floor":32,"key":"SMITH"},{"data":"MentalFortress","floor":41,"key":"SMITH"},{"floor":46,"key":"RECALL"},{"data":"Strike_P","floor":49,"key":"PURGE"},{"data":"Defend_P","floor":53,"key":"PURGE"}],"lesson_learned_per_floor":[[],[],[],[],[],[],[],[],[],[],[],[],[],[],[],[],[],[],[],[],[],[],[],[],[],[],[],[],[],[],[],[],[],[],[],[],[],[],[],[],[],[],[],[],[],[],[],[],[],[],[],[],[],[],[],[]],"neow_cost":"NONE","improvable_cards":{},"seed_source_timestamp":12180333568396,"shop_contents":[{"floor":11,"relics":["Ice Cream","Shovel","Cauldron"],"cards":["FlyingSleeves","CutThroughFate","Protect","EmptyBody","LikeWater","Forethought","Chrysalis"],"potions":["Energy Potion","BlessingOfTheForge","BottledMiracle"]},{"floor":54,"relics":["Vajra","Pear","DollysMirror"],"cards":["FlyingSleeves","Consecrate","Meditate","Collect","Wireheading","Impatience","HandOfGreed"],"potions":["Energy Potion","Fire Potion","Ancient Potion"]}],"circlet_count":0,"master_deck":["AscendersBane","Strike_P","Strike_P","Strike_P","Defend_P","Eruption+1","Vigilance","EmptyMind+1","Tantrum+1","Sanctity","DeceiveReality","CutThroughFate","EmptyFist","Blasphemy","CutThroughFate","InnerPeace","ClearTheMind","Halt+1","ThirdEye+1","Wireheading","InnerPeace","MasterReality","MentalFortress+1","EmptyMind","EmptyMind","Crescendo+1","Meditate","CutThroughFate","MentalFortress+1","Weave+1","Adaptation+1"],"potion_use_per_floor":[[],[],[],[],[],[],[],["Regen Potion"],[],[],[],[],[],["LiquidMemories","SteroidPotion"],[],[],[],[],[],[],[],[],[],[],[],[],[],[],[],[],[],[],[],[],[],[],[],[],[],[],[],[],[],[],[],[],[],[],[],[],[],[],[],[],["Swift Potion"],["Energy Potion","SteroidPotion"]],"relics":["Ectoplasm","Akabeko","Ornamental Fan","Pen Nib","Dead Branch","Happy Flower","VioletLotus","Bird Faced Urn","Gremlin Horn","FossilizedHelix","Runic Dome","Omamori","Toy Ornithopter","WarpedTongs","Anchor","Peace Pipe","StoneCalendar"],"potions_floor_usage":[8,14,14,55,56,56],"damage_taken":[{"damage":0,"enemies":"2 Louse","floor":1,"turns":3},{"damage":20,"enemies":"Small Slimes","floor":2,"turns":4},{"damage":0,"enemies":"Cultist","floor":3,"turns":2},{"damage":16,"enemies":"Gremlin Nob","floor":6,"turns":3},{"damage":11,"enemies":"Lagavulin","floor":8,"turns":7},{"damage":18,"enemies":"Gremlin Nob","floor":10,"turns":3},{"damage":0,"enemies":"2 Fungi Beasts","floor":12,"turns":2},{"damage":4,"enemies":"3 Sentries","floor":14,"turns":3},{"damage":2,"enemies":"Hexaghost","floor":16,"turns":5},{"damage":0,"enemies":"Shell Parasite","floor":18,"turns":2},{"damage":13,"enemies":"2 Thieves","floor":19,"turns":2},{"damage":2,"enemies":"Centurion and Healer","floor":20,"turns":2},{"damage":19,"enemies":"Snake Plant","floor":22,"turns":4},{"damage":6,"enemies":"Book of Stabbing","floor":24,"turns":2},{"damage":0,"enemies":"Gremlin Leader","floor":27,"turns":3},{"damage":0,"enemies":"Snecko","floor":29,"turns":4},{"damage":0,"enemies":"Sentry and Sphere","floor":30,"turns":4},{"damage":9,"enemies":"Centurion and Healer","floor":31,"turns":4},{"damage":0,"enemies":"Collector","floor":33,"turns":8},{"damage":0,"enemies":"3 Darklings","floor":35,"turns":4},{"damage":0,"enemies":"Orb Walker","floor":36,"turns":3},{"damage":0,"enemies":"Sphere and 2 Shapes","floor":37,"turns":6},{"damage":11,"enemies":"4 Shapes","floor":38,"turns":6},{"damage":0,"enemies":"Spire Growth","floor":39,"turns":4},{"damage":0,"enemies":"Nemesis","floor":40,"turns":5},{"damage":0,"enemies":"Giant Head","floor":42,"turns":6},{"damage":0,"enemies":"Nemesis","floor":45,"turns":5},{"damage":0,"enemies":"Mind Bloom Boss Battle","floor":47,"turns":4},{"damage":0,"enemies":"Maw","floor":48,"turns":6},{"damage":0,"enemies":"Awakened One","floor":50,"turns":12},{"damage":0,"enemies":"Donu and Deca","floor":51,"turns":9},{"damage":18,"enemies":"Shield and Spear","floor":55,"turns":6},{"damage":93,"enemies":"The Heart","floor":56,"turns":3}],"green_key_taken_log":8,"seed_played":"6829074025699145324","neow_bonus_log":{"cardsObtained":[],"cardsUpgraded":[],"cardsRemoved":[],"cardsTransformed":[],"relicsObtained":["Ectoplasm"],"maxHpGained":0,"goldGained":0,"damageTaken":0,"goldLost":0,"maxHpLost":0},"potions_obtained":[{"floor":3,"key":"LiquidMemories"},{"floor":4,"key":"StancePotion"},{"floor":6,"key":"Regen Potion"},{"floor":8,"key":"SteroidPotion"},{"floor":20,"key":"LiquidBronze"},{"floor":27,"key":"Energy Potion"},{"floor":30,"key":"Swift Potion"},{"floor":55,"key":"SteroidPotion"}],"is_trial":false,"path_per_floor":["M","M","M","?","?","E","R","E","T","E","$","M","?","E","R","B",null,"M","M","M","?","M","R","E","?","T","E","R","M","M","M","R","B",null,"M","M","M","M","M","E","R","E","T","?","E","R","?","M","R","B","B",null,"R","$","E","B"],"character_chosen":"WATCHER","basemod:card_modifiers":[null,null,null,null,null,null,null,null,null,null,null,null,null,null,null,null,null,null,null,null,null,null,null,null,null,null,null,null,null,null,null],"items_purchased":[],"campfire_rested":2,"item_purchase_floors":[],"current_hp_per_floor":[61,41,41,41,63,47,47,51,51,33,33,33,33,29,29,27,58,58,45,43,43,24,44,38,19,19,21,42,42,42,35,35,37,64,68,73,73,66,72,73,73,73,73,73,73,73,73,73,73,73,73,73,73,73,66,0],"gold":0,"neow_bonus":"BOSS_RELIC","is_prod":false,"is_daily":false,"rewards_skipped":[{"floor":31,"relics":[],"potions":["AttackPotion"]},{"floor":35,"relics":[],"potions":["FearPotion"]},{"floor":36,"relics":[],"potions":["Fire Potion"]},{"floor":40,"relics":[],"potions":["Strength Potion"]},{"floor":47,"relics":[],"potions":["SpeedPotion"]}],"chose_seed":false,"campfire_upgraded":4,"win_rate":0,"floor_exit_playtime":[47,83,103,109,113,145,159,219,224,257,265,290,296,381,386,482,510,537,566,598,611,658,668,694,702,705,809,812,871,918,998,1014,1217,1243,1328,1374,1499,1596,1677,1811,1819,1957,1961,1969,2124,2128,2216,2381,2399,2751,3034,3047,3076,3079,3255],"timestamp":1708571073,"blue_key_relic_skipped_log":{"floor":43,"relicID":"InkBottle"},"path_taken":["M","M","M","?","?","E","R","E","T","E","$","?","?","E","R","BOSS","M","M","M","?","M","R","E","?","T","E","R","M","M","M","R","BOSS","M","M","M","M","M","E","R","E","T","?","E","R","?","M","R","BOSS","BOSS","R","$","E","BOSS"],"build_version":"2022-12-18","purchased_purges":1,"victory":false,"max_hp_per_floor":[68,68,68,68,68,68,68,68,68,68,68,68,68,68,68,68,68,68,68,68,68,68,68,68,73,73,73,73,73,73,73,73,73,73,73,73,73,73,73,73,73,73,73,73,73,73,73,73,73,73,73,73,73,73,73,73],"relic_stats":{"Happy Flower":[39],"Gremlin Horn":[20,20],"counters":[33,146],"Dead Branch":[102],"StoneCalendar":[0],"Pen Nib":[41],"Omamori":1,"WarpedTongs":[44],"Peace Pipe":3,"Ornamental Fan":[412],"Bird Faced Urn":[44],"Ectoplasm":1088,"VioletLotus":[104],"obtain_stats":[{"Happy Flower":14,"Gremlin Horn":26,"Dead Branch":10,"StoneCalendar":55,"Pen Nib":9,"Omamori":40,"Akabeko":6,"WarpedTongs":44,"Peace Pipe":47,"Runic Dome":34,"Anchor":45,"Ornamental Fan":8,"Bird Faced Urn":24,"Ectoplasm":0,"VioletLotus":17,"PureWater":0,"FossilizedHelix":27,"Toy Ornithopter":42},{"Happy Flower":8,"Gremlin Horn":14,"Dead Branch":6,"StoneCalendar":32,"Pen Nib":5,"Omamori":25,"Akabeko":4,"WarpedTongs":26,"Peace Pipe":28,"Runic Dome":19,"Anchor":27,"Ornamental Fan":5,"Bird Faced Urn":14,"Ectoplasm":0,"VioletLotus":9,"PureWater":0,"FossilizedHelix":15,"Toy Ornithopter":26},{"Happy Flower":27,"Gremlin Horn":44,"Dead Branch":22,"StoneCalendar":143,"Pen Nib":19,"Omamori":95,"Akabeko":12,"WarpedTongs":101,"Peace Pipe":110,"Runic Dome":67,"Anchor":106,"Ornamental Fan":19,"Bird Faced Urn":44,"Ectoplasm":0,"VioletLotus":32,"PureWater":0,"FossilizedHelix":47,"Toy Ornithopter":101}],"FossilizedHelix":[200],"Toy Ornithopter":15},"card_choices":[{"not_picked":["Vengeance","PathToVictory"],"picked":"EmptyMind","floor":1},{"not_picked":["JustLucky","Weave"],"picked":"Tantrum","floor":2},{"not_picked":["SignatureMove","EmptyMind"],"picked":"Sanctity","floor":6},{"not_picked":["Judgement","Pray"],"picked":"DeceiveReality","floor":8},{"not_picked":["EmptyFist","Consecrate"],"picked":"CutThroughFate","floor":10},{"not_picked":["PathToVictory","Halt","FollowUp"],"picked":"SKIP","floor":12},{"not_picked":["FlyingSleeves","Devotion"],"picked":"EmptyFist","floor":14},{"not_picked":["Brilliance","ConjureBlade"],"picked":"Blasphemy","floor":16},{"not_picked":["BowlingBash","Halt"],"picked":"CutThroughFate","floor":18},{"not_picked":["Fasting2","CutThroughFate+1"],"picked":"InnerPeace","floor":19},{"not_picked":["Consecrate","SashWhip","ThirdEye"],"picked":"SKIP","floor":20},{"not_picked":["Prostrate","Sanctity"],"picked":"ClearTheMind","floor":22},{"not_picked":["EmptyBody","Prostrate"],"picked":"Halt+1","floor":24},{"not_picked":["Conclude","Wish"],"picked":"ThirdEye+1","floor":27},{"not_picked":["JustLucky+1","CutThroughFate"],"picked":"Wireheading","floor":29},{"not_picked":["Swivel","Tantrum"],"picked":"InnerPeace","floor":30},{"not_picked":["EmptyFist","ThirdEye","PathToVictory"],"picked":"SKIP","floor":31},{"not_picked":["ConjureBlade","Blasphemy"],"picked":"MasterReality","floor":33},{"not_picked":["BowlingBash","CrushJoints+1"],"picked":"MentalFortress","floor":35},{"not_picked":["ClearTheMind","FollowUp"],"picked":"EmptyMind","floor":36},{"not_picked":["Prostrate+1","Evaluate","ForeignInfluence"],"picked":"SKIP","floor":37},{"not_picked":["CrushJoints+1","SashWhip"],"picked":"EmptyMind","floor":38},{"not_picked":["ThirdEye","Tantrum"],"picked":"Crescendo+1","floor":39},{"not_picked":["WheelKick","TalkToTheHand"],"picked":"Meditate","floor":40},{"not_picked":["Halt","Meditate"],"picked":"CutThroughFate","floor":42},{"not_picked":["WreathOfFlame+1","FlyingSleeves+1"],"picked":"MentalFortress+1","floor":45},{"not_picked":["Alpha","SashWhip","CrushJoints"],"picked":"SKIP","floor":47},{"not_picked":["Consecrate","FollowUp"],"picked":"Weave+1","floor":48},{"not_picked":["Devotion","Protect+1"],"picked":"Adaptation+1","floor":55}],"player_experience":6248849,"relics_obtained":[{"floor":6,"key":"Akabeko"},{"floor":8,"key":"Ornamental Fan"},{"floor":9,"key":"Pen Nib"},{"floor":10,"key":"Dead Branch"},{"floor":14,"key":"Happy Flower"},{"floor":24,"key":"Bird Faced Urn"},{"floor":26,"key":"Gremlin Horn"},{"floor":27,"key":"FossilizedHelix"},{"floor":40,"key":"Omamori"},{"floor":42,"key":"Toy Ornithopter"},{"floor":45,"key":"Anchor"},{"floor":47,"key":"Peace Pipe"},{"floor":55,"key":"StoneCalendar"}],"event_choices":[{"damage_healed":0,"gold_gain":0,"player_choice":"Bought 1 Potion","damage_taken":0,"max_hp_gain":0,"max_hp_loss":0,"event_name":"The Woman in Blue","floor":4,"gold_loss":0},{"damage_healed":22,"gold_gain":0,"player_choice":"Banana","damage_taken":0,"max_hp_gain":0,"max_hp_loss":0,"event_name":"Big Fish","floor":5,"gold_loss":0},{"cards_removed":["Defend_P"],"damage_healed":0,"gold_gain":0,"player_choice":"Purged","damage_taken":0,"max_hp_gain":0,"max_hp_loss":0,"event_name":"Purifier","floor":13,"gold_loss":0},{"damage_healed":0,"gold_gain":200,"player_choice":"Gold","damage_taken":0,"max_hp_gain":0,"max_hp_loss":0,"event_name":"Wheel of Change","floor":21,"gold_loss":0},{"damage_healed":0,"gold_gain":0,"player_choice":"Shed Blood","damage_taken":24,"max_hp_gain":5,"max_hp_loss":0,"event_name":"Forgotten Altar","floor":25,"gold_loss":0},{"damage_healed":0,"gold_gain":0,"player_choice":"Rummage","damage_taken":0,"relics_obtained":["WarpedTongs"],"max_hp_gain":0,"max_hp_loss":0,"event_name":"Accursed Blacksmith","floor":44,"gold_loss":0,"cards_obtained":["Pain"]},{"damage_healed":0,"gold_gain":0,"player_choice":"Fight","damage_taken":0,"max_hp_gain":0,"max_hp_loss":0,"event_name":"MindBloom","floor":47,"gold_loss":0}],"is_beta":false,"boss_relics":[{"not_picked":["SlaversCollar","Fusion Hammer"],"picked":"VioletLotus"},{"not_picked":["Velvet Choker","Cursed Key"],"picked":"Runic Dome"}],"items_purged_floors":[11],"is_endless":false,"potions_floor_spawned":[3,6,8,20,27,30,31,35,36,40,47,55],"killed_by":"The Heart","ascension_level":20,"potion_discard_per_floor":[[],[],[],[],[],["StancePotion"],[],[],[],[],[],[],[],[],[],[],[],[],[],[],[],[],[],[],[],[],[],[],[],["LiquidBronze"],[],[],[],[],[],[],[],[],[],[],[],[],[],[],[],[],[],[],[],[],[],[],[],[],[],[]]}