{"neow_bonuses_skipped_log":["REMOVE_CARD","THREE_SMALL_POTIONS","BOSS_RELIC"],"potions_obtained_entropic_brew":[[],[],[],[],[],[],[],[],[],[],[],[],[],[],[],[],[],[],[],[],[],[],[],[],[],[],[],[],[],[],[],[],[],[],[],[],[],[],[],[],[],[],[],[],[],[],[],[],[],[],[],[],[],[],[],[],[]],"neow_costs_skipped_log":["NONE","NONE","NONE"],"gold_per_floor":[115,40,52,71,91,91,108,108,179,209,219,239,239,250,250,323,323,343,343,165,435,481,481,506,95,95,129,139,139,173,186,186,263,263,279,296,296,311,161,494,494,505,505,505,516,551,551,578,578,578,578,578,578,87,112,112],"floor_reached":57,"playtime":2125,"items_purged":["Defend_P","Defend_P","Strike_P","Strike_P","Strike_P"],"score":3439,"play_id":"aec882c7-2d42-4837-98c4-f24500c572e5","local_time":"20240222195542","score_breakdown":["Floors Climbed (57): 285","Enemies Slain (16): 32","Exordium Elites Killed (1): 10","City Elites Killed (2): 40","Beyond Elites Killed (3): 90","Bosses Slain (5): 750","Light Speed: 50","Money Money (1338): 25","Champion (5): 125","Beyond Perfect: 200","C-c-c-combo: 25","Ascension (20): 1557","Heartbreaker: 250"],"is_ascension_mode":true,"potions_obtained_alchemize":[[],[],[],[],[],[],[],[],[],[],[],[],[],[],[],[],[],[],[],[],[],[],[],[],[],[],[],[],[],[],[],[],[],[],[],[],[],[],[],[],[],[],[],[],[],[],[],[],[],[],[],[],[],[],[],[],[]],"campfire_choices":[{"data":"Eruption","floor":6,"key":"SMITH"},{"floor":8,"key":"REST"},{"data":"TalkToTheHand","floor":15,"key":"SMITH"},{"floor":23,"key":"REST"},{"data":"Scrawl","floor":29,"key":"SMITH"},{"data":"Adaptation","floor":32,"key":"SMITH"},{"floor":41,"key":"RECALL"},{"data":"Sanctity","floor":44,"key":"SMITH"},{"data":"InnerPeace","floor":47,"key":"SMITH"},{"data":"Vigilance","floor":49,"key":"SMITH"},{"data":"FollowUp","floor":53,"key":"SMITH"}],"lesson_learned_per_floor":[[],[],[],[],[],[],[],[],[],[],[],[],[],[],[],[],[],[],[],[],[],[],[],[],[],[],[],[],[],[],[],[],[],[],[],[],[],[],[],[],[],[],[],[],[],[],[],[],[],[],[],[],[],[],[],[],[]],"neow_cost":"TEN_PERCENT_HP_LOSS","improvable_cards":{},"seed_source_timestamp":14018065482665,"shop_contents":[{"floor":2,"relics":["Mercury Hourglass","Orichalcum","PrismaticShard"],"cards":["SignatureMove","ReachHeaven","Collect","WaveOfTheHand","Wireheading","Finesse","Secret Weapon"],"potions":["Strength Potion","Block Potion","SneckoOil"]},{"floor":20,"relics":["Ice Cream","Meat on the Bone","Orrery"],"cards":["FlurryOfBlows","CutThroughFate","Prostrate","Meditate","Dramatic Entrance","Metamorphosis"],"potions":["Energy Potion","AttackPotion","AttackPotion"]},{"floor":25,"relics":["Bird Faced Urn","Toolbox"],"cards":["ReachHeaven","TalkToTheHand","Halt","WaveOfTheHand","Wireheading","Deep Breath","Apotheosis"],"potions":["BottledMiracle","Explosive Potion","Energy Potion"]},{"floor":39,"relics":["Blue Candle","Pocketwatch","Lee\u0027s Waffle"],"cards":["FlyingSleeves","EmptyFist","Crescendo","ThirdEye","Nirvana","Discovery","Sadistic Nature"],"potions":["Energy Potion","PowerPotion","PowerPotion"]},{"floor":54,"relics":["Ginger","Bag of Marbles"],"cards":["FlyingSleeves","Conclude","EmptyMind","Wireheading","Forethought","Secret Technique"],"potions":["LiquidBronze","SmokeBomb","Explosive Potion"]}],"circlet_count":0,"master_deck":["AscendersBane","Strike_P","Eruption+1","Vigilance+1","FollowUp+1","Tantrum+1","TalkToTheHand+1","Sanctity+1","Scrawl+1","BowlingBash+1","FearNoEvil+1","Adaptation+1","Secret Technique","InnerPeace+1","Halt+1","Scrawl"],"potion_use_per_floor":[[],[],[],[],[],[],[],[],[],[],[],[],[],[],[],[],[],[],[],[],["Fruit Juice"],[],[],[],[],[],[],[],[],[],[],[],[],[],[],["Fire Potion"],[],[],[],["FearPotion"],[],[],[],[],[],[],[],[],[],[],[],[],[],[],[],["Ancient Potion"],[]],"relics":["PureWater","Ornamental Fan","Tiny Chest","Philosopher\u0027s Stone","Whetstone","Darkstone Periapt","Eternal Feather","Lantern","Mummified Hand","Red Mask","Runic Pyramid","Old Coin","StrikeDummy","Medical Kit","Bottled Lightning"],"potions_floor_usage":[21,36,40,56],"damage_taken":[{"damage":0,"enemies":"Cultist","floor":1,"turns":2},{"damage":8,"enemies":"Small Slimes","floor":3,"turns":3},{"damage":6,"enemies":"2 Louse","floor":4,"turns":2},{"damage":10,"enemies":"Gremlin Gang","floor":5,"turns":4},{"damage":0,"enemies":"Large Slime","floor":7,"turns":2},{"damage":0,"enemies":"Gremlin Nob","floor":10,"turns":2},{"damage":1,"enemies":"Looter","floor":11,"turns":2},{"damage":0,"enemies":"Lots of Slimes","floor":12,"turns":3},{"damage":6,"enemies":"3 Louse","floor":14,"turns":4},{"damage":0,"enemies":"Slime Boss","floor":16,"turns":6},{"damage":0,"enemies":"Spheric Guardian","floor":18,"turns":1},{"damage":17,"enemies":"Slavers","floor":24,"turns":3},{"damage":0,"enemies":"Gremlin Leader","floor":27,"turns":3},{"damage":0,"enemies":"Shell Parasite","floor":28,"turns":1},{"damage":0,"enemies":"Masked Bandits","floor":30,"turns":1},{"damage":0,"enemies":"Cultist and Chosen","floor":31,"turns":2},{"damage":0,"enemies":"Collector","floor":33,"turns":5},{"damage":0,"enemies":"3 Darklings","floor":35,"turns":1},{"damage":5,"enemies":"3 Shapes","floor":36,"turns":1},{"damage":0,"enemies":"Spire Growth","floor":38,"turns":2},{"damage":14,"enemies":"Nemesis","floor":40,"turns":3},{"damage":0,"enemies":"Transient","floor":42,"turns":6},{"damage":0,"enemies":"4 Shapes","floor":45,"turns":1},{"damage":0,"enemies":"Reptomancer","floor":46,"turns":2},{"damage":0,"enemies":"Giant Head","floor":48,"turns":2},{"damage":0,"enemies":"Donu and Deca","floor":50,"turns":4},{"damage":0,"enemies":"Awakened One","floor":51,"turns":4},{"damage":0,"enemies":"Shield and Spear","floor":55,"turns":2},{"damage":12,"enemies":"The Heart","floor":56,"turns":6}],"green_key_taken_log":40,"seed_played":"-2806620648472129796","neow_bonus_log":{"cardsObtained":[],"cardsUpgraded":[],"cardsRemoved":["Defend_P","Defend_P"],"cardsTransformed":[],"relicsObtained":[],"maxHpGained":0,"goldGained":0,"damageTaken":0,"goldLost":0,"maxHpLost":6},"potions_obtained":[{"floor":5,"key":"Block Potion"},{"floor":10,"key":"Fire Potion"},{"floor":18,"key":"Fruit Juice"},{"floor":24,"key":"Fire Potion"},{"floor":35,"key":"Ancient Potion"},{"floor":38,"key":"FearPotion"},{"floor":42,"key":"Regen Potion"},{"floor":46,"key":"LiquidMemories"}],"is_trial":false,"path_per_floor":["M","$","M","M","M","R","M","R","T","E","M","M","?","M","R","B",null,"M","?","$","?","T","R","E","$","T","E","M","R","?","M","R","B",null,"M","M","?","M","$","E","R","M","T","R","M","E","R","E","R","B","B",null,"R","$","E","B",null],"character_chosen":"WATCHER","basemod:card_modifiers":[null,null,null,null,null,null,null,null,null,null,null,null,null,null,null,null],"items_purchased":["Adaptation","Eternal Feather","Medical Kit","Scrawl"],"campfire_rested":2,"item_purchase_floors":[20,25,54,54],"current_hp_per_floor":[61,61,53,47,37,37,37,55,55,55,54,54,54,48,48,48,59,59,59,59,31,31,51,34,34,34,34,34,40,40,40,46,46,62,62,57,47,47,47,33,42,42,42,51,51,51,60,60,67,67,67,67,67,67,67,55],"gold":112,"neow_bonus":"REMOVE_TWO","is_prod":false,"is_daily":false,"rewards_skipped":[{"floor":11,"relics":[],"potions":["ColorlessPotion"]},{"floor":12,"relics":[],"potions":["SpeedPotion"]},{"floor":14,"relics":[],"potions":["PowerPotion"]},{"floor":46,"relics":["Dead Branch"],"potions":[]},{"floor":48,"relics":[],"potions":["Dexterity Potion"]}],"chose_seed":false,"campfire_upgraded":8,"win_rate":0,"floor_exit_playtime":[72,90,117,173,230,236,255,263,265,282,307,356,359,410,423,471,518,544,556,566,586,590,594,669,691,694,752,771,777,800,846,852,939,970,1004,1118,1130,1175,1192,1266,1270,1351,1354,1383,1437,1500,1510,1572,1578,1700,1841,1852,1859,1886,1956,2125],"timestamp":1708649742,"blue_key_relic_skipped_log":{"floor":43,"relicID":"HornCleat"},"path_taken":["M","$","M","M","M","R","M","R","T","E","M","M","?","M","R","BOSS","M","?","$","?","?","R","E","$","T","E","M","R","?","M","R","BOSS","M","M","?","M","?","E","R","M","T","R","M","E","R","E","R","BOSS","BOSS","R","$","E","BOSS"],"build_version":"2022-12-18","purchased_purges":5,"victory":true,"max_hp_per_floor":[62,62,62,62,62,62,62,62,62,62,62,62,62,62,62,62,62,62,62,62,67,67,67,67,67,67,67,67,67,67,67,67,67,67,67,67,67,67,67,67,67,67,67,67,67,67,67,67,67,67,67,67,67,67,67,67],"relic_stats":{"Darkstone Periapt":0,"counters":[29,80],"Ornamental Fan":[472],"Mummified Hand":[16],"Tiny Chest":1,"Eternal Feather":46,"Whetstone":["Tantrum","FearNoEvil"],"Bottled Lightning":"Secret Technique","PureWater":[28],"Medical Kit":[4],"obtain_stats":[{"Darkstone Periapt":24,"Lantern":26,"Eternal Feather":25,"Whetstone":22,"Medical Kit":54,"Old Coin":40,"Ornamental Fan":9,"Mummified Hand":27,"Tiny Chest":10,"Philosopher\u0027s Stone":17,"Red Mask":30,"Bottled Lightning":55,"PureWater":0,"StrikeDummy":48,"Runic Pyramid":34},{"Darkstone Periapt":12,"Lantern":12,"Eternal Feather":12,"Whetstone":11,"Medical Kit":27,"Old Coin":21,"Ornamental Fan":5,"Mummified Hand":13,"Tiny Chest":6,"Philosopher\u0027s Stone":10,"Red Mask":15,"Bottled Lightning":28,"PureWater":0,"StrikeDummy":25,"Runic Pyramid":17},{"Darkstone Periapt":34,"Lantern":34,"Eternal Feather":34,"Whetstone":31,"Medical Kit":72,"Old Coin":53,"Ornamental Fan":13,"Mummified Hand":37,"Tiny Chest":15,"Philosopher\u0027s Stone":30,"Red Mask":39,"Bottled Lightning":74,"PureWater":0,"StrikeDummy":64,"Runic Pyramid":46}]},"card_choices":[{"not_picked":["Evaluate","SashWhip","PathToVictory"],"picked":"SKIP","floor":3},{"not_picked":["FollowUp","Evaluate","LikeWater"],"picked":"SKIP","floor":4},{"not_picked":["Evaluate","LikeWater"],"picked":"FollowUp","floor":4},{"not_picked":["JustLucky","BowlingBash"],"picked":"Tantrum","floor":5},{"not_picked":["Prostrate","Pray"],"picked":"TalkToTheHand","floor":7},{"not_picked":["ThirdEye","Prostrate"],"picked":"Sanctity","floor":11},{"not_picked":["Study","FlyingSleeves","FollowUp"],"picked":"SKIP","floor":12},{"not_picked":["ClearTheMind","ThirdEye","Indignation"],"picked":"SKIP","floor":14},{"not_picked":["Judgement","MasterReality"],"picked":"Scrawl","floor":16},{"not_picked":["Protect","Fasting2"],"picked":"BowlingBash+1","floor":18},{"not_picked":["Evaluate","Indignation","TalkToTheHand","PathToVictory","ClearTheMind","Collect","JustLucky","SashWhip","FlurryOfBlows","Meditate","Halt","EmptyBody","WindmillStrike","ThirdEye","Crescendo","Protect","Prostrate","Nirvana","Consecrate"],"picked":"FearNoEvil","floor":19},{"not_picked":["Halt","Prostrate","Protect+1"],"picked":"SKIP","floor":24},{"not_picked":["Consecrate","Indignation","FollowUp"],"picked":"SKIP","floor":27},{"not_picked":["Worship","Pray","Nirvana"],"picked":"SKIP","floor":28},{"not_picked":["Weave","ThirdEye","Tantrum"],"picked":"SKIP","floor":30},{"not_picked":["Tantrum","Protect","Blasphemy"],"picked":"SKIP","floor":31},{"not_picked":["Establishment","MasterReality","Wish"],"picked":"SKIP","floor":33},{"not_picked":["EmptyFist+1","SashWhip","Evaluate"],"picked":"SKIP","floor":35},{"not_picked":["EmptyMind","BowlingBash+1","Prostrate"],"picked":"SKIP","floor":36},{"not_picked":["Dramatic Entrance","Blind"],"picked":"Secret Technique","floor":37},{"not_picked":["Mind Blast","Good Instincts","Trip"],"picked":"SKIP","floor":37},{"not_picked":["Jack Of All Trades","The Bomb","Good Instincts"],"picked":"SKIP","floor":37},{"not_picked":["Crescendo","Worship+1","CrushJoints"],"picked":"SKIP","floor":38},{"not_picked":["EmptyFist","Protect"],"picked":"InnerPeace","floor":40},{"not_picked":["BowlingBash","FlurryOfBlows","ReachHeaven"],"picked":"SKIP","floor":42},{"not_picked":["WindmillStrike+1","FlurryOfBlows"],"picked":"Halt+1","floor":45},{"not_picked":["Tantrum","Evaluate","DeceiveReality"],"picked":"SKIP","floor":46},{"not_picked":["ForeignInfluence+1","Weave+1","Collect+1"],"picked":"SKIP","floor":48},{"not_picked":["CrushJoints","JustLucky","EmptyBody"],"picked":"SKIP","floor":55}],"player_experience":6264987,"relics_obtained":[{"floor":9,"key":"Ornamental Fan"},{"floor":10,"key":"Tiny Chest"},{"floor":22,"key":"Whetstone"},{"floor":24,"key":"Darkstone Periapt"},{"floor":26,"key":"Lantern"},{"floor":27,"key":"Mummified Hand"},{"floor":30,"key":"Red Mask"},{"floor":40,"key":"Old Coin"},{"floor":48,"key":"StrikeDummy"},{"floor":55,"key":"Bottled Lightning"}],"event_choices":[{"damage_healed":0,"gold_gain":0,"player_choice":"Ignored","damage_taken":0,"max_hp_gain":0,"max_hp_loss":0,"event_name":"Liars Game","floor":13,"gold_loss":0},{"damage_healed":0,"gold_gain":0,"player_choice":"Read","damage_taken":0,"max_hp_gain":0,"max_hp_loss":0,"event_name":"The Library","floor":19,"gold_loss":0,"cards_obtained":["FearNoEvil"]},{"damage_healed":0,"gold_gain":270,"player_choice":"POTION GOLD GOLD GOLD ","damage_taken":33,"max_hp_gain":0,"max_hp_loss":0,"event_name":"Knowing Skull","floor":21,"potions_obtained":["SneckoOil"],"gold_loss":0,"cards_obtained":[]},{"damage_healed":0,"gold_gain":0,"player_choice":"Fought Bandits","damage_taken":0,"max_hp_gain":0,"max_hp_loss":0,"event_name":"Masked Bandits","floor":30,"gold_loss":0},{"damage_healed":0,"gold_gain":0,"player_choice":"Memory 3","damage_taken":10,"max_hp_gain":0,"max_hp_loss":0,"event_name":"SensoryStone","floor":37,"gold_loss":0}],"is_beta":false,"boss_relics":[{"not_picked":["Sozu","Coffee Dripper"],"picked":"Philosopher\u0027s Stone"},{"not_picked":["VioletLotus","Black Star"],"picked":"Runic Pyramid"}],"items_purged_floors":[2,20,25,39,54],"is_endless":false,"potions_floor_spawned":[5,10,11,12,14,18,24,35,38,42,46,48],"ascension_level":20,"potion_discard_per_floor":[[],[],[],[],[],[],[],[],[],[],[],[],[],[],[],[],[],["Block Potion"],[],[],[],[],[],["SneckoOil"],[],[],[],[],[],[],[],[],[],[],["Fire Potion"],[],[],[],[],[],[],[],[],[],[],["Regen Potion"],[],[],[],[],[],[],[],[],[],[],[]]}