{"neow_bonuses_skipped_log":["THREE_ENEMY_KILL","ONE_RARE_RELIC","BOSS_RELIC"],"potions_obtained_entropic_brew":[[],[],[],[],[],[],[],[],[],[],[],[],[],[],[],[],[],[],[],[],[],[],[],[],[],[],[],[],[],[],[],[],[],[],[],[],[],[],[],[],[],[]],"neow_costs_skipped_log":["NONE","CURSE","NONE"],"gold_per_floor":[112,129,144,4,4,4,33,44,44,44,56,56,89,114,114,186,186,199,199,219,230,230,230,262,274,274,303,318,318,336,18,18,89,89,102,156,169,169,182,214,292,292],"floor_reached":42,"playtime":2748,"items_purged":["Strike_G+1"],"score":956,"play_id":"c7d5ee6f-1c96-41df-b5c8-75c339e75c3f","local_time":"20240217200953","score_breakdown":["Floors Climbed (42): 210","Enemies Slain (14): 28","Exordium Elites Killed (2): 20","City Elites Killed (2): 40","Beyond Elites Killed (1): 30","Bosses Slain (2): 150","Ascension (20): 478"],"is_ascension_mode":true,"potions_obtained_alchemize":[[],[],[],[],[],[],[],[],[],[],[],[],[],[],[],[],[],[],[],[],[],[],[],[],[],[],[],[],[],[],[],[],[],[],[],[],[],[],[],[],[],[]],"campfire_choices":[{"data":"Wraith Form v2","floor":6,"key":"SMITH"},{"data":"Noxious Fumes","floor":10,"key":"SMITH"},{"floor":12,"key":"REST"},{"data":"Glass Knife","floor":15,"key":"SMITH"},{"data":"Footwork","floor":23,"key":"SMITH"},{"data":"Neutralize","floor":29,"key":"SMITH"},{"data":"Outmaneuver","floor":32,"key":"SMITH"}],"lesson_learned_per_floor":[[],[],[],[],[],[],[],[],[],[],[],[],[],[],[],[],[],[],[],[],[],[],[],[],[],[],[],[],[],[],[],[],[],[],[],[],[],[],[],[],[],[]],"neow_cost":"NONE","improvable_cards":{},"seed_source_timestamp":27318667885687,"shop_contents":[{"floor":4,"relics":["Mango","Whetstone","Cauldron"],"cards":["Quick Slash","Backflip","Bouncing Flask","Footwork","Blind","Metamorphosis"],"potions":["ColorlessPotion","DistilledChaos"]},{"floor":31,"relics":["Shuriken","Tough Bandages"],"cards":["Quick Slash","Sucker Punch","Caltrops","Jack Of All Trades","Sadistic Nature"],"potions":["Regen Potion","CultistPotion","Fire Potion"]}],"circlet_count":0,"master_deck":["AscendersBane","Strike_G+1","Strike_G+1","Defend_G+1","Defend_G+1","Defend_G+1","Defend_G+1","Defend_G+1","Survivor","Neutralize+1","Wraith Form v2+1","PiercingWail","Noxious Fumes+1","Backstab","Leg Sweep","Dagger Throw","Glass Knife+1","Malaise","Footwork+1","PiercingWail","Slice","Bullet Time","Backflip","Acrobatics","Outmaneuver+1","Sucker Punch+1","Tactician","Dodge and Roll","Flechettes","PiercingWail"],"potion_use_per_floor":[[],[],[],[],[],[],["FearPotion"],[],[],[],[],[],["Weak Potion"],[],[],[],[],[],[],[],[],[],[],["Dexterity Potion"],[],[],[],[],[],[],[],[],[],[],[],["DistilledChaos"],[],[],[],["Poison Potion","FearPotion"],[],[]],"relics":["Ring of the Snake","Lantern","Nunchaku","Du-Vu Doll","Strawberry","Runic Pyramid","Paper Crane","CaptainsWheel","TwistedFunnel","Empty Cage","Ginger","Bag of Preparation","Ninja Scroll"],"potions_floor_usage":[7,13,24,36,40,40],"damage_taken":[{"damage":6,"enemies":"2 Louse","floor":1,"turns":4},{"damage":11,"enemies":"Small Slimes","floor":2,"turns":6},{"damage":7,"enemies":"Jaw Worm","floor":3,"turns":7},{"damage":2,"enemies":"Gremlin Nob","floor":7,"turns":5},{"damage":10,"enemies":"Looter","floor":8,"turns":4},{"damage":0,"enemies":"2 Fungi Beasts","floor":11,"turns":3},{"damage":4,"enemies":"3 Sentries","floor":13,"turns":7},{"damage":39,"enemies":"Slime Boss","floor":16,"turns":12},{"damage":6,"enemies":"3 Byrds","floor":18,"turns":8},{"damage":1,"enemies":"Chosen","floor":20,"turns":7},{"damage":0,"enemies":"Centurion and Healer","floor":21,"turns":10},{"damage":4,"enemies":"Book of Stabbing","floor":24,"turns":8},{"damage":4,"enemies":"Sentry and Sphere","floor":25,"turns":8},{"damage":2,"enemies":"Gremlin Leader","floor":27,"turns":10},{"damage":0,"enemies":"Snecko","floor":28,"turns":6},{"damage":0,"enemies":"3 Cultists","floor":30,"turns":6},{"damage":20,"enemies":"Champ","floor":33,"turns":19},{"damage":9,"enemies":"3 Darklings","floor":35,"turns":7},{"damage":0,"enemies":"2 Orb Walkers","floor":36,"turns":8},{"damage":0,"enemies":"Orb Walker","floor":37,"turns":5},{"damage":0,"enemies":"Transient","floor":39,"turns":6},{"damage":50,"enemies":"Reptomancer","floor":40,"turns":11},{"damage":13,"enemies":"Giant Head","floor":42,"turns":9}],"green_key_taken_log":13,"seed_played":"-6728399260466445882","neow_bonus_log":{"cardsObtained":["Wraith Form v2"],"cardsUpgraded":[],"cardsRemoved":[],"cardsTransformed":[],"relicsObtained":[],"maxHpGained":0,"goldGained":0,"damageTaken":0,"goldLost":0,"maxHpLost":0},"potions_obtained":[{"floor":2,"key":"Weak Potion"},{"floor":7,"key":"Weak Potion"},{"floor":11,"key":"Poison Potion"},{"floor":16,"key":"EssenceOfSteel"},{"floor":21,"key":"Dexterity Potion"},{"floor":25,"key":"DistilledChaos"},{"floor":36,"key":"FearPotion"}],"is_trial":false,"path_per_floor":["M","M","M","$","?","R","E","M","T","R","M","R","E","T","R","B",null,"M","?","M","M","?","R","E","M","T","E","M","R","M","$","R","B",null,"M","?","M","?","M","E","T","E"],"character_chosen":"THE_SILENT","basemod:card_modifiers":[null,null,null,null,null,null,null,null,null,null,null,null,null,null,null,null,null,null,null,null,null,null,null,null,null,null,null,null,null,null],"items_purchased":["Backstab","FearPotion","Acrobatics","Outmaneuver","TwistedFunnel"],"campfire_rested":1,"item_purchase_floors":[4,4,31,31,31],"current_hp_per_floor":[53,42,35,35,35,35,33,23,23,23,23,42,38,45,45,6,56,50,55,54,54,54,54,50,46,46,44,44,44,44,44,44,24,61,52,52,52,52,52,2,2,0],"gold":292,"neow_bonus":"ONE_RANDOM_RARE_CARD","is_prod":false,"is_daily":false,"rewards_skipped":[{"floor":28,"relics":[],"potions":["BlessingOfTheForge"]},{"floor":30,"relics":[],"potions":["Energy Potion"]},{"floor":39,"relics":[],"potions":["FearPotion"]}],"chose_seed":false,"campfire_upgraded":6,"win_rate":0,"floor_exit_playtime":[62,116,164,177,181,188,242,274,278,288,322,330,413,417,422,555,575,710,729,817,942,945,951,1061,1160,1189,1317,1386,1395,1489,1524,1532,1817,1859,1967,2144,2210,2240,2312,2554,2560],"timestamp":1708218593,"blue_key_relic_skipped_log":{"floor":26,"relicID":"Boot"},"path_taken":["M","M","M","$","?","R","E","M","T","R","M","R","E","?","R","BOSS","M","?","?","M","?","R","E","M","T","E","?","R","M","?","R","BOSS","M","?","?","?","M","E","?","E"],"build_version":"2022-12-18","purchased_purges":1,"victory":false,"max_hp_per_floor":[66,66,66,66,66,66,66,66,66,66,66,66,66,73,73,73,73,73,73,73,73,73,73,73,73,73,73,73,73,73,73,73,73,73,73,73,73,69,69,69,69,69],"relic_stats":{"Nunchaku":[27],"counters":[23,176],"Bag of Preparation":[0],"Ginger":[4],"obtain_stats":[{"TwistedFunnel":31,"Lantern":7,"Bag of Preparation":40,"Ginger":36,"Paper Crane":24,"Empty Cage":34,"Du-Vu Doll":13,"Nunchaku":9,"CaptainsWheel":27,"Ninja Scroll":41,"Strawberry":14,"Ring of the Snake":0,"Runic Pyramid":17},{"TwistedFunnel":16,"Lantern":4,"Bag of Preparation":22,"Ginger":19,"Paper Crane":12,"Empty Cage":17,"Du-Vu Doll":7,"Nunchaku":5,"CaptainsWheel":14,"Ninja Scroll":22,"Strawberry":7,"Ring of the Snake":0,"Runic Pyramid":8},{"TwistedFunnel":111,"Lantern":22,"Bag of Preparation":167,"Ginger":145,"Paper Crane":81,"Empty Cage":130,"Du-Vu Doll":36,"Nunchaku":26,"CaptainsWheel":99,"Ninja Scroll":167,"Strawberry":36,"Ring of the Snake":0,"Runic Pyramid":48}],"Ring of the Snake":[46]},"card_choices":[{"not_picked":["Acrobatics","Prepared"],"picked":"PiercingWail","floor":1},{"not_picked":["Masterful Stab","Accuracy"],"picked":"Noxious Fumes","floor":2},{"not_picked":["Tactician","Prepared"],"picked":"Quick Slash","floor":3},{"not_picked":["Underhanded Strike","Sucker Punch"],"picked":"Leg Sweep","floor":7},{"not_picked":["Dodge and Roll","Escape Plan"],"picked":"Dagger Throw","floor":8},{"not_picked":["Choke","Prepared"],"picked":"Glass Knife","floor":11},{"not_picked":["Reflex","Poisoned Stab","Bouncing Flask"],"picked":"SKIP","floor":13},{"not_picked":["Die Die Die","Storm of Steel"],"picked":"Malaise","floor":16},{"not_picked":["Cloak And Dagger","Escape Plan"],"picked":"Footwork","floor":18},{"not_picked":["Prepared","Footwork"],"picked":"PiercingWail","floor":20},{"not_picked":["Poisoned Stab","Dagger Spray"],"picked":"Slice","floor":21},{"not_picked":["Sucker Punch","All Out Attack+1","Caltrops"],"picked":"SKIP","floor":24},{"not_picked":["Sucker Punch","All Out Attack+1","Caltrops"],"picked":"SKIP","floor":24},{"not_picked":["Reflex","Poisoned Stab","Dodge and Roll"],"picked":"SKIP","floor":25},{"not_picked":["Glass Knife","Heel Hook"],"picked":"Bullet Time","floor":27},{"not_picked":["PiercingWail","Outmaneuver"],"picked":"Backflip","floor":30},{"not_picked":["Bullet Time","Doppelganger","Unload"],"picked":"SKIP","floor":33},{"not_picked":["Dodge and Roll","Dagger Throw"],"picked":"Sucker Punch+1","floor":35},{"not_picked":["Slice","All Out Attack+1"],"picked":"Tactician","floor":36},{"not_picked":["Cloak And Dagger","Poisoned Stab"],"picked":"Dodge and Roll","floor":37},{"not_picked":["Slice","Setup"],"picked":"Flechettes","floor":39},{"not_picked":["Tools of the Trade","Dagger Throw"],"picked":"PiercingWail","floor":40}],"player_experience":6161776,"relics_obtained":[{"floor":7,"key":"Lantern"},{"floor":9,"key":"Nunchaku"},{"floor":13,"key":"Du-Vu Doll"},{"floor":14,"key":"Strawberry"},{"floor":24,"key":"Paper Crane"},{"floor":27,"key":"CaptainsWheel"},{"floor":36,"key":"Ginger"},{"floor":40,"key":"Bag of Preparation"},{"floor":41,"key":"Ninja Scroll"}],"event_choices":[{"damage_healed":0,"gold_gain":0,"player_choice":"Ignored","damage_taken":0,"max_hp_gain":0,"max_hp_loss":0,"event_name":"Shining Light","floor":5,"gold_loss":0},{"cards_removed":["Quick Slash"],"damage_healed":5,"gold_gain":0,"player_choice":"Offered Common","damage_taken":0,"max_hp_gain":0,"max_hp_loss":0,"event_name":"Bonfire Elementals","floor":19,"gold_loss":0},{"cards_removed":["Quick Slash"],"damage_healed":5,"gold_gain":0,"player_choice":"Offered Special","damage_taken":0,"max_hp_gain":0,"max_hp_loss":0,"event_name":"Bonfire Elementals","floor":19,"gold_loss":0},{"damage_healed":0,"gold_gain":0,"player_choice":"Simplicity","damage_taken":0,"max_hp_gain":0,"max_hp_loss":0,"event_name":"Back to Basics","floor":22,"gold_loss":0,"cards_upgraded":["Strike_G","Strike_G","Strike_G","Strike_G","Strike_G","Defend_G","Defend_G","Defend_G","Defend_G","Defend_G"]},{"damage_healed":0,"gold_gain":0,"player_choice":"Fight","damage_taken":0,"max_hp_gain":0,"max_hp_loss":0,"event_name":"Mysterious Sphere","floor":36,"gold_loss":0},{"damage_healed":0,"gold_gain":0,"player_choice":"Max HP","damage_taken":0,"max_hp_gain":0,"max_hp_loss":4,"event_name":"Winding Halls","floor":38,"gold_loss":0}],"is_beta":false,"boss_relics":[{"not_picked":["Ring of the Serpent","Calling Bell"],"picked":"Runic Pyramid"},{"not_picked":["Pandora\u0027s Box","Busted Crown"],"picked":"Empty Cage"}],"items_purged_floors":[31],"is_endless":false,"potions_floor_spawned":[2,7,11,16,21,25,28,30,36,39],"killed_by":"Giant Head","ascension_level":20,"potion_discard_per_floor":[[],[],[],[],[],[],[],[],[],[],["Weak Potion"],[],[],[],[],[],[],[],[],[],["EssenceOfSteel"],[],[],[],[],[],[],[],[],[],[],[],[],[],[],[],[],[],[],[],[],[]]}