{"neow_bonuses_skipped_log":["ONE_RANDOM_RARE_CARD","TWENTY_PERCENT_HP_BONUS","BOSS_RELIC"],"neow_costs_skipped_log":["NONE","PERCENT_DAMAGE","NONE"],"potions_obtained_entropic_brew":[[],[],[],[],[],[],[],[],[],[],[],[],[],[],[],[]],"gold_per_floor":[115,115,115,129,143,179,202,216,216,216,216,260,260,283,283,283],"floor_reached":16,"playtime":679,"items_purged":[],"score":224,"play_id":"581a6f81-3e6c-4611-a43c-18206e223c71","local_time":"20240223204111","score_breakdown":["Floors Climbed (16): 80","Enemies Slain (6): 12","Exordium Elites Killed (2): 20","Bosses Slain (0): 0","Ascension (20): 112"],"is_ascension_mode":true,"potions_obtained_alchemize":[[],[],[],[],[],[],[],[],[],[],[],[],[],[],[],[]],"campfire_choices":[{"floor":10,"key":"REST"},{"data":"Underhanded Strike","floor":13,"key":"SMITH"},{"data":"Glass Knife","floor":15,"key":"SMITH"}],"lesson_learned_per_floor":[[],[],[],[],[],[],[],[],[],[],[],[],[],[],[],[]],"neow_cost":"NONE","improvable_cards":{},"seed_source_timestamp":20988998591232,"shop_contents":[],"circlet_count":0,"master_deck":["AscendersBane","Strike_G","Strike_G","Strike_G","Strike_G","Strike_G","Defend_G","Defend_G","Defend_G","Defend_G","Defend_G","Survivor","Neutralize","Underhanded Strike+1","Acrobatics","Glass Knife+1","Adrenaline","Slice","Storm of Steel","Infinite Blades"],"potion_use_per_floor":[[],[],[],[],["GamblersBrew"],["DistilledChaos","Explosive Potion"],[],[],[],[],[],[],[],[],[],["Poison Potion","Dexterity Potion"]],"relics":["Ring of the Snake","Golden Idol","Omamori","Mercury Hourglass","Darkstone Periapt"],"potions_floor_usage":[5,6,6,16,16],"damage_taken":[{"damage":5,"enemies":"Jaw Worm","floor":1,"turns":7},{"damage":1,"enemies":"Small Slimes","floor":4,"turns":4},{"damage":1,"enemies":"Cultist","floor":5,"turns":4},{"damage":3,"enemies":"Gremlin Nob","floor":6,"turns":3},{"damage":28,"enemies":"Exordium Thugs","floor":7,"turns":4},{"damage":1,"enemies":"Exordium Wildlife","floor":8,"turns":3},{"damage":10,"enemies":"3 Sentries","floor":12,"turns":6},{"damage":6,"enemies":"Looter","floor":14,"turns":3},{"damage":42,"enemies":"Hexaghost","floor":16,"turns":9}],"seed_played":"5639137990252871083","neow_bonus_log":{"cardsObtained":[],"cardsUpgraded":[],"cardsRemoved":[],"cardsTransformed":[],"relicsObtained":[],"maxHpGained":0,"goldGained":0,"damageTaken":0,"goldLost":0,"maxHpLost":0},"potions_obtained":[{"floor":0,"key":"GamblersBrew"},{"floor":0,"key":"Explosive Potion"},{"floor":5,"key":"DistilledChaos"},{"floor":7,"key":"Ancient Potion"},{"floor":8,"key":"Poison Potion"},{"floor":14,"key":"Dexterity Potion"}],"is_trial":false,"path_per_floor":["M","?","?","M","M","E","M","M","T","R","?","E","R","M","R","B"],"character_chosen":"THE_SILENT","basemod:card_modifiers":[null,null,null,null,null,null,null,null,null,null,null,null,null,null,null,null,null,null,null,null],"items_purchased":[],"campfire_rested":1,"item_purchase_floors":[],"current_hp_per_floor":[54,50,50,49,48,45,17,16,16,34,54,44,44,38,38,0],"gold":283,"neow_bonus":"THREE_SMALL_POTIONS","is_prod":false,"is_daily":false,"rewards_skipped":[{"floor":0,"relics":[],"potions":["SmokeBomb"]}],"chose_seed":false,"campfire_upgraded":2,"win_rate":0,"floor_exit_playtime":[107,115,120,150,218,268,324,369,372,390,393,482,492,527,533],"timestamp":1708738871,"path_taken":["M","?","?","M","M","E","M","M","T","R","?","E","R","M","R","BOSS"],"build_version":"2022-12-18","purchased_purges":0,"victory":false,"max_hp_per_floor":[66,66,60,60,60,60,60,60,60,60,60,60,60,60,60,60],"relic_stats":{"Darkstone Periapt":0,"counters":[9,43],"Golden Idol":35,"Omamori":0,"obtain_stats":[{"Darkstone Periapt":12,"Golden Idol":3,"Omamori":6,"Ring of the Snake":0,"Mercury Hourglass":9},{"Darkstone Periapt":7,"Golden Idol":1,"Omamori":4,"Ring of the Snake":0,"Mercury Hourglass":6},{"Darkstone Periapt":31,"Golden Idol":7,"Omamori":18,"Ring of the Snake":0,"Mercury Hourglass":25}],"Ring of the Snake":[18],"Mercury Hourglass":[72]},"card_choices":[{"not_picked":["Slice","Acrobatics"],"picked":"Underhanded Strike","floor":1},{"not_picked":["Deflect","Sucker Punch"],"picked":"Acrobatics","floor":4},{"not_picked":["Bane","Dagger Throw"],"picked":"Glass Knife","floor":5},{"not_picked":["Sucker Punch","Deflect"],"picked":"Adrenaline","floor":6},{"not_picked":["Catalyst","Blur"],"picked":"Slice","floor":7},{"not_picked":["Underhanded Strike","Cloak And Dagger"],"picked":"Storm of Steel","floor":12},{"not_picked":["Endless Agony","Setup"],"picked":"Infinite Blades","floor":14}],"player_experience":6278984,"relics_obtained":[{"floor":6,"key":"Omamori"},{"floor":9,"key":"Mercury Hourglass"},{"floor":12,"key":"Darkstone Periapt"}],"event_choices":[{"damage_healed":0,"gold_gain":0,"player_choice":"Bought 0 Potions","damage_taken":0,"max_hp_gain":0,"max_hp_loss":0,"event_name":"The Woman in Blue","floor":2,"gold_loss":0},{"damage_healed":0,"gold_gain":0,"player_choice":"Lose Max HP","damage_taken":0,"relics_obtained":["Golden Idol"],"max_hp_gain":0,"max_hp_loss":6,"event_name":"Golden Idol","floor":3,"gold_loss":0},{"damage_healed":20,"gold_gain":0,"player_choice":"Banana","damage_taken":0,"max_hp_gain":0,"max_hp_loss":0,"event_name":"Big Fish","floor":11,"gold_loss":0}],"is_beta":false,"boss_relics":[],"items_purged_floors":[],"is_endless":false,"potions_floor_spawned":[5,7,8,14],"killed_by":"Hexaghost","ascension_level":20,"potion_discard_per_floor":[[],[],[],[],[],[],[],[],[],[],[],[],[],["Ancient Potion"],[],[]]}