{"neow_bonuses_skipped_log":["THREE_ENEMY_KILL","RANDOM_COLORLESS_2","BOSS_RELIC"],"neow_costs_skipped_log":["NONE","PERCENT_DAMAGE","NONE"],"potions_obtained_entropic_brew":[[],[],[],[],[],[],[],[],[],[],[],[],[],[],[],[],[],[],[],[],[],[],[],[],[],[],[],[],[],[],[],[],[],[],[],[],[],[],[],[],[],[],[],[],[],[],[],[],[],[],[],[],[],[],[],[],[]],"gold_per_floor":[109,119,394,319,17,44,60,86,110,110,126,159,170,182,182,257,257,274,189,199,217,49,83,83,115,139,157,157,82,110,130,130,207,207,227,227,241,258,258,289,306,306,306,306,319,331,364,193,193,193,193,193,193,7,38,38],"floor_reached":57,"playtime":4322,"items_purged":["Strike_B","Strike_B"],"score":3058,"play_id":"7b96f629-0864-41ab-b418-aed94861ffe4","local_time":"20240223215430","score_breakdown":["Floors Climbed (57): 285","Enemies Slain (17): 34","Exordium Elites Killed (4): 40","City Elites Killed (3): 60","Beyond Elites Killed (2): 60","Bosses Slain (5): 750","Money Money (1121): 25","Librarian: 25","Champion (3): 75","Perfect (1): 50","Overkill: 25","Ascension (20): 1379","Heartbreaker: 250"],"is_ascension_mode":true,"potions_obtained_alchemize":[[],[],[],[],[],[],[],[],[],[],[],[],[],[],[],[],[],[],[],[],[],[],[],[],[],[],[],[],[],[],[],[],[],[],[],[],[],[],[],[],[],[],[],[],[],[],[],[],[],[],[],[],[],[],[],[],[]],"campfire_choices":[{"data":"Consume","floor":15,"key":"SMITH"},{"data":"Electrodynamics","floor":24,"key":"SMITH"},{"data":"Coolheaded","floor":28,"key":"SMITH"},{"data":"Coolheaded","floor":32,"key":"SMITH"},{"floor":42,"key":"RECALL"},{"data":"Coolheaded","floor":44,"key":"SMITH"},{"data":"Rainbow","floor":49,"key":"SMITH"},{"data":"Capacitor","floor":53,"key":"SMITH"}],"lesson_learned_per_floor":[[],[],[],[],[],[],[],[],[],[],[],[],[],[],[],[],[],[],[],[],[],[],[],[],[],[],[],[],[],[],[],[],[],[],[],[],[],[],[],[],[],[],[],[],[],[],[],[],[],[],[],[],[],[],[],[],[]],"neow_cost":"NONE","improvable_cards":{"Genetic Algorithm":[43]},"seed_source_timestamp":21675874418977,"shop_contents":[{"floor":5,"relics":["HornCleat","Bag of Marbles"],"cards":["Rip and Tear","Streamline","Redo","Rainbow","Forethought","Thinking Ahead"],"potions":["FearPotion","CultistPotion"]},{"floor":22,"relics":["Oddly Smooth Stone","HandDrill"],"cards":["Barrage","Compile Driver","Undo","Multi-Cast","Hello World","Dramatic Entrance","Secret Technique"],"potions":["ColorlessPotion","LiquidMemories","Energy Potion"]},{"floor":29,"relics":["Nunchaku","Happy Flower","Sling"],"cards":["Blizzard","Barrage","Double Energy","White Noise","Capacitor","Flash of Steel","Apotheosis"],"potions":["FairyPotion","Strength Potion","SpeedPotion"]},{"floor":48,"relics":["Bronze Scales","Omamori"],"cards":["Compile Driver","Rip and Tear","Steam","Leap","Defragment","Forethought","Secret Technique"],"potions":["FairyPotion","Fire Potion","PowerPotion"]},{"floor":54,"relics":["Pen Nib","Eternal Feather","ClockworkSouvenir"],"cards":["Compile Driver","Gash","Hologram","Stack","Discovery","Secret Technique"],"potions":["Energy Potion","Fire Potion","EssenceOfSteel"]}],"circlet_count":0,"master_deck":["AscendersBane","Strike_B","Defend_B","Defend_B","Defend_B","Defend_B","Zap","Dualcast","Glacier","Coolheaded+1","Hello World","Conserve Battery","Coolheaded+1","Self Repair","Sweeping Beam","Genetic Algorithm","Glacier","Consume+1","Electrodynamics+1","White Noise","Capacitor+1","BootSequence+1","Capacitor+1","Coolheaded+1","Conserve Battery+1","Double Energy","Rainbow+1","Glacier+1","Finesse","Thinking Ahead","Secret Technique","Redo","Parasite","Redo+1","Skim+1","Defragment+1","Loop"],"potion_use_per_floor":[[],[],[],[],[],["Fire Potion"],[],["BlessingOfTheForge"],[],["SmokeBomb"],[],[],[],[],[],[],[],[],[],["Explosive Potion"],[],[],[],[],["FocusPotion"],[],[],[],[],[],[],[],[],[],[],[],[],[],[],[],[],[],[],[],[],[],[],[],[],[],[],[],[],[],[],["FocusPotion","FocusPotion"],[]],"relics":["Cracked Core","Frozen Eye","Letter Opener","DataDisk","Ancient Tea Set","Art of War","Coffee Dripper","Dream Catcher","Centennial Puzzle","Bird Faced Urn","Symbiotic Virus","Shovel","SacredBark","PreservedInsect","Ornamental Fan","Toy Ornithopter","OrangePellets","Vajra"],"potions_floor_usage":[6,8,10,20,25,56,56],"damage_taken":[{"damage":0,"enemies":"Jaw Worm","floor":1,"turns":5},{"damage":0,"enemies":"Small Slimes","floor":2,"turns":3},{"damage":33,"enemies":"Gremlin Nob","floor":6,"turns":4},{"damage":0,"enemies":"Cultist","floor":7,"turns":4},{"damage":5,"enemies":"3 Sentries","floor":8,"turns":11},{"damage":0,"enemies":"Gremlin Nob","floor":10,"turns":2},{"damage":0,"enemies":"Looter","floor":11,"turns":4},{"damage":0,"enemies":"Lagavulin","floor":12,"turns":11},{"damage":0,"enemies":"2 Fungi Beasts","floor":13,"turns":4},{"damage":0,"enemies":"3 Louse","floor":14,"turns":6},{"damage":0,"enemies":"The Guardian","floor":16,"turns":18},{"damage":0,"enemies":"3 Byrds","floor":18,"turns":4},{"damage":11,"enemies":"2 Thieves","floor":20,"turns":4},{"damage":1,"enemies":"Chosen and Byrds","floor":21,"turns":5},{"damage":30,"enemies":"Gremlin Leader","floor":23,"turns":5},{"damage":9,"enemies":"Slavers","floor":25,"turns":3},{"damage":5,"enemies":"3 Cultists","floor":27,"turns":3},{"damage":0,"enemies":"Book of Stabbing","floor":30,"turns":5},{"damage":0,"enemies":"Cultist and Chosen","floor":31,"turns":6},{"damage":32,"enemies":"Collector","floor":33,"turns":13},{"damage":0,"enemies":"3 Shapes","floor":35,"turns":9},{"damage":0,"enemies":"3 Darklings","floor":37,"turns":4},{"damage":3,"enemies":"4 Shapes","floor":38,"turns":5},{"damage":19,"enemies":"Reptomancer","floor":40,"turns":8},{"damage":9,"enemies":"Writhing Mass","floor":41,"turns":8},{"damage":8,"enemies":"Spire Growth","floor":45,"turns":8},{"damage":5,"enemies":"Jaw Worm Horde","floor":46,"turns":5},{"damage":0,"enemies":"Nemesis","floor":47,"turns":9},{"damage":12,"enemies":"Time Eater","floor":50,"turns":19},{"damage":28,"enemies":"Awakened One","floor":51,"turns":22},{"damage":18,"enemies":"Shield and Spear","floor":55,"turns":4},{"damage":3,"enemies":"The Heart","floor":56,"turns":11}],"green_key_taken_log":8,"seed_played":"-6234952773593082819","neow_bonus_log":{"cardsObtained":["Glacier"],"cardsUpgraded":[],"cardsRemoved":[],"cardsTransformed":["Strike_B"],"relicsObtained":[],"maxHpGained":0,"goldGained":0,"damageTaken":0,"goldLost":0,"maxHpLost":0},"potions_obtained":[{"floor":2,"key":"SmokeBomb"},{"floor":6,"key":"BlessingOfTheForge"},{"floor":8,"key":"BlessingOfTheForge"},{"floor":11,"key":"Fire Potion"},{"floor":13,"key":"Explosive Potion"},{"floor":20,"key":"FocusPotion"},{"floor":21,"key":"FocusPotion"},{"floor":27,"key":"Weak Potion"},{"floor":31,"key":"FocusPotion"}],"is_trial":false,"path_per_floor":["M","M","?","?","$","E","M","E","T","E","M","E","M","M","R","B",null,"M","?","M","M","$","E","R","E","T","M","R","$","E","M","R","B",null,"M","?","M","M","?","E","M","R","T","R","M","M","E","$","R","B","B",null,"R","$","E","B",null],"character_chosen":"DEFECT","basemod:card_modifiers":[null,null,null,null,null,null,null,null,null,null,null,null,null,null,null,null,null,null,null,null,null,null,null,null,null,null,null,null,null,null,null,null,null,null,null,null,null],"items_purchased":["Frozen Eye","Hello World","Fire Potion","Centennial Puzzle","OrangePellets","Loop"],"campfire_rested":0,"item_purchase_floors":[5,5,5,22,48,54],"current_hp_per_floor":[64,64,64,64,64,31,31,26,26,33,40,47,54,61,61,68,70,71,71,67,71,71,48,48,56,56,68,68,68,71,71,71,71,71,71,61,69,71,71,67,71,71,71,71,71,71,71,71,71,71,61,69,69,69,70,71],"gold":38,"neow_bonus":"TRANSFORM_CARD","is_prod":false,"is_daily":false,"rewards_skipped":[{"floor":16,"relics":[],"potions":["SneckoOil"]},{"floor":23,"relics":[],"potions":["Fire Potion"]},{"floor":35,"relics":[],"potions":["AttackPotion"]},{"floor":38,"relics":[],"potions":["Weak Potion"]},{"floor":41,"relics":[],"potions":["Regen Potion"]},{"floor":46,"relics":[],"potions":["Block Potion"]}],"chose_seed":false,"campfire_upgraded":7,"win_rate":0,"floor_exit_playtime":[91,131,137,152,233,302,343,517,519,640,701,836,913,974,979,1187,1210,1283,1296,1401,1490,1500,1614,1623,1673,1678,1761,1772,1815,1910,2017,2036,2191,2270,2361,2412,2499,2649,2651,2865,2989,2994,2998,3007,3111,3211,3332,3365,3412,3637,3947,3958,3967,3990,4109,4322],"timestamp":1708743270,"blue_key_relic_skipped_log":{"floor":26,"relicID":"Juzu Bracelet"},"path_taken":["M","M","?","?","$","E","M","E","T","E","M","E","M","M","R","BOSS","M","?","M","?","$","E","R","E","T","M","R","$","E","M","R","BOSS","M","?","M","M","?","E","M","R","T","R","M","M","E","$","R","BOSS","BOSS","R","$","E","BOSS"],"build_version":"2022-12-18","purchased_purges":2,"victory":true,"max_hp_per_floor":[71,71,71,71,71,71,71,71,71,71,71,71,71,71,71,71,71,71,71,71,71,71,71,71,71,71,71,71,71,71,71,71,71,71,71,71,71,71,71,71,71,71,71,71,71,71,71,71,71,71,71,71,71,71,71,71],"relic_stats":{"counters":[32,232],"PreservedInsect":127,"Letter Opener":[728],"Ancient Tea Set":[14],"Frozen Eye":455.64,"OrangePellets":[3],"Dream Catcher":0,"Centennial Puzzle":[39],"Shovel":0,"Ornamental Fan":[8],"Bird Faced Urn":[125],"Art of War":[124],"obtain_stats":[{"SacredBark":34,"Vajra":55,"PreservedInsect":40,"Letter Opener":6,"Ancient Tea Set":9,"Frozen Eye":5,"OrangePellets":48,"DataDisk":8,"Dream Catcher":19,"Centennial Puzzle":22,"Shovel":30,"Ornamental Fan":43,"Bird Faced Urn":23,"Art of War":12,"Coffee Dripper":17,"Cracked Core":0,"Symbiotic Virus":25,"Toy Ornithopter":47},{"SacredBark":20,"Vajra":31,"PreservedInsect":24,"Letter Opener":3,"Ancient Tea Set":5,"Frozen Eye":2,"OrangePellets":28,"DataDisk":5,"Dream Catcher":12,"Centennial Puzzle":14,"Shovel":18,"Ornamental Fan":25,"Bird Faced Urn":15,"Art of War":8,"Coffee Dripper":11,"Cracked Core":0,"Symbiotic Virus":16,"Toy Ornithopter":28},{"SacredBark":120,"Vajra":221,"PreservedInsect":146,"Letter Opener":12,"Ancient Tea Set":27,"Frozen Eye":8,"OrangePellets":176,"DataDisk":27,"Dream Catcher":76,"Centennial Puzzle":85,"Shovel":101,"Ornamental Fan":154,"Bird Faced Urn":90,"Art of War":44,"Coffee Dripper":72,"Cracked Core":0,"Symbiotic Virus":93,"Toy Ornithopter":176}],"Toy Ornithopter":2},"card_choices":[{"not_picked":["Stack","Sweeping Beam"],"picked":"Coolheaded","floor":1},{"not_picked":["Storm","Redo","Scrape"],"picked":"SKIP","floor":2},{"not_picked":["Storm","Redo","Scrape"],"picked":"SKIP","floor":2},{"not_picked":["Aggregate","Go for the Eyes"],"picked":"Conserve Battery","floor":6},{"not_picked":["Hologram","Aggregate"],"picked":"Coolheaded","floor":7},{"not_picked":["Fusion","Seek"],"picked":"Self Repair","floor":8},{"not_picked":["Rebound","White Noise"],"picked":"Sweeping Beam","floor":11},{"not_picked":["Stack","Conserve Battery"],"picked":"Genetic Algorithm","floor":12},{"not_picked":["Streamline","Coolheaded"],"picked":"Glacier","floor":13},{"not_picked":["Leap","Steam"],"picked":"Consume","floor":14},{"not_picked":["Buffer","Machine Learning"],"picked":"Electrodynamics","floor":16},{"not_picked":["Tempest","Static Discharge"],"picked":"White Noise","floor":18},{"not_picked":["Stack","Steam"],"picked":"Capacitor","floor":20},{"not_picked":["Machine Learning","Compile Driver"],"picked":"BootSequence+1","floor":23},{"not_picked":["Reboot","Streamline"],"picked":"Capacitor+1","floor":25},{"not_picked":["Hello World","Turbo"],"picked":"Coolheaded","floor":27},{"not_picked":["Go for the Eyes","Coolheaded"],"picked":"Conserve Battery+1","floor":30},{"not_picked":["Leap","Conserve Battery"],"picked":"Double Energy","floor":31},{"not_picked":["Hyperbeam","All For One"],"picked":"Rainbow","floor":33},{"not_picked":["Cold Snap","Rip and Tear"],"picked":"Glacier+1","floor":35},{"not_picked":["Madness","Jack Of All Trades"],"picked":"Finesse","floor":36},{"not_picked":["Secret Weapon","Flash of Steel"],"picked":"Thinking Ahead","floor":36},{"not_picked":["Bandage Up","Dark Shackles"],"picked":"Secret Technique","floor":36},{"not_picked":["Sweeping Beam+1","Streamline","Steam"],"picked":"SKIP","floor":38},{"not_picked":["Buffer","Rebound"],"picked":"Redo","floor":40},{"not_picked":["Hologram","Beam Cell+1"],"picked":"Redo+1","floor":41},{"not_picked":["Beam Cell","Coolheaded+1"],"picked":"Skim+1","floor":45},{"not_picked":["Compile Driver","Barrage"],"picked":"Defragment+1","floor":47},{"not_picked":["Creative AI","Sweeping Beam","Gash+1"],"picked":"SKIP","floor":55}],"player_experience":6279663,"relics_obtained":[{"floor":6,"key":"Letter Opener"},{"floor":8,"key":"DataDisk"},{"floor":9,"key":"Ancient Tea Set"},{"floor":12,"key":"Art of War"},{"floor":23,"key":"Bird Faced Urn"},{"floor":25,"key":"Symbiotic Virus"},{"floor":30,"key":"Shovel"},{"floor":40,"key":"PreservedInsect"},{"floor":43,"key":"Ornamental Fan"},{"floor":47,"key":"Toy Ornithopter"},{"floor":55,"key":"Vajra"}],"event_choices":[{"damage_healed":0,"gold_gain":275,"player_choice":"Desecrate","damage_taken":0,"max_hp_gain":0,"max_hp_loss":0,"event_name":"Golden Shrine","floor":3,"gold_loss":0,"cards_obtained":["Regret"]},{"cards_removed":["Regret"],"damage_healed":0,"gold_gain":0,"player_choice":"Card Removal","damage_taken":0,"max_hp_gain":0,"max_hp_loss":0,"event_name":"The Cleric","floor":4,"gold_loss":75},{"damage_healed":0,"gold_gain":0,"player_choice":"Obtained Relic","damage_taken":0,"relics_obtained":["Dream Catcher"],"max_hp_gain":0,"max_hp_loss":0,"event_name":"Addict","floor":19,"gold_loss":85},{"damage_healed":0,"gold_gain":0,"player_choice":"Memory 3","damage_taken":10,"max_hp_gain":0,"max_hp_loss":0,"event_name":"SensoryStone","floor":36,"gold_loss":0},{"damage_healed":0,"gold_gain":0,"player_choice":"Ignored","damage_taken":0,"max_hp_gain":0,"max_hp_loss":0,"event_name":"Tomb of Lord Red Mask","floor":39,"gold_loss":0}],"is_beta":false,"boss_relics":[{"not_picked":["Cursed Key","Empty Cage"],"picked":"Coffee Dripper"},{"not_picked":["SlaversCollar","Astrolabe"],"picked":"SacredBark"}],"items_purged_floors":[29,54],"is_endless":false,"potions_floor_spawned":[2,6,8,11,13,16,20,21,23,27,31,35,38,41,46],"ascension_level":20,"potion_discard_per_floor":[[],[],[],[],[],[],[],[],[],[],[],[],["BlessingOfTheForge"],[],[],[],[],[],[],[],["Fire Potion"],[],[],[],[],[],[],[],[],[],["Weak Potion"],[],[],[],[],[],[],[],[],[],[],[],[],[],[],[],[],[],[],[],[],[],[],[],[],[],[]]}