{"neow_bonuses_skipped_log":["REMOVE_CARD","TWENTY_PERCENT_HP_BONUS","BOSS_RELIC"],"potions_obtained_entropic_brew":[[],[],[],[],[],[],[],[],[],[],[],[],[],[],[],[],[],[],[],[],[],[],[],[],[],[],[],[],[],[],[],[],[],[],[],[],[],[],[],[],[],[],[],[],[],[],[],[],[],[],[],[],[],[],[],[],[]],"neow_costs_skipped_log":["NONE","NO_GOLD","NONE"],"gold_per_floor":[113,128,128,138,138,138,151,186,186,186,215,234,234,252,252,324,324,334,345,212,222,82,111,111,146,198,208,224,259,259,174,174,249,249,269,288,306,306,181,181,197,197,197,211,211,225,251,268,268,268,268,268,268,118,143,143],"floor_reached":57,"playtime":3906,"items_purged":["Defend_P","Strike_P","Decay","ReachHeaven"],"score":3012,"play_id":"4be8ddac-0734-4095-a4e8-8606ea461dc6","local_time":"20240223171337","score_breakdown":["Floors Climbed (57): 285","Enemies Slain (18): 36","Exordium Elites Killed (2): 20","City Elites Killed (3): 60","Beyond Elites Killed (1): 30","Bosses Slain (5): 750","Champion (4): 100","Perfect (1): 50","Overkill: 25","C-c-c-combo: 25","Ascension (20): 1381","Heartbreaker: 250"],"is_ascension_mode":true,"potions_obtained_alchemize":[[],[],[],[],[],[],[],[],[],[],[],[],[],[],[],[],[],[],[],[],[],[],[],[],[],[],[],[],[],[],[],[],[],[],[],[],[],[],[],[],[],[],[],[],[],[],[],[],[],[],[],[],[],[],[],[],[]],"campfire_choices":[{"data":"Eruption","floor":6,"key":"SMITH"},{"data":"MentalFortress","floor":13,"key":"SMITH"},{"floor":15,"key":"REST"},{"data":"Vault","floor":24,"key":"SMITH"},{"floor":32,"key":"REST"},{"data":"Adaptation","floor":40,"key":"SMITH"},{"floor":42,"key":"RECALL"},{"data":"EmptyMind","floor":45,"key":"SMITH"},{"data":"Vault","floor":49,"key":"SMITH"},{"floor":53,"key":"DIG"}],"lesson_learned_per_floor":[[],[],[],[],[],[],[],[],[],[],[],[],[],[],[],[],[],[],[],[],[],[],[],[],[],[],[],[],[],[],[],[],[],[],[],[],[],[],[],[],[],[],[],[],[],[],[],[],[],[],[],[],[],[],[],[],[]],"neow_cost":"NONE","improvable_cards":{},"seed_source_timestamp":5252921412835,"shop_contents":[{"floor":20,"relics":["Shuriken","Lizard Tail","Sling"],"cards":["FollowUp","FlyingSleeves","Indignation","LikeWater","PanicButton","Transmutation"],"potions":["FearPotion","Dexterity Potion","DuplicationPotion"]},{"floor":22,"relics":["Bottled Tornado","Ornamental Fan","ClockworkSouvenir"],"cards":["JustLucky","Protect","WaveOfTheHand","LikeWater","Dramatic Entrance","Thinking Ahead"],"potions":["SkillPotion","Fruit Juice","FearPotion"]},{"floor":39,"relics":["HornCleat","Vajra","Cauldron"],"cards":["CutThroughFate","Conclude","ClearTheMind","Indignation","Wireheading","Finesse","Chrysalis"],"potions":["Weak Potion","Ancient Potion","Swift Potion"]},{"floor":54,"relics":["Bag of Preparation","Blue Candle","OrangePellets"],"cards":["TalkToTheHand","CutThroughFate","EmptyBody","ThirdEye","Fasting2","Dark Shackles","The Bomb"],"potions":["BlessingOfTheForge","CultistPotion","Energy Potion"]}],"circlet_count":0,"master_deck":["AscendersBane","Strike_P","Strike_P","Eruption+1","Vigilance","MentalFortress+1","Adaptation+1","Wireheading","Vault+1","WindmillStrike+1","ThirdEye+1","MentalFortress+1","CutThroughFate","Crescendo","FlurryOfBlows","FearNoEvil","Vault+1","EmptyMind+1","Finesse","Finesse"],"potion_use_per_floor":[[],[],[],[],[],[],[],[],[],[],["Regen Potion"],[],[],["AttackPotion"],[],[],[],["DistilledChaos"],["GamblersBrew"],[],[],[],["SteroidPotion"],[],["PowerPotion"],[],["PowerPotion"],[],["LiquidMemories"],[],[],[],[],[],[],[],[],[],[],[],[],[],[],[],[],[],[],[],[],[],[],[],[],[],[],["Ambrosia"],[]],"relics":["PureWater","Oddly Smooth Stone","White Beast Statue","Mummified Hand","Astrolabe","Shovel","Strawberry","MealTicket","Bottled Lightning","Mercury Hourglass","Runic Pyramid","Regal Pillow","FossilizedHelix","Eternal Feather","InkBottle"],"potions_floor_usage":[11,14,18,19,23,25,27,29,56],"damage_taken":[{"damage":3,"enemies":"Small Slimes","floor":1,"turns":4},{"damage":6,"enemies":"2 Louse","floor":2,"turns":3},{"damage":0,"enemies":"Cultist","floor":4,"turns":3},{"damage":17,"enemies":"Red Slaver","floor":7,"turns":5},{"damage":0,"enemies":"Gremlin Nob","floor":8,"turns":2},{"damage":31,"enemies":"3 Sentries","floor":11,"turns":7},{"damage":0,"enemies":"Looter","floor":12,"turns":2},{"damage":0,"enemies":"Large Slime","floor":14,"turns":3},{"damage":17,"enemies":"The Guardian","floor":16,"turns":10},{"damage":7,"enemies":"2 Thieves","floor":18,"turns":3},{"damage":0,"enemies":"Shell Parasite","floor":19,"turns":5},{"damage":0,"enemies":"Cultist and Chosen","floor":21,"turns":4},{"damage":4,"enemies":"Book of Stabbing","floor":23,"turns":3},{"damage":29,"enemies":"Slavers","floor":25,"turns":5},{"damage":21,"enemies":"Shelled Parasite and Fungi","floor":27,"turns":3},{"damage":0,"enemies":"Snake Plant","floor":28,"turns":4},{"damage":0,"enemies":"Book of Stabbing","floor":29,"turns":4},{"damage":14,"enemies":"Champ","floor":33,"turns":9},{"damage":2,"enemies":"3 Darklings","floor":35,"turns":5},{"damage":0,"enemies":"3 Shapes","floor":36,"turns":4},{"damage":0,"enemies":"Transient","floor":37,"turns":8},{"damage":12,"enemies":"3 Darklings","floor":41,"turns":3},{"damage":0,"enemies":"Jaw Worm Horde","floor":44,"turns":4},{"damage":0,"enemies":"Transient","floor":46,"turns":8},{"damage":0,"enemies":"Nemesis","floor":47,"turns":6},{"damage":0,"enemies":"Spire Growth","floor":48,"turns":5},{"damage":0,"enemies":"Awakened One","floor":50,"turns":6},{"damage":6,"enemies":"Time Eater","floor":51,"turns":10},{"damage":0,"enemies":"Shield and Spear","floor":55,"turns":4},{"damage":10,"enemies":"The Heart","floor":56,"turns":11}],"green_key_taken_log":47,"seed_played":"-4361204736928284970","neow_bonus_log":{"cardsObtained":[],"cardsUpgraded":[],"cardsRemoved":[],"cardsTransformed":[],"relicsObtained":["Oddly Smooth Stone"],"maxHpGained":0,"goldGained":0,"damageTaken":0,"goldLost":0,"maxHpLost":0},"potions_obtained":[{"floor":4,"key":"Regen Potion"},{"floor":7,"key":"SteroidPotion"},{"floor":11,"key":"AttackPotion"},{"floor":14,"key":"SteroidPotion"},{"floor":16,"key":"DistilledChaos"},{"floor":18,"key":"GamblersBrew"},{"floor":19,"key":"Dexterity Potion"},{"floor":21,"key":"PowerPotion"},{"floor":23,"key":"PowerPotion"},{"floor":25,"key":"Strength Potion"},{"floor":27,"key":"LiquidMemories"},{"floor":28,"key":"StancePotion"},{"floor":29,"key":"Ambrosia"},{"floor":33,"key":"GamblersBrew"}],"is_trial":false,"path_per_floor":["M","M","?","M","?","R","M","E","T","?","E","M","R","M","R","B",null,"M","M","$","M","$","E","R","E","T","M","M","E","?","?","R","B",null,"M","M","M","?","$","R","M","R","T","M","R","M","E","M","R","B","B",null,"R","$","E","B",null],"character_chosen":"WATCHER","basemod:card_modifiers":[null,null,null,null,null,null,null,null,null,null,null,null,null,null,null,null,null,null,null,null],"items_purchased":["Crescendo","FearNoEvil"],"campfire_rested":2,"item_purchase_floors":[20,22],"current_hp_per_floor":[58,52,68,68,68,68,51,51,51,51,35,35,35,35,55,38,61,54,54,54,54,54,50,50,28,28,7,7,7,7,7,29,15,60,58,58,58,48,63,63,51,51,51,51,51,51,51,51,51,51,45,68,68,75,75,65],"gold":143,"neow_bonus":"RANDOM_COMMON_RELIC","is_prod":false,"is_daily":false,"rewards_skipped":[{"floor":8,"relics":[],"potions":["Energy Potion"]},{"floor":12,"relics":[],"potions":["Explosive Potion"]},{"floor":35,"relics":[],"potions":["DuplicationPotion"]},{"floor":36,"relics":[],"potions":["PowerPotion"]},{"floor":37,"relics":[],"potions":["Fire Potion"]},{"floor":41,"relics":[],"potions":["LiquidBronze"]},{"floor":44,"relics":[],"potions":["Strength Potion"]},{"floor":46,"relics":[],"potions":["BottledMiracle"]},{"floor":47,"relics":[],"potions":["SpeedPotion"]},{"floor":48,"relics":[],"potions":["BottledMiracle"]},{"floor":55,"relics":[],"potions":["ColorlessPotion"]}],"chose_seed":false,"campfire_upgraded":6,"win_rate":0,"floor_exit_playtime":[107,147,158,197,204,229,275,315,319,322,486,505,512,576,588,765,803,852,961,997,1060,1075,1189,1199,1300,1319,1456,1549,1676,1681,1685,1737,1919,1938,2042,2122,2256,2300,2315,2324,2386,2391,2395,2470,2477,2595,2759,2841,2894,3133,3384,3401,3409,3442,3570,3906],"timestamp":1708726417,"blue_key_relic_skipped_log":{"floor":9,"relicID":"Darkstone Periapt"},"path_taken":["M","M","?","M","?","R","M","E","T","?","E","M","R","?","R","BOSS","M","?","$","M","$","E","R","E","T","M","M","E","?","?","R","BOSS","M","?","M","?","$","R","M","R","T","M","R","M","E","M","R","BOSS","BOSS","R","$","E","BOSS"],"build_version":"2022-12-18","purchased_purges":4,"victory":true,"max_hp_per_floor":[68,68,68,68,68,68,68,68,68,68,68,68,68,68,68,68,68,68,68,68,68,68,68,68,75,75,75,75,75,75,75,75,75,75,75,75,75,75,75,75,75,75,75,75,75,75,75,75,75,75,75,75,75,75,75,75],"relic_stats":{"Regal Pillow":0,"counters":[30,153],"Astrolabe":["WindmillStrike","ThirdEye","MentalFortress"],"Eternal Feather":0,"White Beast Statue":[0.0,0.0,0.0,0.4,0.0,0.6000000000000001,0.0,0.0,0.0,0.0,0.0,9.460594944000006],"Mercury Hourglass":[329],"Shovel":1,"Mummified Hand":[122],"MealTicket":22,"Bottled Lightning":"Vault","PureWater":[25],"obtain_stats":[{"Regal Pillow":43,"Astrolabe":17,"Oddly Smooth Stone":0,"Eternal Feather":53,"White Beast Statue":8,"Mercury Hourglass":31,"Shovel":23,"Mummified Hand":11,"Strawberry":25,"MealTicket":26,"Bottled Lightning":29,"PureWater":0,"FossilizedHelix":47,"InkBottle":55,"Runic Pyramid":34},{"Regal Pillow":22,"Astrolabe":9,"Oddly Smooth Stone":0,"Eternal Feather":28,"White Beast Statue":5,"Mercury Hourglass":17,"Shovel":13,"Mummified Hand":6,"Strawberry":14,"MealTicket":14,"Bottled Lightning":17,"PureWater":0,"FossilizedHelix":25,"InkBottle":29,"Runic Pyramid":18},{"Regal Pillow":99,"Astrolabe":39,"Oddly Smooth Stone":0,"Eternal Feather":138,"White Beast Statue":17,"Mercury Hourglass":70,"Shovel":54,"Mummified Hand":24,"Strawberry":59,"MealTicket":59,"Bottled Lightning":70,"PureWater":0,"FossilizedHelix":117,"InkBottle":142,"Runic Pyramid":79}],"FossilizedHelix":[74],"InkBottle":[9]},"card_choices":[{"not_picked":["PathToVictory","EmptyBody"],"picked":"MentalFortress","floor":1},{"not_picked":["SignatureMove","Protect"],"picked":"Adaptation","floor":2},{"not_picked":["Sanctity","Weave","Prostrate"],"picked":"SKIP","floor":4},{"not_picked":["PathToVictory","Blasphemy"],"picked":"ReachHeaven","floor":7},{"not_picked":["ReachHeaven","EmptyBody","FollowUp"],"picked":"SKIP","floor":11},{"not_picked":["FlurryOfBlows","CrushJoints"],"picked":"Wireheading","floor":14},{"not_picked":["Wish","Blasphemy"],"picked":"Vault","floor":16},{"not_picked":["Swivel","Crescendo+1"],"picked":"CutThroughFate","floor":18},{"not_picked":["Worship","JustLucky","Indignation"],"picked":"SKIP","floor":19},{"not_picked":["WreathOfFlame","SignatureMove"],"picked":"FlurryOfBlows","floor":21},{"not_picked":["ClearTheMind","Halt","ThirdEye"],"picked":"SKIP","floor":23},{"not_picked":["LikeWater","PathToVictory","Halt"],"picked":"SKIP","floor":25},{"not_picked":["DeusExMachina","EmptyFist","JustLucky"],"picked":"SKIP","floor":27},{"not_picked":["FollowUp","SashWhip+1","WreathOfFlame"],"picked":"SKIP","floor":28},{"not_picked":["WreathOfFlame","Fasting2","Conclude"],"picked":"SKIP","floor":29},{"not_picked":["Judgement","Establishment"],"picked":"Vault","floor":33},{"not_picked":["BowlingBash","FlurryOfBlows+1"],"picked":"EmptyMind","floor":36},{"not_picked":["SashWhip","CutThroughFate","EmptyFist"],"picked":"SKIP","floor":37},{"not_picked":["Good Instincts","Madness"],"picked":"Finesse","floor":38},{"not_picked":["Discovery","Mind Blast"],"picked":"Finesse","floor":38},{"not_picked":["Impatience","Deep Breath","Secret Weapon"],"picked":"SKIP","floor":38},{"not_picked":["Prostrate+1","EmptyBody","FollowUp"],"picked":"SKIP","floor":41},{"not_picked":["CrushJoints","EmptyFist","Worship"],"picked":"SKIP","floor":44},{"not_picked":["Meditate","Consecrate","SashWhip"],"picked":"SKIP","floor":46},{"not_picked":["Crescendo","FollowUp","DeusExMachina"],"picked":"SKIP","floor":47},{"not_picked":["Pray","EmptyBody","FlurryOfBlows"],"picked":"SKIP","floor":48},{"not_picked":["Halt","SandsOfTime","Evaluate+1"],"picked":"SKIP","floor":55}],"player_experience":6272816,"relics_obtained":[{"floor":8,"key":"White Beast Statue"},{"floor":11,"key":"Mummified Hand"},{"floor":23,"key":"Shovel"},{"floor":25,"key":"Strawberry"},{"floor":26,"key":"MealTicket"},{"floor":29,"key":"Bottled Lightning"},{"floor":43,"key":"Regal Pillow"},{"floor":47,"key":"FossilizedHelix"},{"floor":53,"key":"Eternal Feather"},{"floor":55,"key":"InkBottle"}],"event_choices":[{"damage_healed":22,"gold_gain":0,"player_choice":"Banana","damage_taken":0,"max_hp_gain":0,"max_hp_loss":0,"event_name":"Big Fish","floor":3,"gold_loss":0},{"cards_removed":["Defend_P"],"damage_healed":0,"gold_gain":0,"player_choice":"Purged","damage_taken":0,"max_hp_gain":0,"max_hp_loss":0,"event_name":"Purifier","floor":5,"gold_loss":0},{"damage_healed":0,"gold_gain":0,"player_choice":"Fled","damage_taken":0,"max_hp_gain":0,"max_hp_loss":0,"event_name":"Scrap Ooze","floor":10,"gold_loss":0},{"damage_healed":0,"gold_gain":0,"player_choice":"Smashed Altar","damage_taken":0,"max_hp_gain":0,"max_hp_loss":0,"event_name":"Forgotten Altar","floor":30,"gold_loss":0,"cards_obtained":["Decay"]},{"damage_healed":0,"gold_gain":0,"player_choice":"Obtained Relic","damage_taken":0,"relics_obtained":["Mercury Hourglass"],"max_hp_gain":0,"max_hp_loss":0,"event_name":"Addict","floor":31,"gold_loss":85},{"damage_healed":0,"gold_gain":0,"player_choice":"Memory 3","damage_taken":10,"max_hp_gain":0,"max_hp_loss":0,"event_name":"SensoryStone","floor":38,"gold_loss":0}],"is_beta":false,"boss_relics":[{"not_picked":["Philosopher\u0027s Stone","Ectoplasm"],"picked":"Astrolabe"},{"not_picked":["VioletLotus","Black Star"],"picked":"Runic Pyramid"}],"items_purged_floors":[20,22,39,54],"is_endless":false,"potions_floor_spawned":[4,7,8,11,12,14,16,18,19,21,23,25,27,28,29,33,35,36,37,41,44,46,47,48,55],"ascension_level":20,"potion_discard_per_floor":[[],[],[],[],[],[],[],[],[],[],[],[],[],[],[],["SteroidPotion"],[],[],[],[],["Dexterity Potion"],[],[],[],[],[],[],["Strength Potion"],[],[],[],[],["StancePotion"],[],[],[],[],[],[],[],[],[],[],[],[],[],[],[],[],[],[],[],[],[],[],[],[]]}