{"neow_bonuses_skipped_log":["ONE_RANDOM_RARE_CARD","THREE_SMALL_POTIONS","BOSS_RELIC"],"potions_obtained_entropic_brew":[[],[],[],[],[],[],[],[],[],[],[],[],[],[],[],[],[],[],[],[],[],[],[],[],[]],"neow_costs_skipped_log":["NONE","NONE","NONE"],"gold_per_floor":[360,360,372,372,422,422,0,0,0,16,45,59,59,89,89,163,163,179,15,25,25,43,70,70,70],"floor_reached":25,"playtime":1358,"items_purged":["Strike_R"],"score":458,"play_id":"3d0a9a31-f6dd-4669-8d01-8a8305376bed","local_time":"20240222202008","score_breakdown":["Floors Climbed (25): 125","Enemies Slain (7): 14","Exordium Elites Killed (2): 20","City Elites Killed (1): 20","Bosses Slain (1): 50","Ascension (20): 229"],"is_ascension_mode":true,"potions_obtained_alchemize":[[],[],[],[],[],[],[],[],[],[],[],[],[],[],[],[],[],[],[],[],[],[],[],[],[]],"campfire_choices":[{"floor":6,"key":"REST"},{"data":"Armaments","floor":8,"key":"SMITH"},{"data":"Uppercut","floor":15,"key":"SMITH"},{"data":"Fiend Fire","floor":24,"key":"SMITH"}],"lesson_learned_per_floor":[[],[],[],[],[],[],[],[],[],[],[],[],[],[],[],[],[],[],[],[],[],[],[],[],[]],"neow_cost":"CURSE","improvable_cards":{},"seed_source_timestamp":16285085488624,"shop_contents":[{"floor":7,"relics":["Shuriken"],"cards":["Sword Boomerang","Twin Strike","Warcry","Forethought","The Bomb"],"potions":["AttackPotion","Swift Potion","Dexterity Potion"]},{"floor":19,"relics":["Dead Branch","Frozen Egg 2","Brimstone"],"cards":["Headbutt","Thunderclap","Impervious","Evolve","Trip","The Bomb"],"potions":["Regen Potion","FearPotion","Strength Potion"]}],"circlet_count":0,"master_deck":["AscendersBane","Strike_R","Strike_R+1","Strike_R","Strike_R","Defend_R","Defend_R","Defend_R","Defend_R","Bash","Offering+1","Combust","Armaments+1","Uppercut+1","Inflame","Havoc","Anger","Fiend Fire+1","Headbutt","Second Wind","Disarm"],"potion_use_per_floor":[[],[],[],[],[],[],[],[],[],[],[],[],[],[],[],[],[],["BloodPotion"],[],[],[],[],["Regen Potion"],[],["Explosive Potion","BloodPotion"]],"relics":["Burning Blood","Centennial Puzzle","Frozen Eye","Meat on the Bone","Self Forming Clay","Vajra","Black Star","FossilizedHelix","Anchor"],"potions_floor_usage":[18,23,25,25],"damage_taken":[{"damage":9,"enemies":"2 Louse","floor":1,"turns":4},{"damage":6,"enemies":"Cultist","floor":3,"turns":4},{"damage":7,"enemies":"Small Slimes","floor":10,"turns":2},{"damage":23,"enemies":"Lagavulin","floor":11,"turns":7},{"damage":14,"enemies":"3 Louse","floor":12,"turns":3},{"damage":15,"enemies":"Gremlin Nob","floor":14,"turns":3},{"damage":30,"enemies":"The Guardian","floor":16,"turns":9},{"damage":35,"enemies":"2 Thieves","floor":18,"turns":3},{"damage":15,"enemies":"Shell Parasite","floor":20,"turns":4},{"damage":11,"enemies":"Shelled Parasite and Fungi","floor":22,"turns":4},{"damage":37,"enemies":"Slavers","floor":23,"turns":8},{"damage":57,"enemies":"Gremlin Leader","floor":25,"turns":7}],"seed_played":"6122886921438805168","neow_bonus_log":{"cardsObtained":["Doubt"],"cardsUpgraded":[],"cardsRemoved":[],"cardsTransformed":[],"relicsObtained":[],"maxHpGained":0,"goldGained":250,"damageTaken":0,"goldLost":0,"maxHpLost":0},"potions_obtained":[{"floor":1,"key":"EssenceOfSteel"},{"floor":3,"key":"Explosive Potion"},{"floor":12,"key":"BloodPotion"},{"floor":18,"key":"Regen Potion"},{"floor":23,"key":"BloodPotion"}],"is_trial":false,"path_per_floor":["M","?","M","?","?","R","$","R","T","M","E","M","T","E","R","B",null,"M","$","M","?","M","E","R","E"],"character_chosen":"IRONCLAD","basemod:card_modifiers":[null,null,null,null,null,null,null,null,null,null,null,null,null,null,null,null,null,null,null,null,null],"items_purchased":["Centennial Puzzle","Frozen Eye","Combust","Armaments","Second Wind"],"campfire_rested":1,"item_purchase_floors":[7,7,7,7,19],"current_hp_per_floor":[65,65,65,42,35,57,57,57,57,56,51,55,55,46,46,34,65,63,63,54,33,40,36,36,0],"gold":70,"neow_bonus":"TWO_FIFTY_GOLD","is_prod":false,"is_daily":false,"rewards_skipped":[{"floor":16,"relics":[],"potions":["DuplicationPotion"]}],"chose_seed":false,"campfire_upgraded":3,"win_rate":0,"floor_exit_playtime":[62,77,105,110,119,141,166,172,176,199,289,345,348,401,413,543,566,641,701,770,775,838,979,985],"timestamp":1708651208,"blue_key_relic_skipped_log":{"floor":13,"relicID":"Boot"},"path_taken":["M","?","M","?","?","R","$","R","T","M","E","M","?","E","R","BOSS","M","$","?","?","M","E","R","E"],"build_version":"2022-12-18","purchased_purges":1,"victory":false,"max_hp_per_floor":[75,75,75,75,75,75,75,75,75,75,75,75,75,75,75,75,75,75,75,75,80,80,80,80,80],"relic_stats":{"Frozen Eye":147.15012,"Centennial Puzzle":[30],"counters":[12,58],"Self Forming Clay":[111],"Black Star":1,"obtain_stats":[{"Frozen Eye":7,"Centennial Puzzle":7,"Anchor":23,"Self Forming Clay":11,"Vajra":14,"Black Star":17,"Burning Blood":0,"FossilizedHelix":23,"Meat on the Bone":9},{"Frozen Eye":2,"Centennial Puzzle":2,"Anchor":11,"Self Forming Clay":4,"Vajra":6,"Black Star":7,"Burning Blood":0,"FossilizedHelix":11,"Meat on the Bone":2},{"Frozen Eye":8,"Centennial Puzzle":8,"Anchor":51,"Self Forming Clay":17,"Vajra":23,"Black Star":32,"Burning Blood":0,"FossilizedHelix":51,"Meat on the Bone":8}],"Burning Blood":66,"FossilizedHelix":[11],"Meat on the Bone":72},"card_choices":[{"not_picked":["Flex","Seeing Red","Cleave"],"picked":"SKIP","floor":1},{"not_picked":["Shrug It Off","Armaments"],"picked":"Offering","floor":3},{"not_picked":["Havoc","Heavy Blade"],"picked":"Uppercut","floor":10},{"not_picked":["Armaments","Ghostly Armor"],"picked":"Inflame","floor":11},{"not_picked":["Clothesline","Uppercut"],"picked":"Havoc","floor":12},{"not_picked":["Iron Wave","Armaments"],"picked":"Anger","floor":14},{"not_picked":["Limit Break","Double Tap"],"picked":"Fiend Fire","floor":16},{"not_picked":["Spot Weakness","Perfected Strike"],"picked":"Headbutt","floor":18},{"not_picked":["Havoc","Twin Strike","Entrench"],"picked":"SKIP","floor":20},{"not_picked":["Clothesline","Rampage"],"picked":"Disarm","floor":22}],"player_experience":6267112,"relics_obtained":[{"floor":9,"key":"Meat on the Bone"},{"floor":11,"key":"Self Forming Clay"},{"floor":14,"key":"Vajra"},{"floor":23,"key":"FossilizedHelix"},{"floor":23,"key":"Anchor"}],"event_choices":[{"cards_removed":["Doubt"],"damage_healed":0,"gold_gain":0,"player_choice":"Removed Curses","damage_taken":0,"max_hp_gain":0,"max_hp_loss":0,"event_name":"Fountain of Cleansing","floor":2,"gold_loss":0},{"damage_healed":0,"gold_gain":0,"player_choice":"Entered Light","damage_taken":23,"max_hp_gain":0,"max_hp_loss":0,"event_name":"Shining Light","floor":4,"gold_loss":0,"cards_upgraded":["Offering","Strike_R"]},{"damage_healed":0,"gold_gain":50,"player_choice":"Touch","damage_taken":7,"max_hp_gain":0,"max_hp_loss":0,"event_name":"FaceTrader","floor":5,"gold_loss":0},{"damage_healed":0,"gold_gain":0,"player_choice":"Shed Blood","damage_taken":26,"max_hp_gain":5,"max_hp_loss":0,"event_name":"Forgotten Altar","floor":21,"gold_loss":0}],"is_beta":false,"boss_relics":[{"not_picked":["Runic Dome","Black Blood"],"picked":"Black Star"}],"items_purged_floors":[19],"is_endless":false,"potions_floor_spawned":[1,3,12,16,18,23],"killed_by":"Gremlin Leader","ascension_level":20,"potion_discard_per_floor":[[],[],[],[],[],[],[],[],[],[],[],["EssenceOfSteel"],[],[],[],[],[],[],[],[],[],[],[],[],[]]}