{"neow_bonuses_skipped_log":["UPGRADE_CARD","TRANSFORM_TWO_CARDS","BOSS_RELIC"],"potions_obtained_entropic_brew":[[],[],[],[],[],[],[],[],[],[],[],[],[],[],[],[],[],[],[],[],[],[],[],[],[],[],[],[],[],[],[],[],[],[],[],[],[],[],[],[],[],[],[],[],[],[],[],[],[],[],[],[],[],[],[],[],[]],"neow_costs_skipped_log":["NONE","CURSE","NONE"],"gold_per_floor":[209,225,54,64,20,20,39,39,39,64,82,102,102,127,127,198,198,216,216,235,245,257,257,283,283,307,307,339,355,355,385,385,463,463,474,474,485,296,321,349,349,375,401,436,453,470,470,487,487,487,487,487,487,13,41,41],"floor_reached":57,"playtime":3950,"items_purged":["Strike_B+1"],"score":2949,"play_id":"05208c18-e5b6-430a-b83d-571c1bca86f0","local_time":"20240227152249","score_breakdown":["Floors Climbed (57): 285","Enemies Slain (16): 32","Exordium Elites Killed (2): 20","City Elites Killed (3): 60","Beyond Elites Killed (3): 90","Bosses Slain (5): 750","Librarian: 25","Champion (3): 75","C-c-c-combo: 25","Ascension (20): 1337","Heartbreaker: 250"],"is_ascension_mode":true,"potions_obtained_alchemize":[[],[],[],[],[],[],[],[],[],[],[],[],[],[],[],[],[],[],[],[],[],[],[],[],[],[],[],[],[],[],[],[],[],[],[],[],[],[],[],[],[],[],[],[],[],[],[],[],[],[],[],[],[],[],[],[],[]],"campfire_choices":[{"data":"Lockon","floor":6,"key":"SMITH"},{"data":"Zap","floor":8,"key":"SMITH"},{"data":"Consume","floor":13,"key":"SMITH"},{"floor":15,"key":"REST"},{"data":"Aggregate","floor":23,"key":"SMITH"},{"floor":25,"key":"REST"},{"data":"Biased Cognition","floor":30,"key":"SMITH"},{"data":"Self Repair","floor":32,"key":"SMITH"},{"data":"Heatsinks","floor":41,"key":"SMITH"},{"floor":47,"key":"RECALL"},{"data":"Panacea","floor":49,"key":"SMITH"},{"data":"Biased Cognition","floor":53,"key":"SMITH"}],"lesson_learned_per_floor":[[],[],[],[],[],[],[],[],[],[],[],[],[],[],[],[],[],[],[],[],[],[],[],[],[],[],[],[],[],[],[],[],[],[],[],[],[],[],[],[],[],[],[],[],[],[],[],[],[],[],[],[],[],[],[],[],[]],"neow_cost":"NONE","improvable_cards":{},"seed_source_timestamp":16287829940744,"shop_contents":[{"floor":3,"relics":["Nunchaku","Potion Belt"],"cards":["Melter","Blizzard","Leap","Hologram","Static Discharge","Dark Shackles","Sadistic Nature"],"potions":["DuplicationPotion","ColorlessPotion","PotionOfCapacity"]},{"floor":38,"relics":["War Paint","StrikeDummy","Cauldron"],"cards":["Ball Lightning+1","Turbo","Stack","Swift Strike+1","Transmutation"],"potions":["SneckoOil","Block Potion","BlessingOfTheForge"]},{"floor":54,"relics":["DataDisk","TheAbacus"],"cards":["Rip and Tear+1","Scrape+1","Genetic Algorithm","Leap","Finesse","Apotheosis"],"potions":["SpeedPotion"]}],"circlet_count":0,"master_deck":["AscendersBane","Strike_B+1","Defend_B+1","Defend_B+1","Defend_B+1","Zap+1","Dualcast","Chill","Aggregate+1","Lockon+1","Cold Snap","Consume+1","Undo","Biased Cognition+1","Undo","Self Repair+1","FTL","Seek+1","Cold Snap","Beam Cell+1","Machine Learning","Chaos+1","Static Discharge+1","Redo+1","Blind","Flash of Steel+1","Panacea+1","Skim","Heatsinks+1","Sweeping Beam+1","Skim+1","Aggregate+1","Darkness","Compile Driver+1","Biased Cognition+1","Capacitor","Go for the Eyes+1"],"potion_use_per_floor":[[],[],[],[],[],[],[],[],[],[],["Explosive Potion"],[],[],[],["Fruit Juice"],[],[],[],[],[],[],[],[],["Energy Potion"],[],[],[],[],[],[],["Strength Potion"],[],["DistilledChaos"],[],[],[],[],[],[],[],[],[],[],[],[],[],[],[],[],[],["Block Potion","Swift Potion"],[],[],[],[],["Block Potion","FocusPotion"],[]],"relics":["Cracked Core","ClockworkSouvenir","Mercury Hourglass","Matryoshka","InkBottle","Nuclear Battery","Mummified Hand","Eternal Feather","Bag of Preparation","Bottled Flame","Molten Egg 2","Astrolabe","Pantograph","Happy Flower","Darkstone Periapt","Peace Pipe","Kunai","Bottled Lightning","Bag of Marbles"],"potions_floor_usage":[11,15,24,31,33,51,51,56,56],"damage_taken":[{"damage":5,"enemies":"2 Louse","floor":1,"turns":3},{"damage":13,"enemies":"Small Slimes","floor":2,"turns":3},{"damage":0,"enemies":"Cultist","floor":4,"turns":3},{"damage":9,"enemies":"Blue Slaver","floor":7,"turns":3},{"damage":16,"enemies":"Gremlin Nob","floor":10,"turns":4},{"damage":0,"enemies":"Lots of Slimes","floor":11,"turns":1},{"damage":5,"enemies":"Gremlin Gang","floor":12,"turns":3},{"damage":15,"enemies":"Lagavulin","floor":14,"turns":6},{"damage":5,"enemies":"The Guardian","floor":16,"turns":11},{"damage":0,"enemies":"Spheric Guardian","floor":18,"turns":4},{"damage":0,"enemies":"3 Byrds","floor":20,"turns":3},{"damage":4,"enemies":"3 Cultists","floor":21,"turns":6},{"damage":0,"enemies":"Snecko","floor":22,"turns":4},{"damage":62,"enemies":"Gremlin Leader","floor":24,"turns":9},{"damage":3,"enemies":"Book of Stabbing","floor":28,"turns":6},{"damage":0,"enemies":"Snake Plant","floor":29,"turns":4},{"damage":15,"enemies":"Gremlin Leader","floor":31,"turns":9},{"damage":12,"enemies":"Collector","floor":33,"turns":14},{"damage":0,"enemies":"3 Shapes","floor":35,"turns":5},{"damage":0,"enemies":"3 Darklings","floor":37,"turns":7},{"damage":0,"enemies":"Nemesis","floor":40,"turns":5},{"damage":0,"enemies":"Giant Head","floor":42,"turns":6},{"damage":8,"enemies":"Reptomancer","floor":44,"turns":6},{"damage":0,"enemies":"Spire Growth","floor":45,"turns":4},{"damage":0,"enemies":"Maw","floor":46,"turns":4},{"damage":0,"enemies":"3 Darklings","floor":48,"turns":4},{"damage":5,"enemies":"Awakened One","floor":50,"turns":15},{"damage":57,"enemies":"Time Eater","floor":51,"turns":11},{"damage":0,"enemies":"Shield and Spear","floor":55,"turns":4},{"damage":42,"enemies":"The Heart","floor":56,"turns":9}],"green_key_taken_log":31,"seed_played":"8246033191536886814","neow_bonus_log":{"cardsObtained":[],"cardsUpgraded":[],"cardsRemoved":[],"cardsTransformed":[],"relicsObtained":[],"maxHpGained":0,"goldGained":100,"damageTaken":0,"goldLost":0,"maxHpLost":0},"potions_obtained":[{"floor":1,"key":"Explosive Potion"},{"floor":12,"key":"Fruit Juice"},{"floor":16,"key":"Energy Potion"},{"floor":18,"key":"LiquidBronze"},{"floor":20,"key":"Dexterity Potion"},{"floor":24,"key":"Strength Potion"},{"floor":28,"key":"DistilledChaos"},{"floor":40,"key":"SkillPotion"},{"floor":42,"key":"Block Potion"},{"floor":44,"key":"Swift Potion"}],"is_trial":false,"path_per_floor":["M","M","$","M","?","R","M","R","T","E","M","M","R","E","R","B",null,"M","?","M","M","M","R","E","R","T","?","E","M","R","E","R","B",null,"M","?","M","$","T","E","R","E","T","E","M","M","R","M","R","B","B",null,"R","$","E","B",null],"character_chosen":"DEFECT","basemod:card_modifiers":[null,null,null,null,null,null,null,null,null,null,null,null,null,null,null,null,null,null,null,null,null,null,null,null,null,null,null,null,null,null,null,null,null,null,null,null,null],"items_purchased":["ClockworkSouvenir","Heatsinks","Sweeping Beam+1","Bottled Lightning","Capacitor","FocusPotion","Block Potion"],"campfire_rested":2,"item_purchase_floors":[3,38,38,54,54,54,54],"current_hp_per_floor":[59,46,46,46,46,46,37,37,37,21,21,16,16,1,28,23,63,63,63,63,66,73,73,18,40,40,40,44,51,63,55,67,65,73,76,66,76,76,76,76,76,76,76,76,76,76,76,76,76,76,29,64,76,76,76,44],"gold":41,"neow_bonus":"HUNDRED_GOLD","is_prod":false,"is_daily":false,"rewards_skipped":[{"floor":48,"relics":[],"potions":["FearPotion"]}],"chose_seed":false,"campfire_upgraded":9,"win_rate":0,"floor_exit_playtime":[74,113,133,156,164,169,196,204,207,247,265,312,322,376,385,493,546,634,640,689,765,826,835,1011,1017,1021,1036,1129,1173,1179,1371,1388,1621,1681,1760,1776,1942,2012,2035,2126,2133,2264,2273,2456,2572,2661,2668,2788,2799,3028,3404,3415,3423,3443,3618,3950],"timestamp":1709065369,"blue_key_relic_skipped_log":{"floor":43,"relicID":"MealTicket"},"path_taken":["M","?","$","M","?","R","M","R","T","E","M","M","R","E","R","BOSS","M","?","M","?","M","R","E","R","T","?","E","M","R","E","R","BOSS","M","?","M","$","?","E","R","E","T","E","M","M","R","M","R","BOSS","BOSS","R","$","E","BOSS"],"build_version":"2022-12-18","purchased_purges":1,"victory":true,"max_hp_per_floor":[71,71,71,71,71,71,71,71,71,71,71,71,71,71,76,76,76,76,76,76,76,76,76,76,76,76,76,76,76,76,76,76,76,76,76,76,76,76,76,76,76,76,76,76,76,76,76,76,76,76,76,76,76,76,76,76],"relic_stats":{"Darkstone Periapt":0,"Happy Flower":[22],"counters":[30,174],"Astrolabe":["Chaos","Static Discharge","Redo"],"Eternal Feather":36,"Bag of Preparation":[32],"Mercury Hourglass":[690],"Peace Pipe":0,"Bottled Flame":"FTL","Matryoshka":2,"Mummified Hand":[82],"Pantograph":0,"Kunai":[32],"Bottled Lightning":"Seek","obtain_stats":[{"Darkstone Periapt":40,"Happy Flower":39,"Astrolabe":34,"Eternal Feather":26,"Bag of Preparation":26,"ClockworkSouvenir":3,"Mercury Hourglass":9,"Nuclear Battery":17,"Peace Pipe":42,"Bottled Flame":28,"Matryoshka":10,"Mummified Hand":24,"Pantograph":39,"Molten Egg 2":31,"Bag of Marbles":55,"Kunai":44,"Bottled Lightning":54,"Cracked Core":0,"InkBottle":14},{"Darkstone Periapt":21,"Happy Flower":20,"Astrolabe":18,"Eternal Feather":14,"Bag of Preparation":14,"ClockworkSouvenir":2,"Mercury Hourglass":4,"Nuclear Battery":9,"Peace Pipe":22,"Bottled Flame":15,"Matryoshka":5,"Mummified Hand":14,"Pantograph":20,"Molten Egg 2":17,"Bag of Marbles":29,"Kunai":23,"Bottled Lightning":28,"Cracked Core":0,"InkBottle":8},{"Darkstone Periapt":111,"Happy Flower":106,"Astrolabe":95,"Eternal Feather":63,"Bag of Preparation":63,"ClockworkSouvenir":6,"Mercury Hourglass":12,"Nuclear Battery":37,"Peace Pipe":117,"Bottled Flame":69,"Matryoshka":16,"Mummified Hand":63,"Pantograph":106,"Molten Egg 2":81,"Bag of Marbles":165,"Kunai":123,"Bottled Lightning":161,"Cracked Core":0,"InkBottle":26}],"InkBottle":[85]},"card_choices":[{"not_picked":["Ball Lightning","Leap"],"picked":"Chill","floor":1},{"not_picked":["Tempest","Streamline"],"picked":"Aggregate","floor":2},{"not_picked":["Heatsinks","Rebound"],"picked":"Lockon","floor":4},{"not_picked":["Go for the Eyes","Melter"],"picked":"Cold Snap","floor":7},{"not_picked":["Cold Snap","Beam Cell"],"picked":"Consume","floor":10},{"not_picked":["Lockon","Barrage","Scrape"],"picked":"SKIP","floor":11},{"not_picked":["Compile Driver","BootSequence"],"picked":"Undo","floor":14},{"not_picked":["Hyperbeam","Reboot"],"picked":"Biased Cognition","floor":16},{"not_picked":["Undo","Go for the Eyes","Melter"],"picked":"SKIP","floor":18},{"not_picked":["Go for the Eyes","Melter"],"picked":"Undo","floor":18},{"not_picked":["Leap","Darkness"],"picked":"Self Repair","floor":20},{"not_picked":["Steam","Go for the Eyes"],"picked":"FTL","floor":21},{"not_picked":["Sweeping Beam+1","Gash"],"picked":"Seek","floor":24},{"not_picked":["Sweeping Beam","Conserve Battery"],"picked":"Cold Snap","floor":28},{"not_picked":["Rip and Tear","Leap","Turbo"],"picked":"SKIP","floor":29},{"not_picked":["Ball Lightning+1","Reprogram"],"picked":"Beam Cell+1","floor":31},{"not_picked":["Core Surge+1","Amplify"],"picked":"Machine Learning","floor":33},{"not_picked":["Trip","Metamorphosis"],"picked":"Blind","floor":36},{"not_picked":["Bandage Up","Chrysalis"],"picked":"Flash of Steel+1","floor":36},{"not_picked":["Good Instincts","Secret Weapon"],"picked":"Panacea","floor":36},{"not_picked":["Cold Snap+1","Compile Driver+1"],"picked":"Skim","floor":37},{"not_picked":["Stack","Beam Cell+1"],"picked":"Skim+1","floor":40},{"not_picked":["Coolheaded","Gash+1"],"picked":"Aggregate+1","floor":44},{"not_picked":["Turbo+1","Darkness","Leap"],"picked":"SKIP","floor":45},{"not_picked":["Turbo+1","Leap"],"picked":"Darkness","floor":45},{"not_picked":["Coolheaded","Stack+1"],"picked":"Compile Driver+1","floor":46},{"not_picked":["Ball Lightning+1","Sweeping Beam+1"],"picked":"Biased Cognition","floor":48},{"not_picked":["Beam Cell+1","Streamline+1"],"picked":"Go for the Eyes+1","floor":55}],"player_experience":6372391,"relics_obtained":[{"floor":9,"key":"Mercury Hourglass"},{"floor":10,"key":"Matryoshka"},{"floor":14,"key":"InkBottle"},{"floor":24,"key":"Mummified Hand"},{"floor":26,"key":"Eternal Feather"},{"floor":26,"key":"Bag of Preparation"},{"floor":28,"key":"Bottled Flame"},{"floor":31,"key":"Molten Egg 2"},{"floor":39,"key":"Pantograph"},{"floor":39,"key":"Happy Flower"},{"floor":40,"key":"Darkstone Periapt"},{"floor":42,"key":"Peace Pipe"},{"floor":44,"key":"Kunai"},{"floor":55,"key":"Bag of Marbles"}],"event_choices":[{"damage_healed":0,"gold_gain":0,"player_choice":"Left Gold","damage_taken":0,"max_hp_gain":0,"max_hp_loss":0,"event_name":"World of Goop","floor":5,"gold_loss":44},{"damage_healed":0,"gold_gain":0,"player_choice":"Simplicity","damage_taken":0,"max_hp_gain":0,"max_hp_loss":0,"event_name":"Back to Basics","floor":19,"gold_loss":0,"cards_upgraded":["Strike_B","Strike_B","Strike_B","Strike_B","Defend_B","Defend_B","Defend_B","Defend_B"]},{"damage_healed":0,"gold_gain":0,"player_choice":"Forge","damage_taken":0,"max_hp_gain":0,"max_hp_loss":0,"event_name":"Accursed Blacksmith","floor":27,"gold_loss":0,"cards_upgraded":["Seek"]},{"damage_healed":0,"gold_gain":0,"player_choice":"Memory 3","damage_taken":10,"max_hp_gain":0,"max_hp_loss":0,"event_name":"SensoryStone","floor":36,"gold_loss":0}],"is_beta":false,"boss_relics":[{"not_picked":["Tiny House","FrozenCore"],"picked":"Nuclear Battery"},{"not_picked":["Velvet Choker","Snecko Eye"],"picked":"Astrolabe"}],"items_purged_floors":[38],"is_endless":false,"potions_floor_spawned":[1,12,16,18,20,24,28,40,42,44,48],"ascension_level":20,"potion_discard_per_floor":[[],[],[],[],[],[],[],[],[],[],[],[],[],[],[],[],[],[],[],["LiquidBronze"],[],[],[],[],[],[],[],["Dexterity Potion"],[],[],[],[],[],[],[],[],[],[],[],[],[],[],[],["SkillPotion"],[],[],[],[],[],[],[],[],[],[],[],[],[]]}