{"neow_bonuses_skipped_log":["THREE_ENEMY_KILL","REMOVE_TWO","BOSS_RELIC"],"neow_costs_skipped_log":["NONE","PERCENT_DAMAGE","NONE"],"potions_obtained_entropic_brew":[[],[],[],[],[],[],[],[],[],[]],"gold_per_floor":[113,113,132,149,166,166,183,215,252,264],"floor_reached":10,"playtime":372,"items_purged":[],"score":140,"play_id":"4ccdbebf-392b-4037-a07e-9b9eea2cfb03","local_time":"20240229174847","score_breakdown":["Floors Climbed (10): 50","Enemies Slain (5): 10","Exordium Elites Killed (1): 10","Bosses Slain (0): 0","Ascension (20): 70"],"is_ascension_mode":true,"potions_obtained_alchemize":[[],[],[],[],[],[],[],[],[],[]],"campfire_choices":[{"floor":6,"key":"REST"}],"lesson_learned_per_floor":[[],[],[],[],[],[],[],[],[],[]],"neow_cost":"NONE","improvable_cards":{},"seed_source_timestamp":26597887771815,"shop_contents":[],"circlet_count":0,"master_deck":["AscendersBane","Strike_R","Strike_R","Strike_R","Strike_R","Strike_R","Defend_R","Defend_R","Defend_R","Defend_R","Bash","Madness","Anger","Ghostly Armor","Pommel Strike","Shrug It Off","Power Through","Pommel Strike"],"potion_use_per_floor":[[],[],[],[],[],[],[],["Weak Potion"],[],["Swift Potion","BloodPotion"]],"relics":["Burning Blood","Kunai","MawBank","Oddly Smooth Stone"],"potions_floor_usage":[8,10,10],"damage_taken":[{"damage":4,"enemies":"2 Louse","floor":1,"turns":3},{"damage":13,"enemies":"Small Slimes","floor":3,"turns":4},{"damage":16,"enemies":"Jaw Worm","floor":4,"turns":5},{"damage":10,"enemies":"2 Fungi Beasts","floor":5,"turns":4},{"damage":1,"enemies":"Exordium Wildlife","floor":7,"turns":4},{"damage":40,"enemies":"Lagavulin","floor":8,"turns":12},{"damage":42,"enemies":"Gremlin Nob","floor":10,"turns":4}],"seed_played":"-9156177437429773077","neow_bonus_log":{"cardsObtained":[],"cardsUpgraded":[],"cardsRemoved":[],"cardsTransformed":[],"relicsObtained":[],"maxHpGained":0,"goldGained":0,"damageTaken":0,"goldLost":0,"maxHpLost":0},"potions_obtained":[{"floor":5,"key":"Weak Potion"},{"floor":7,"key":"BloodPotion"},{"floor":8,"key":"Swift Potion"}],"is_trial":false,"path_per_floor":["M","?","M","M","M","R","M","E","T","E"],"character_chosen":"IRONCLAD","basemod:card_modifiers":[null,null,null,null,null,null,null,null,null,null,null,null,null,null,null,null,null,null],"items_purchased":[],"campfire_rested":1,"item_purchase_floors":[],"current_hp_per_floor":[70,52,45,35,31,53,58,24,24,0],"gold":264,"neow_bonus":"RANDOM_COLORLESS","is_prod":false,"is_daily":false,"rewards_skipped":[],"chose_seed":false,"campfire_upgraded":0,"win_rate":0,"floor_exit_playtime":[56,63,98,135,171,179,206,312,319],"timestamp":1709246927,"path_taken":["M","?","M","M","M","R","M","E","T","E"],"build_version":"2022-12-18","purchased_purges":0,"victory":false,"max_hp_per_floor":[75,75,75,75,75,75,75,75,75,75],"relic_stats":{"counters":[7,36],"Kunai":[11],"MawBank":24,"obtain_stats":[{"Oddly Smooth Stone":9,"Kunai":2,"MawBank":8,"Burning Blood":0},{"Oddly Smooth Stone":6,"Kunai":1,"MawBank":6,"Burning Blood":0},{"Oddly Smooth Stone":32,"Kunai":3,"MawBank":32,"Burning Blood":0}],"Burning Blood":36},"card_choices":[{"not_picked":["Forethought","Mind Blast"],"picked":"Madness","floor":0},{"not_picked":["Wild Strike","Searing Blow"],"picked":"Anger","floor":1},{"not_picked":["Dark Embrace","True Grit"],"picked":"Ghostly Armor","floor":3},{"not_picked":["Searing Blow","Flex"],"picked":"Pommel Strike","floor":4},{"not_picked":["Anger","Reckless Charge"],"picked":"Shrug It Off","floor":5},{"not_picked":["Dual Wield","True Grit"],"picked":"Power Through","floor":7},{"not_picked":["Flex","Clothesline"],"picked":"Pommel Strike","floor":8}],"player_experience":6392842,"relics_obtained":[{"floor":8,"key":"MawBank"},{"floor":9,"key":"Oddly Smooth Stone"}],"event_choices":[{"damage_healed":0,"gold_gain":0,"player_choice":"Success","damage_taken":18,"relics_obtained":["Kunai"],"max_hp_gain":0,"max_hp_loss":0,"event_name":"Scrap Ooze","floor":2,"gold_loss":0}],"is_beta":false,"boss_relics":[],"items_purged_floors":[],"is_endless":false,"potions_floor_spawned":[5,7,8],"killed_by":"Gremlin Nob","ascension_level":20,"potion_discard_per_floor":[[],[],[],[],[],[],[],[],[],[]]}