{"neow_bonuses_skipped_log":["TRANSFORM_CARD","ONE_RARE_RELIC","BOSS_RELIC"],"potions_obtained_entropic_brew":[[],[],[],[],[],[],[],[],[],[],[],[],[],[],[],[],[],[],[],[],[],[],[],[],[],[],[],[],[],[],[],[],[],[],[],[],[],[],[],[],[],[],[],[],[],[],[],[],[],[],[],[],[],[],[],[],[]],"neow_costs_skipped_log":["NONE","PERCENT_DAMAGE","NONE"],"gold_per_floor":[117,132,142,58,58,58,70,85,85,45,72,72,82,113,113,192,192,211,40,59,59,69,69,80,110,110,110,35,62,93,110,110,188,188,205,11,24,38,54,83,83,112,112,112,112,112,124,154,154,154,154,154,154,42,68,68],"floor_reached":57,"playtime":4136,"items_purged":[],"score":2984,"play_id":"6c188711-354a-4fc8-886a-2e10bb958a05","local_time":"20240226221800","score_breakdown":["Floors Climbed (57): 285","Enemies Slain (16): 32","Exordium Elites Killed (2): 20","City Elites Killed (2): 40","Beyond Elites Killed (3): 90","Bosses Slain (5): 750","Collector (1): 25","Librarian: 25","Champion (3): 75","Perfect (1): 50","Ascension (20): 1342","Heartbreaker: 250"],"is_ascension_mode":true,"potions_obtained_alchemize":[[],[],[],[],[],[],[],[],[],[],[],[],[],[],[],[],[],[],[],[],[],[],[],[],[],[],[],[],[],[],[],[],[],[],[],[],[],[],[],[],[],[],[],[],[],[],[],[],[],[],[],[],[],[],[],[],[]],"campfire_choices":[{"data":"Blade Dance","floor":6,"key":"SMITH"},{"data":"Footwork","floor":12,"key":"SMITH"},{"data":"Terror","floor":15,"key":"SMITH"},{"floor":23,"key":"REST"},{"data":"Well Laid Plans","floor":27,"key":"SMITH"},{"data":"Neutralize","floor":32,"key":"SMITH"},{"data":"Apotheosis","floor":41,"key":"SMITH"},{"data":"Night Terror","floor":44,"key":"SMITH"},{"floor":49,"key":"RECALL"},{"data":"After Image","floor":53,"key":"SMITH"}],"lesson_learned_per_floor":[[],[],[],[],[],[],[],[],[],[],[],[],[],[],[],[],[],[],[],[],[],[],[],[],[],[],[],[],[],[],[],[],[],[],[],[],[],[],[],[],[],[],[],[],[],[],[],[],[],[],[],[],[],[],[],[],[]],"neow_cost":"NONE","improvable_cards":{},"seed_source_timestamp":16485060158853,"shop_contents":[{"floor":4,"relics":["Tiny Chest","Pear","Sling"],"cards":["Riddle With Holes","Sucker Punch","Outmaneuver","Infinite Blades","Forethought","Mayhem"],"potions":["FairyPotion","EssenceOfSteel","ColorlessPotion"]},{"floor":19,"relics":["Shovel","White Beast Statue","DollysMirror"],"cards":["Predator","Deadly Poison","Cloak And Dagger","Finesse","Secret Technique"],"potions":["FearPotion","Explosive Potion","Explosive Potion"]},{"floor":36,"relics":["Potion Belt","Omamori","Membership Card"],"cards":["Backstab","Riddle With Holes","Terror","Crippling Poison","Infinite Blades","Purity"],"potions":["SpeedPotion","SpeedPotion","FearPotion"]},{"floor":54,"relics":["Mercury Hourglass","Calipers","Chemical X"],"cards":["Dagger Spray","Die Die Die","Outmaneuver","Caltrops","Dark Shackles","The Bomb"],"potions":["Regen Potion","Poison Potion"]}],"circlet_count":0,"master_deck":["AscendersBane","Strike_G","Strike_G","Strike_G+1","Defend_G","Defend_G","Defend_G","Defend_G","Defend_G","Survivor","Neutralize+1","Blade Dance+1","Footwork+1","Calculated Gamble","Dagger Throw","Backflip","Terror+1","Backflip","Envenom","Predator+1","Noxious Fumes","Backstab+1","Terror+1","Footwork+1","Dagger Spray+1","Phantasmal Killer","Well Laid Plans+1","Deflect+1","Acrobatics","Night Terror+1","After Image+1","Blur","Apotheosis+1","Backflip","Crippling Poison+1","Parasite","Backflip","Acrobatics","Deflect+1","PiercingWail","Well Laid Plans"],"potion_use_per_floor":[[],[],[],[],[],[],[],[],[],[],[],[],[],["AttackPotion"],[],["DistilledChaos","LiquidMemories"],[],[],[],["Weak Potion"],[],[],[],[],[],[],[],[],[],[],[],[],["PowerPotion"],[],[],[],["LiquidMemories"],[],[],["Weak Potion"],[],[],[],[],[],[],[],[],[],["SkillPotion"],[],[],[],[],["Poison Potion"],["Swift Potion"],[]],"relics":["Ring of the Snake","Anchor","Gremlin Horn","StoneCalendar","Sundial","Paper Crane","Runic Dome","Whetstone","Question Card","Red Mask","Akabeko","Coffee Dripper","Ancient Tea Set","Bronze Scales","Nunchaku","Centennial Puzzle"],"potions_floor_usage":[14,16,16,20,33,37,40,50,55,56],"damage_taken":[{"damage":0,"enemies":"2 Louse","floor":1,"turns":3},{"damage":0,"enemies":"Jaw Worm","floor":2,"turns":5},{"damage":7,"enemies":"Small Slimes","floor":3,"turns":3},{"damage":6,"enemies":"Red Slaver","floor":7,"turns":5},{"damage":6,"enemies":"Large Slime","floor":8,"turns":6},{"damage":8,"enemies":"Lagavulin","floor":11,"turns":7},{"damage":0,"enemies":"Lots of Slimes","floor":13,"turns":3},{"damage":11,"enemies":"Gremlin Nob","floor":14,"turns":3},{"damage":4,"enemies":"Hexaghost","floor":16,"turns":9},{"damage":4,"enemies":"3 Byrds","floor":18,"turns":6},{"damage":4,"enemies":"Chosen","floor":20,"turns":4},{"damage":24,"enemies":"Snake Plant","floor":22,"turns":5},{"damage":0,"enemies":"3 Cultists","floor":24,"turns":4},{"damage":0,"enemies":"Gremlin Leader","floor":25,"turns":5},{"damage":11,"enemies":"Masked Bandits","floor":29,"turns":3},{"damage":13,"enemies":"Book of Stabbing","floor":30,"turns":5},{"damage":0,"enemies":"Shelled Parasite and Fungi","floor":31,"turns":3},{"damage":4,"enemies":"Champ","floor":33,"turns":10},{"damage":0,"enemies":"3 Shapes","floor":35,"turns":6},{"damage":0,"enemies":"3 Darklings","floor":37,"turns":5},{"damage":7,"enemies":"Spire Growth","floor":38,"turns":7},{"damage":0,"enemies":"Writhing Mass","floor":39,"turns":7},{"damage":13,"enemies":"Nemesis","floor":40,"turns":7},{"damage":0,"enemies":"Reptomancer","floor":42,"turns":7},{"damage":0,"enemies":"4 Shapes","floor":47,"turns":6},{"damage":0,"enemies":"Giant Head","floor":48,"turns":8},{"damage":1,"enemies":"Donu and Deca","floor":50,"turns":10},{"damage":0,"enemies":"Awakened One","floor":51,"turns":16},{"damage":5,"enemies":"Shield and Spear","floor":55,"turns":11},{"damage":45,"enemies":"The Heart","floor":56,"turns":15}],"green_key_taken_log":48,"seed_played":"8847027500684254552","neow_bonus_log":{"cardsObtained":[],"cardsUpgraded":[],"cardsRemoved":[],"cardsTransformed":[],"relicsObtained":["Anchor"],"maxHpGained":0,"goldGained":0,"damageTaken":0,"goldLost":0,"maxHpLost":0},"potions_obtained":[{"floor":3,"key":"LiquidMemories"},{"floor":8,"key":"Explosive Potion"},{"floor":10,"key":"AttackPotion"},{"floor":14,"key":"DistilledChaos"},{"floor":16,"key":"Weak Potion"},{"floor":22,"key":"Weak Potion"},{"floor":29,"key":"PowerPotion"},{"floor":33,"key":"LiquidMemories"},{"floor":37,"key":"AttackPotion"},{"floor":40,"key":"Poison Potion"},{"floor":48,"key":"SkillPotion"}],"is_trial":false,"path_per_floor":["M","M","M","$","?","R","M","M","T","?","E","R","M","E","R","B",null,"M","$","M","?","M","R","M","E","T","R","?","?","E","M","R","B",null,"M","$","M","M","M","E","R","E","T","R","?","?","M","E","R","B","B",null,"R","$","E","B",null],"character_chosen":"THE_SILENT","basemod:card_modifiers":[null,null,null,null,null,null,null,null,null,null,null,null,null,null,null,null,null,null,null,null,null,null,null,null,null,null,null,null,null,null,null,null,null,null,null,null,null,null,null,null,null],"items_purchased":["Calculated Gamble","Noxious Fumes","Backstab","Apotheosis","Swift Potion","PiercingWail"],"campfire_rested":1,"item_purchase_floors":[4,19,19,36,54,54],"current_hp_per_floor":[59,59,52,52,47,47,41,35,35,35,27,27,27,16,16,12,53,49,49,45,45,21,40,40,40,40,40,40,29,16,16,16,12,53,53,53,53,46,46,33,33,33,33,33,33,33,33,33,33,32,32,55,55,55,50,5],"gold":68,"neow_bonus":"RANDOM_COMMON_RELIC","is_prod":false,"is_daily":false,"rewards_skipped":[{"floor":10,"relics":[],"potions":["Weak Potion","FairyPotion"]},{"floor":11,"relics":[],"potions":["Weak Potion"]},{"floor":30,"relics":[],"potions":["Ancient Potion"]},{"floor":42,"relics":[],"potions":["Fire Potion"]}],"chose_seed":false,"campfire_upgraded":8,"win_rate":0,"floor_exit_playtime":[48,76,100,124,130,140,179,234,238,257,318,325,368,431,437,541,594,671,723,759,771,829,839,908,1031,1037,1047,1054,1127,1201,1262,1286,1605,1632,1737,1753,1874,1964,2072,2163,2173,2329,2334,2341,2348,2358,2470,2627,2630,2839,3130,3141,3172,3208,3497,4136],"timestamp":1709003880,"blue_key_relic_skipped_log":{"floor":43,"relicID":"Mummified Hand"},"path_taken":["M","M","M","$","?","R","M","M","T","?","E","R","M","E","R","BOSS","M","$","M","?","M","R","M","E","T","R","?","?","E","M","R","BOSS","M","?","M","?","M","E","R","E","T","R","?","?","?","E","R","BOSS","BOSS","R","$","E","BOSS"],"build_version":"2022-12-18","purchased_purges":0,"victory":true,"max_hp_per_floor":[66,66,66,66,66,66,66,66,66,66,66,66,66,66,66,66,66,66,66,66,66,66,66,66,66,66,66,66,66,66,66,66,66,66,66,66,66,66,66,66,66,66,66,66,63,63,63,63,63,63,63,63,63,63,63,63],"relic_stats":{"Nunchaku":[10],"Centennial Puzzle":[3],"Gremlin Horn":[38,38],"counters":[30,194],"Sundial":[32],"Bronze Scales":[363],"StoneCalendar":[554],"Whetstone":["Backstab","Strike_G"],"Question Card":13,"Ancient Tea Set":[8],"obtain_stats":[{"Gremlin Horn":5,"StoneCalendar":9,"Whetstone":25,"Paper Crane":14,"Question Card":26,"Ancient Tea Set":40,"Akabeko":30,"Runic Dome":17,"Anchor":0,"Nunchaku":48,"Centennial Puzzle":55,"Sundial":11,"Bronze Scales":42,"Red Mask":29,"Coffee Dripper":34,"Ring of the Snake":0},{"Gremlin Horn":3,"StoneCalendar":5,"Whetstone":14,"Paper Crane":8,"Question Card":14,"Ancient Tea Set":23,"Akabeko":16,"Runic Dome":9,"Anchor":0,"Nunchaku":26,"Centennial Puzzle":29,"Sundial":6,"Bronze Scales":24,"Red Mask":15,"Coffee Dripper":18,"Ring of the Snake":0},{"Gremlin Horn":11,"StoneCalendar":22,"Whetstone":68,"Paper Crane":35,"Question Card":68,"Ancient Tea Set":121,"Akabeko":76,"Runic Dome":44,"Anchor":0,"Nunchaku":142,"Centennial Puzzle":179,"Sundial":29,"Bronze Scales":128,"Red Mask":71,"Coffee Dripper":89,"Ring of the Snake":0}],"Ring of the Snake":[60]},"card_choices":[{"not_picked":["Prepared","Heel Hook","Deadly Poison"],"picked":"SKIP","floor":1},{"not_picked":["Infinite Blades","Poisoned Stab"],"picked":"Blade Dance","floor":2},{"not_picked":["Distraction","Choke"],"picked":"Footwork","floor":3},{"not_picked":["Expertise","Outmaneuver"],"picked":"Dagger Throw","floor":7},{"not_picked":["Dagger Spray","Slice"],"picked":"Backflip","floor":8},{"not_picked":["Bouncing Flask","Underhanded Strike"],"picked":"Terror","floor":11},{"not_picked":["Setup","Prepared","Slice"],"picked":"SKIP","floor":13},{"not_picked":["Finisher","Cloak And Dagger"],"picked":"Backflip","floor":14},{"not_picked":["Unload","Storm of Steel"],"picked":"Envenom","floor":16},{"not_picked":["Backstab","Dagger Spray"],"picked":"Predator+1","floor":18},{"not_picked":["Caltrops","Flying Knee"],"picked":"Terror+1","floor":20},{"not_picked":["Noxious Fumes+1","Deadly Poison"],"picked":"Dagger Spray+1","floor":22},{"not_picked":["Sucker Punch","PiercingWail"],"picked":"Phantasmal Killer","floor":24},{"not_picked":["Dash+1","Deflect"],"picked":"Well Laid Plans","floor":25},{"not_picked":["Slice+1","Flying Knee","Cloak And Dagger"],"picked":"Deflect+1","floor":29},{"not_picked":["Infinite Blades","Heel Hook+1","Crippling Poison"],"picked":"Acrobatics","floor":30},{"not_picked":["Bane","Riddle With Holes","Sucker Punch+1"],"picked":"Night Terror","floor":31},{"not_picked":["Night Terror","Wraith Form v2","Unload"],"picked":"After Image","floor":33},{"not_picked":["Slice","Dodge and Roll","Eviscerate"],"picked":"Blur","floor":35},{"not_picked":["Acrobatics","Backstab","Flechettes+1"],"picked":"Backflip","floor":37},{"not_picked":["Concentrate","Acrobatics","Prepared"],"picked":"Crippling Poison+1","floor":38},{"not_picked":["Poisoned Stab","Flying Knee+1","Predator"],"picked":"Backflip","floor":39},{"not_picked":["Quick Slash+1","Deadly Poison","Footwork","Dash"],"picked":"SKIP","floor":40},{"not_picked":["Prepared","Bane","Unload"],"picked":"Acrobatics","floor":42},{"not_picked":["Quick Slash+1","Bane","Masterful Stab","Dagger Spray"],"picked":"SKIP","floor":47},{"not_picked":["Predator","Tactician","Backstab"],"picked":"Deflect+1","floor":48},{"not_picked":["Catalyst","Dodge and Roll","Expertise+1"],"picked":"Well Laid Plans","floor":55}],"player_experience":6355385,"relics_obtained":[{"floor":9,"key":"StoneCalendar"},{"floor":11,"key":"Sundial"},{"floor":14,"key":"Paper Crane"},{"floor":25,"key":"Whetstone"},{"floor":26,"key":"Question Card"},{"floor":29,"key":"Red Mask"},{"floor":30,"key":"Akabeko"},{"floor":40,"key":"Ancient Tea Set"},{"floor":42,"key":"Bronze Scales"},{"floor":48,"key":"Nunchaku"},{"floor":55,"key":"Centennial Puzzle"}],"event_choices":[{"damage_healed":0,"gold_gain":0,"player_choice":"Success","damage_taken":5,"relics_obtained":["Gremlin Horn"],"max_hp_gain":0,"max_hp_loss":0,"event_name":"Scrap Ooze","floor":5,"gold_loss":0},{"damage_healed":0,"gold_gain":0,"player_choice":"Bought 3 Potions","damage_taken":0,"max_hp_gain":0,"max_hp_loss":0,"event_name":"The Woman in Blue","floor":10,"gold_loss":0},{"damage_healed":0,"gold_gain":0,"player_choice":"Copied","damage_taken":0,"max_hp_gain":0,"max_hp_loss":0,"event_name":"Duplicator","floor":21,"gold_loss":0,"cards_obtained":["Footwork"]},{"cards_removed":["Strike_G"],"damage_healed":0,"gold_gain":0,"player_choice":"Gave Gold","damage_taken":0,"max_hp_gain":0,"max_hp_loss":0,"event_name":"Beggar","floor":28,"gold_loss":75},{"damage_healed":0,"gold_gain":0,"player_choice":"Fought Bandits","damage_taken":0,"max_hp_gain":0,"max_hp_loss":0,"event_name":"Masked Bandits","floor":29,"gold_loss":0},{"damage_healed":0,"gold_gain":0,"player_choice":"Max HP","damage_taken":0,"max_hp_gain":0,"max_hp_loss":3,"event_name":"Winding Halls","floor":45,"gold_loss":0},{"cards_removed":["Strike_G"],"damage_healed":0,"gold_gain":0,"player_choice":"Purged","damage_taken":0,"max_hp_gain":0,"max_hp_loss":0,"event_name":"Purifier","floor":46,"gold_loss":0}],"is_beta":false,"boss_relics":[{"not_picked":["Black Star","Velvet Choker"],"picked":"Runic Dome"},{"not_picked":["Philosopher\u0027s Stone","Tiny House"],"picked":"Coffee Dripper"}],"items_purged_floors":[],"is_endless":false,"potions_floor_spawned":[3,8,11,14,16,22,29,30,33,37,40,42,48],"ascension_level":20,"potion_discard_per_floor":[[],[],[],[],[],[],[],[],[],["Explosive Potion"],[],[],[],[],[],[],[],[],[],[],[],[],[],[],[],[],[],[],[],[],[],[],[],[],[],[],[],[],[],[],[],[],[],[],[],[],[],["AttackPotion"],[],[],[],[],[],[],[],[],[]]}