{"neow_bonuses_skipped_log":["THREE_CARDS","THREE_ENEMY_KILL","TWENTY_PERCENT_HP_BONUS"],"neow_costs_skipped_log":["NONE","NONE","NO_GOLD"],"potions_obtained_entropic_brew":[[],[],[],[],[],[],[],[],[],[],[],[],[],[],[],[],[],[],[],[],[],[],[],[],[],[],[],[],[],[],[],[],[],[],[],[],[],[],[],[],[],[],[],[],[],[],[],[],[],[],[],[],[],[],[],[],[]],"gold_per_floor":[112,112,32,46,66,81,81,106,151,165,182,182,215,242,254,337,349,381,425,437,22,22,22,37,37,37,64,74,104,115,143,143,216,216,228,228,40,59,73,105,105,118,195,240,265,283,318,91,91,91,91,91,91,5,37,37],"floor_reached":57,"playtime":4940,"items_purged":["Barrage"],"score":3114,"play_id":"8b5392b1-26d4-435d-b942-986a4b9e061b","local_time":"20240229205210","falling_options_log":["Seek+1","Self Repair+1"],"score_breakdown":["Floors Climbed (57): 285","Enemies Slain (16): 32","Exordium Elites Killed (2): 20","City Elites Killed (3): 60","Beyond Elites Killed (2): 60","Bosses Slain (5): 750","Money Money (1046): 25","Librarian: 25","Champion (4): 100","Perfect (1): 50","Overkill: 25","C-c-c-combo: 25","Ascension (20): 1407","Heartbreaker: 250"],"is_ascension_mode":true,"potions_obtained_alchemize":[[],[],[],[],[],[],[],[],[],[],[],[],[],[],[],[],[],[],[],[],[],[],[],[],[],[],[],[],[],[],[],[],[],[],[],[],[],[],[],[],[],[],[],[],[],[],[],[],[],[],[],[],[],[],[],[],[]],"campfire_choices":[{"data":"Streamline","floor":7,"key":"SMITH"},{"data":"Self Repair","floor":12,"key":"SMITH"},{"data":"Hologram","floor":15,"key":"SMITH"},{"data":"Seek","floor":23,"key":"SMITH"},{"data":"Buffer","floor":25,"key":"SMITH"},{"data":"Aggregate","floor":32,"key":"SMITH"},{"data":"Coolheaded","floor":41,"key":"SMITH"},{"floor":49,"key":"RECALL"},{"data":"Heatsinks","floor":53,"key":"SMITH"}],"lesson_learned_per_floor":[[],[],[],[],[],[],[],[],[],[],[],[],[],[],[],[],[],[],[],[],[],[],[],[],[],[],[],[],[],[],[],[],[],[],[],[],[],[],[],[],[],[],[],[],[],[],[],[],[],[],[],[],[],[],[],[],[]],"neow_cost":"NONE","improvable_cards":{},"seed_source_timestamp":32959522733030,"shop_contents":[{"floor":3,"relics":["Tiny Chest","InkBottle","Toolbox"],"cards":["Hologram","Turbo","Static Discharge","Impatience","Magnetism"],"potions":["Block Potion","GamblersBrew","DistilledChaos"]},{"floor":21,"relics":["Toy Ornithopter","Torii"],"cards":["Sweeping Beam","Undo","Self Repair","Dark Shackles","Secret Technique"],"potions":["ColorlessPotion","Ancient Potion","ColorlessPotion"]},{"floor":37,"relics":["Orichalcum","Ancient Tea Set"],"cards":["Gash","Sweeping Beam","Force Field","Static Discharge","Flash of Steel","Secret Weapon"],"potions":["Regen Potion","AttackPotion","DistilledChaos"]},{"floor":48,"relics":["Blood Vial","Sling"],"cards":["Barrage","FTL","Chill","Force Field","Heatsinks","Sadistic Nature"],"potions":["SpeedPotion","SpeedPotion","Energy Potion"]},{"floor":54,"relics":["Boot","Oddly Smooth Stone"],"cards":["Compile Driver","Barrage","Stack","Steam","Biased Cognition","Dramatic Entrance","Chrysalis"],"potions":["BlessingOfTheForge","Regen Potion","GamblersBrew"]}],"circlet_count":0,"master_deck":["AscendersBane","Zap+1","Dualcast","Cold Snap","Streamline+1","Skim","Self Repair+1","Chill+1","Hologram+1","Cold Snap","Buffer+1","Auto Shields","White Noise","Core Surge","Reinforced Body","Hyperbeam","Sweeping Beam","Doom and Gloom","Seek+1","Reinforced Body","Aggregate+1","Conserve Battery+1","Cold Snap","Rebound","Meteor Strike","Tempest+1","Coolheaded","Reinforced Body","Coolheaded+1","Biased Cognition","Compile Driver","Heatsinks+1","Compile Driver","Dark Shackles","Seek+1","Creative AI"],"potion_use_per_floor":[[],[],[],[],[],[],[],["SneckoOil"],[],[],[],[],["Weak Potion"],[],[],[],[],[],["DuplicationPotion"],[],[],[],[],[],[],[],[],["DuplicationPotion"],["SneckoOil"],[],[],[],["SkillPotion"],[],[],[],[],[],[],[],[],[],[],[],[],[],[],[],[],[],[],[],[],[],[],["LiquidMemories"],[]],"relics":["Coffee Dripper","Juzu Bracelet","War Paint","MawBank","Pandora\u0027s Box","Red Mask","Chemical X","Lizard Tail","White Beast Statue","Pen Nib","Kunai","SlaversCollar","Membership Card","Regal Pillow","Centennial Puzzle","Du-Vu Doll","Ornamental Fan","Bottled Lightning","DollysMirror","Akabeko"],"potions_floor_usage":[8,13,19,28,29,33,56],"damage_taken":[{"damage":6,"enemies":"Cultist","floor":1,"turns":4},{"damage":2,"enemies":"Jaw Worm","floor":4,"turns":3},{"damage":0,"enemies":"Small Slimes","floor":5,"turns":3},{"damage":26,"enemies":"Exordium Thugs","floor":6,"turns":4},{"damage":23,"enemies":"Gremlin Nob","floor":8,"turns":4},{"damage":4,"enemies":"2 Fungi Beasts","floor":10,"turns":4},{"damage":2,"enemies":"Looter","floor":11,"turns":3},{"damage":6,"enemies":"Lagavulin","floor":13,"turns":8},{"damage":1,"enemies":"Large Slime","floor":14,"turns":6},{"damage":10,"enemies":"The Guardian","floor":16,"turns":12},{"damage":0,"enemies":"Chosen","floor":18,"turns":5},{"damage":19,"enemies":"Masked Bandits","floor":19,"turns":5},{"damage":0,"enemies":"Spheric Guardian","floor":24,"turns":4},{"damage":37,"enemies":"Slavers","floor":27,"turns":4},{"damage":0,"enemies":"Snake Plant","floor":28,"turns":7},{"damage":0,"enemies":"Gremlin Leader","floor":29,"turns":7},{"damage":4,"enemies":"Shelled Parasite and Fungi","floor":30,"turns":8},{"damage":0,"enemies":"Slavers","floor":31,"turns":5},{"damage":49,"enemies":"Champ","floor":33,"turns":20},{"damage":0,"enemies":"3 Shapes","floor":35,"turns":6},{"damage":0,"enemies":"Orb Walker","floor":38,"turns":4},{"damage":0,"enemies":"Spire Growth","floor":39,"turns":6},{"damage":0,"enemies":"Nemesis","floor":40,"turns":9},{"damage":0,"enemies":"3 Darklings","floor":42,"turns":7},{"damage":0,"enemies":"Mind Bloom Boss Battle","floor":45,"turns":7},{"damage":0,"enemies":"Maw","floor":46,"turns":7},{"damage":2,"enemies":"Giant Head","floor":47,"turns":12},{"damage":13,"enemies":"Time Eater","floor":50,"turns":22},{"damage":0,"enemies":"Donu and Deca","floor":51,"turns":20},{"damage":0,"enemies":"Shield and Spear","floor":55,"turns":9},{"damage":53,"enemies":"The Heart","floor":56,"turns":12}],"green_key_taken_log":47,"seed_played":"-2974160317557652188","neow_bonus_log":{"cardsObtained":[],"cardsUpgraded":[],"cardsRemoved":[],"cardsTransformed":[],"relicsObtained":["Coffee Dripper"],"maxHpGained":0,"goldGained":0,"damageTaken":0,"goldLost":0,"maxHpLost":0},"potions_obtained":[{"floor":5,"key":"SneckoOil"},{"floor":10,"key":"Weak Potion"},{"floor":11,"key":"SkillPotion"},{"floor":16,"key":"DuplicationPotion"},{"floor":18,"key":"DuplicationPotion"},{"floor":28,"key":"SneckoOil"},{"floor":29,"key":"Swift Potion"},{"floor":30,"key":"SmokeBomb"},{"floor":31,"key":"SkillPotion"},{"floor":33,"key":"SneckoOil"},{"floor":35,"key":"DistilledChaos"},{"floor":45,"key":"LiquidMemories"}],"is_trial":false,"path_per_floor":["M","?","$","M","M","M","R","E","T","M","M","R","E","M","R","B",null,"M","?","?","$","?","R","M","R","T","E","M","E","M","E","R","B",null,"M","?","$","M","M","E","R","M","T","T","?","M","E","$","R","B","B",null,"R","$","E","B",null],"character_chosen":"DEFECT","basemod:card_modifiers":[null,null,null,null,null,null,null,null,null,null,null,null,null,null,null,null,null,null,null,null,null,null,null,null,null,null,null,null,null,null,null,null,null,null,null,null],"items_purchased":["Cold Snap","Streamline","Chemical X","Doom and Gloom","Seek","Membership Card","Coolheaded","Bottled Lightning","Dark Shackles","DollysMirror"],"campfire_rested":0,"item_purchase_floors":[3,3,21,21,21,37,37,48,48,54],"current_hp_per_floor":[58,58,58,56,56,37,37,21,21,24,29,29,33,42,42,42,64,71,62,81,81,58,58,68,68,68,41,51,61,67,77,77,38,74,84,84,84,86,86,86,86,86,86,86,86,86,86,86,86,83,86,86,86,86,86,43],"gold":37,"neow_bonus":"BOSS_RELIC","is_prod":false,"is_daily":false,"rewards_skipped":[{"floor":38,"relics":[],"potions":["SteroidPotion"]},{"floor":39,"relics":[],"potions":["Block Potion"]},{"floor":40,"relics":[],"potions":["Energy Potion"]},{"floor":42,"relics":[],"potions":["DistilledChaos"]},{"floor":46,"relics":[],"potions":["Block Potion"]},{"floor":47,"relics":[],"potions":["SkillPotion"]},{"floor":55,"relics":[],"potions":["LiquidBronze"]}],"chose_seed":false,"campfire_upgraded":8,"win_rate":0,"floor_exit_playtime":[54,60,76,95,122,160,166,222,230,266,306,314,392,459,472,638,687,740,933,942,992,997,1005,1067,1075,1079,1198,1333,1484,1623,1724,1730,2080,2128,2269,2280,2304,2362,2442,2566,2575,2710,2713,2717,2886,3017,3305,3352,3356,3623,3927,3939,3959,4128,4342,4940],"timestamp":1709257930,"blue_key_relic_skipped_log":{"floor":43,"relicID":"Toxic Egg 2"},"path_taken":["M","?","$","M","M","M","R","E","T","M","M","R","E","M","R","BOSS","M","?","?","$","?","R","M","R","T","E","M","E","M","E","R","BOSS","M","?","$","M","M","E","R","M","T","?","?","M","E","$","R","BOSS","BOSS","R","$","E","BOSS"],"build_version":"2022-12-18","purchased_purges":1,"victory":true,"max_hp_per_floor":[71,71,71,71,71,71,71,71,71,71,71,71,71,71,71,71,71,71,71,81,81,86,86,86,86,86,86,86,86,86,86,86,86,86,86,86,86,86,86,86,86,86,86,86,86,86,86,86,86,86,86,86,86,86,86,86],"relic_stats":{"Regal Pillow":0,"counters":[31,237],"Pen Nib":[27],"Juzu Bracelet":3,"War Paint":["Chill","Defend_B"],"MawBank":96,"White Beast Statue":[0.0,0.0,0.0,0.4,0.0,0.6000000000000001,0.0,0.0,0.0,0.0,0.0,6.820046080000002],"Lizard Tail":0,"Centennial Puzzle":[9],"Ornamental Fan":[84],"Pandora\u0027s Box":["Barrage","All For One","Auto Shields","White Noise","Core Surge","Reinforced Body","Hyperbeam","Thunder Strike"],"Chemical X":[98],"Kunai":[47],"Membership Card":336,"Bottled Lightning":"Seek","obtain_stats":[{"Regal Pillow":40,"Pen Nib":29,"Juzu Bracelet":8,"War Paint":9,"MawBank":13,"White Beast Statue":27,"Akabeko":55,"Du-Vu Doll":45,"SlaversCollar":34,"Lizard Tail":26,"Centennial Puzzle":44,"Ornamental Fan":47,"DollysMirror":54,"Pandora\u0027s Box":17,"Coffee Dripper":0,"Red Mask":19,"Chemical X":21,"Kunai":31,"Membership Card":37,"Bottled Lightning":48,"Cracked Core":0},{"Regal Pillow":23,"Pen Nib":16,"Juzu Bracelet":5,"War Paint":5,"MawBank":8,"White Beast Statue":14,"Akabeko":30,"Du-Vu Doll":25,"SlaversCollar":19,"Lizard Tail":13,"Centennial Puzzle":24,"Ornamental Fan":27,"DollysMirror":29,"Pandora\u0027s Box":10,"Coffee Dripper":0,"Red Mask":12,"Chemical X":12,"Kunai":18,"Membership Card":20,"Bottled Lightning":27,"Cracked Core":0},{"Regal Pillow":141,"Pen Nib":83,"Juzu Bracelet":18,"War Paint":18,"MawBank":33,"White Beast Statue":69,"Akabeko":225,"Du-Vu Doll":155,"SlaversCollar":116,"Lizard Tail":65,"Centennial Puzzle":148,"Ornamental Fan":174,"DollysMirror":216,"Pandora\u0027s Box":51,"Coffee Dripper":0,"Red Mask":61,"Chemical X":61,"Kunai":96,"Membership Card":122,"Bottled Lightning":174,"Cracked Core":0}]},"card_choices":[{"not_picked":["Steam","Gash","Stack"],"picked":"SKIP","floor":1},{"not_picked":["Leap","Compile Driver"],"picked":"Skim","floor":4},{"not_picked":["Gash","Coolheaded"],"picked":"Self Repair","floor":5},{"not_picked":["Conserve Battery","Hologram"],"picked":"Chill","floor":6},{"not_picked":["Barrage","Gash","Multi-Cast"],"picked":"SKIP","floor":10},{"not_picked":["Reinforced Body","Beam Cell"],"picked":"Hologram","floor":11},{"not_picked":["Ball Lightning","Barrage"],"picked":"Cold Snap","floor":13},{"not_picked":["Machine Learning","Reboot"],"picked":"Buffer","floor":16},{"not_picked":["Beam Cell","Gash","Reprogram"],"picked":"SKIP","floor":18},{"not_picked":["Reinforced Body","Ball Lightning"],"picked":"Sweeping Beam","floor":19},{"not_picked":["Steam Power","Stack"],"picked":"Reinforced Body","floor":24},{"not_picked":["Coolheaded","Redo"],"picked":"Aggregate","floor":27},{"not_picked":["Fusion","Leap"],"picked":"Conserve Battery+1","floor":29},{"not_picked":["Reboot","Rebound"],"picked":"Cold Snap","floor":30},{"not_picked":["Ball Lightning","Doom and Gloom"],"picked":"Rebound","floor":31},{"not_picked":["Amplify","Electrodynamics"],"picked":"Meteor Strike","floor":33},{"not_picked":["Melter+1","Static Discharge"],"picked":"Tempest+1","floor":35},{"not_picked":["Force Field","Melter","Leap"],"picked":"SKIP","floor":38},{"not_picked":["Sweeping Beam","Rebound"],"picked":"Reinforced Body","floor":39},{"not_picked":["Beam Cell","Gash"],"picked":"Coolheaded","floor":40},{"not_picked":["Steam","Leap+1"],"picked":"Biased Cognition","floor":42},{"not_picked":["Scrape","Coolheaded"],"picked":"Compile Driver","floor":45},{"not_picked":["Go for the Eyes+1","Storm+1"],"picked":"Heatsinks","floor":46},{"not_picked":["Self Repair","Cold Snap"],"picked":"Compile Driver","floor":47},{"not_picked":["Stack","Fusion"],"picked":"Creative AI","floor":55}],"player_experience":6398928,"relics_obtained":[{"floor":8,"key":"Juzu Bracelet"},{"floor":9,"key":"War Paint"},{"floor":13,"key":"MawBank"},{"floor":19,"key":"Red Mask"},{"floor":26,"key":"Lizard Tail"},{"floor":27,"key":"White Beast Statue"},{"floor":29,"key":"Pen Nib"},{"floor":31,"key":"Kunai"},{"floor":40,"key":"Regal Pillow"},{"floor":44,"key":"Centennial Puzzle"},{"floor":45,"key":"Du-Vu Doll"},{"floor":47,"key":"Ornamental Fan"},{"floor":55,"key":"Akabeko"}],"event_choices":[{"damage_healed":0,"gold_gain":0,"player_choice":"Upgraded","damage_taken":0,"max_hp_gain":0,"max_hp_loss":0,"event_name":"Upgrade Shrine","floor":2,"gold_loss":0,"cards_upgraded":["Zap"]},{"damage_healed":0,"gold_gain":0,"player_choice":"Fought Bandits","damage_taken":0,"max_hp_gain":0,"max_hp_loss":0,"event_name":"Masked Bandits","floor":19,"gold_loss":0},{"cards_removed":["Thunder Strike"],"damage_healed":9,"gold_gain":0,"player_choice":"Offered Rare","damage_taken":0,"max_hp_gain":10,"max_hp_loss":0,"event_name":"Bonfire Elementals","floor":20,"gold_loss":0},{"damage_healed":0,"gold_gain":0,"player_choice":"Shed Blood","damage_taken":28,"max_hp_gain":5,"max_hp_loss":0,"event_name":"Forgotten Altar","floor":22,"gold_loss":0},{"cards_removed":["All For One"],"damage_healed":0,"gold_gain":0,"player_choice":"Removed Attack","damage_taken":0,"max_hp_gain":0,"max_hp_loss":0,"event_name":"Falling","floor":36,"gold_loss":0},{"damage_healed":0,"gold_gain":0,"player_choice":"Fight","damage_taken":0,"max_hp_gain":0,"max_hp_loss":0,"event_name":"MindBloom","floor":45,"gold_loss":0}],"is_beta":false,"boss_relics":[{"not_picked":["Fusion Hammer","Snecko Eye"],"picked":"Pandora\u0027s Box"},{"not_picked":["Busted Crown","Empty Cage"],"picked":"SlaversCollar"}],"items_purged_floors":[48],"is_endless":false,"potions_floor_spawned":[5,10,11,16,18,28,29,30,31,33,35,38,39,40,42,45,46,47,55],"ascension_level":20,"potion_discard_per_floor":[[],[],[],[],[],[],[],[],[],[],[],[],[],[],[],[],[],["SkillPotion"],[],[],[],[],[],[],[],[],[],[],[],[],["SmokeBomb"],[],[],[],["SneckoOil"],[],[],[],[],[],[],[],[],[],["DistilledChaos"],[],[],[],[],[],[],[],[],[],[],[],[]]}