{"neow_bonuses_skipped_log":["ONE_RANDOM_RARE_CARD","THREE_SMALL_POTIONS","BOSS_RELIC"],"potions_obtained_entropic_brew":[[],[],[],[],[],[],[],[],[],[],[],[],[],[],[],[],[],[],[],[],[],[],[],[],[],[],[],[],[],[],[],[],[],[],[],[],[],[],[],[],[],[],[],[],[],[],[],[],[],[],[],[],[],[],[],[],[]],"neow_costs_skipped_log":["NONE","NONE","NONE"],"gold_per_floor":[116,191,191,0,31,31,93,93,93,125,125,152,196,273,273,372,372,410,451,490,490,85,164,164,164,164,225,59,116,116,143,143,243,243,283,343,83,83,41,94,94,147,194,251,287,351,420,38,38,88,138,138,138,9,40,40],"floor_reached":57,"playtime":3574,"items_purged":["Defend_P","Strike_P","Strike_P","Defend_P+1"],"score":3382,"play_id":"329c5ef6-e725-4b4a-89cf-2d4afe64a1fb","local_time":"20240227114712","score_breakdown":["Floors Climbed (57): 285","Enemies Slain (13): 26","Exordium Elites Killed (3): 30","City Elites Killed (3): 60","Beyond Elites Killed (3): 90","Bosses Slain (5): 750","Speedster: 25","Money Money (1536): 25","Champion (7): 175","Perfect (2): 100","Overkill: 25","Ascension (20): 1541","Heartbreaker: 250"],"is_ascension_mode":true,"potions_obtained_alchemize":[[],[],[],[],[],[],[],[],[],[],[],[],[],[],[],[],[],[],[],[],[],[],[],[],[],[],[],[],[],[],[],[],[],[],[],[],[],[],[],[],[],[],[],[],[],[],[],[],[],[],[],[],[],[],[],[],[]],"campfire_choices":[{"data":"HandOfGreed","floor":6,"key":"SMITH"},{"data":"Eruption","floor":8,"key":"SMITH"},{"floor":11,"key":"REST"},{"data":"Blasphemy","floor":15,"key":"SMITH"},{"data":"MentalFortress","floor":30,"key":"SMITH"},{"data":"Vault","floor":32,"key":"SMITH"},{"floor":41,"key":"RECALL"},{"data":"Omniscience","floor":49,"key":"SMITH"},{"data":"Strike_P","floor":53,"key":"PURGE"}],"lesson_learned_per_floor":[[],[],[],[],[],[],[],[],[],[],[],[],[],[],[],[],[],[],[],[],[],[],[],[],[],[],[],[],[],[],[],[],[],[],[],[],[],[],[],[],[],[],[],[],[],[],[],[],[],[],[],[],[],[],[],[],[]],"neow_cost":"TEN_PERCENT_HP_LOSS","improvable_cards":{},"seed_source_timestamp":3670847904008,"shop_contents":[{"floor":4,"relics":["Tiny Chest","Blood Vial","Cauldron"],"cards":["CarveReality","CutThroughFate","WreathOfFlame","Omniscience","Wireheading","Swift Strike"],"potions":["DuplicationPotion","Energy Potion","EssenceOfSteel"]},{"floor":22,"relics":["HandDrill"],"cards":["JustLucky","Conclude","ClearTheMind","DeceiveReality","Nirvana","Dark Shackles","Secret Technique"],"potions":["BlessingOfTheForge","LiquidMemories","StancePotion"]},{"floor":28,"relics":["Oddly Smooth Stone","OrangePellets"],"cards":["JustLucky","CrushJoints","Protect","PathToVictory","Nirvana","Madness","HandOfGreed"],"potions":["Swift Potion","Regen Potion","Weak Potion"]},{"floor":37,"relics":["Bottled Lightning","Orichalcum"],"cards":["CrushJoints","FollowUp","Crescendo","EmptyBody","Panacea","Violence"],"potions":["BlessingOfTheForge","Dexterity Potion","Regen Potion"]},{"floor":39,"relics":["PreservedInsect","Art of War","DollysMirror"],"cards":["SashWhip","Scrawl","EmptyBody","LikeWater","Dramatic Entrance","Mayhem"],"potions":["Weak Potion","PowerPotion","Weak Potion"]},{"floor":48,"relics":[],"cards":["Brilliance","FlyingSleeves","ClearTheMind","WreathOfFlame","Study","Dark Shackles","Mayhem"],"potions":["AttackPotion","DuplicationPotion","Explosive Potion"]},{"floor":54,"relics":["Bottled Flame","Chemical X"],"cards":["EmptyFist","SashWhip","EmptyBody","Collect","Fasting2","Discovery","Apotheosis"],"potions":["Swift Potion","Swift Potion","PowerPotion"]}],"circlet_count":0,"master_deck":["AscendersBane","Eruption+1","Vigilance+1","Blasphemy+1","HandOfGreed+1","MentalFortress+1","ThirdEye","Vault+1","EmptyBody","Ghostly","Ghostly","Ghostly","BowlingBash+1","FlurryOfBlows+1","Adaptation","Tantrum","CutThroughFate","WaveOfTheHand","Study+1","Omniscience+1"],"potion_use_per_floor":[[],[],[],[],[],[],[],[],[],[],[],[],[],["EssenceOfSteel"],[],["Dexterity Potion"],[],[],[],[],[],[],[],[],[],[],[],[],[],[],[],[],["Swift Potion"],[],[],[],[],[],[],[],[],[],[],[],[],[],["Fruit Juice"],[],[],[],[],[],[],[],[],["Energy Potion"],[]],"relics":["HolyWater","War Paint","Akabeko","Ornamental Fan","Vajra","Pen Nib","Toy Ornithopter","Damaru","Peace Pipe","Anchor","Smiling Mask","Unceasing Top","Coffee Dripper","Membership Card","Dream Catcher","White Beast Statue","Ice Cream","Orrery","Nunchaku","TungstenRod","Strawberry","Sundial"],"potions_floor_usage":[14,16,33,47,56],"damage_taken":[{"damage":0,"enemies":"Cultist","floor":1,"turns":2},{"damage":0,"enemies":"Jaw Worm","floor":5,"turns":1},{"damage":6,"enemies":"Small Slimes","floor":7,"turns":3},{"damage":8,"enemies":"Lagavulin","floor":10,"turns":3},{"damage":0,"enemies":"Gremlin Nob","floor":12,"turns":2},{"damage":3,"enemies":"Looter","floor":13,"turns":2},{"damage":16,"enemies":"3 Sentries","floor":14,"turns":10},{"damage":1,"enemies":"The Guardian","floor":16,"turns":7},{"damage":8,"enemies":"Shell Parasite","floor":18,"turns":3},{"damage":0,"enemies":"Chosen","floor":19,"turns":2},{"damage":17,"enemies":"Snake Plant","floor":20,"turns":2},{"damage":7,"enemies":"Slavers","floor":23,"turns":6},{"damage":0,"enemies":"Sentry and Sphere","floor":27,"turns":4},{"damage":0,"enemies":"Book of Stabbing","floor":29,"turns":4},{"damage":0,"enemies":"Gremlin Leader","floor":31,"turns":2},{"damage":4,"enemies":"Collector","floor":33,"turns":6},{"damage":0,"enemies":"3 Darklings","floor":35,"turns":5},{"damage":0,"enemies":"3 Shapes","floor":36,"turns":5},{"damage":0,"enemies":"Nemesis","floor":40,"turns":4},{"damage":0,"enemies":"Giant Head","floor":42,"turns":5},{"damage":1,"enemies":"Nemesis","floor":44,"turns":4},{"damage":1,"enemies":"Maw","floor":45,"turns":5},{"damage":0,"enemies":"Jaw Worm Horde","floor":46,"turns":6},{"damage":2,"enemies":"4 Shapes","floor":47,"turns":7},{"damage":0,"enemies":"Donu and Deca","floor":50,"turns":7},{"damage":0,"enemies":"Awakened One","floor":51,"turns":12},{"damage":0,"enemies":"Shield and Spear","floor":55,"turns":6},{"damage":4,"enemies":"The Heart","floor":56,"turns":9}],"green_key_taken_log":31,"seed_played":"8753793934000876","neow_bonus_log":{"cardsObtained":[],"cardsUpgraded":[],"cardsRemoved":["Defend_P","Defend_P"],"cardsTransformed":[],"relicsObtained":[],"maxHpGained":0,"goldGained":0,"damageTaken":0,"goldLost":0,"maxHpLost":6},"potions_obtained":[{"floor":7,"key":"Dexterity Potion"},{"floor":10,"key":"EssenceOfSteel"},{"floor":14,"key":"BottledMiracle"},{"floor":19,"key":"ColorlessPotion"},{"floor":23,"key":"Swift Potion"},{"floor":33,"key":"AttackPotion"},{"floor":44,"key":"StancePotion"},{"floor":45,"key":"GamblersBrew"},{"floor":46,"key":"Fruit Juice"},{"floor":47,"key":"Energy Potion"}],"is_trial":false,"path_per_floor":["M","?","?","$","M","R","M","R","T","E","R","E","M","E","R","B",null,"M","M","M","?","$","E","?","?","T","M","$","E","R","E","R","B",null,"M","M","$","?","$","E","R","E","T","E","M","M","M","$","R","B","B",null,"R","$","E","B",null],"character_chosen":"WATCHER","basemod:card_modifiers":[null,null,null,null,null,null,null,null,null,null,null,null,null,null,null,null,null,null,null,null],"items_purchased":["HandOfGreed","Pen Nib","Toy Ornithopter","Anchor","Membership Card","Adaptation","Tantrum","Orrery","Nunchaku","TungstenRod","Strawberry"],"campfire_rested":1,"item_purchase_floors":[4,22,22,28,37,37,39,48,48,48,54],"current_hp_per_floor":[61,50,50,50,50,50,44,44,44,36,54,54,51,35,35,34,55,47,47,30,30,30,23,23,21,21,21,21,21,21,21,21,22,29,29,29,29,29,29,29,29,29,29,28,27,27,35,35,35,35,35,36,36,43,43,39],"gold":40,"neow_bonus":"REMOVE_TWO","is_prod":false,"is_daily":false,"rewards_skipped":[{"floor":20,"relics":[],"potions":["SmokeBomb"]},{"floor":35,"relics":[],"potions":["Energy Potion"]},{"floor":36,"relics":[],"potions":["SmokeBomb"]},{"floor":55,"relics":[],"potions":["Dexterity Potion"]}],"chose_seed":false,"campfire_upgraded":6,"win_rate":0,"floor_exit_playtime":[38,41,52,60,81,89,131,138,146,225,230,299,324,430,443,594,668,729,785,815,825,847,946,948,955,960,1024,1042,1095,1105,1158,1164,1312,1337,1434,1493,1515,1518,1548,1624,1635,1832,1876,1952,2065,2225,2380,2446,2454,2596,2990,3002,3014,3113,3291,3574],"timestamp":1709052432,"blue_key_relic_skipped_log":{"floor":43,"relicID":"CeramicFish"},"path_taken":["M","?","?","$","M","R","?","R","T","E","R","E","M","E","R","BOSS","M","M","M","?","$","E","?","?","T","M","?","E","R","E","R","BOSS","M","M","?","?","$","E","R","E","T","E","M","M","M","$","R","BOSS","BOSS","R","$","E","BOSS"],"build_version":"2022-12-18","purchased_purges":4,"victory":true,"max_hp_per_floor":[62,62,62,62,62,62,62,62,62,62,62,62,62,62,62,62,62,62,62,62,31,31,31,31,31,31,31,31,31,31,31,31,31,31,31,31,31,31,31,31,31,31,31,31,31,31,36,36,36,36,36,36,36,43,43,43],"relic_stats":{"Ice Cream":[69],"counters":[28,134],"Pen Nib":[24],"War Paint":["Defend_P","Vigilance"],"Smiling Mask":38,"White Beast Statue":[0.0,0.0,0.0,0.4,0.0,0.6000000000000001,0.0,0.0,0.0,0.0,0.0,2.1048000000000004],"Peace Pipe":3,"Dream Catcher":0,"Nunchaku":[12],"Ornamental Fan":[236],"Sundial":[2],"HolyWater":[27],"Membership Card":682,"obtain_stats":[{"Ice Cream":44,"Vajra":14,"Damaru":23,"Pen Nib":22,"War Paint":9,"Smiling Mask":29,"Akabeko":10,"White Beast Statue":42,"Peace Pipe":26,"Anchor":28,"Dream Catcher":40,"Nunchaku":48,"Ornamental Fan":12,"Sundial":55,"Strawberry":54,"HolyWater":17,"Orrery":48,"Coffee Dripper":34,"Membership Card":37,"PureWater":0,"Toy Ornithopter":22,"Unceasing Top":31,"TungstenRod":48},{"Ice Cream":21,"Vajra":7,"Damaru":12,"Pen Nib":11,"War Paint":3,"Smiling Mask":14,"Akabeko":4,"White Beast Statue":20,"Peace Pipe":12,"Anchor":13,"Dream Catcher":19,"Nunchaku":24,"Ornamental Fan":5,"Sundial":27,"Strawberry":26,"HolyWater":8,"Orrery":24,"Coffee Dripper":16,"Membership Card":18,"PureWater":0,"Toy Ornithopter":11,"Unceasing Top":15,"TungstenRod":24},{"Ice Cream":82,"Vajra":23,"Damaru":43,"Pen Nib":37,"War Paint":6,"Smiling Mask":51,"Akabeko":9,"White Beast Statue":78,"Peace Pipe":43,"Anchor":47,"Dream Catcher":73,"Nunchaku":100,"Ornamental Fan":11,"Sundial":125,"Strawberry":119,"HolyWater":30,"Orrery":100,"Coffee Dripper":59,"Membership Card":69,"PureWater":0,"Toy Ornithopter":37,"Unceasing Top":53,"TungstenRod":100}],"Toy Ornithopter":10,"Unceasing Top":[0],"TungstenRod":43},"card_choices":[{"not_picked":["Protect","Halt","Evaluate"],"picked":"SKIP","floor":5},{"not_picked":["WaveOfTheHand","FollowUp","SashWhip"],"picked":"SKIP","floor":7},{"not_picked":["Devotion","JustLucky"],"picked":"MentalFortress","floor":12},{"not_picked":["JustLucky","SashWhip"],"picked":"ThirdEye","floor":14},{"not_picked":["Devotion","Judgement"],"picked":"Vault","floor":16},{"not_picked":["EmptyBody","SashWhip+1","Protect"],"picked":"SKIP","floor":18},{"not_picked":["Fasting2","Protect"],"picked":"EmptyBody","floor":20},{"not_picked":["Nirvana","Alpha","FlyingSleeves"],"picked":"SKIP","floor":23},{"not_picked":["WindmillStrike","Consecrate"],"picked":"BowlingBash+1","floor":27},{"not_picked":["Establishment","DeusExMachina","ConjureBlade"],"picked":"SKIP","floor":33},{"not_picked":["MentalFortress+1","Sanctity+1"],"picked":"FlurryOfBlows+1","floor":35},{"not_picked":["Consecrate+1","Protect+1","FlurryOfBlows"],"picked":"SKIP","floor":36},{"not_picked":["ThirdEye+1","Consecrate+1","Fasting2"],"picked":"SKIP","floor":40},{"not_picked":["Prostrate+1","Crescendo"],"picked":"CutThroughFate","floor":42},{"not_picked":["SashWhip","ClearTheMind","Crescendo"],"picked":"SKIP","floor":44},{"not_picked":["WindmillStrike","Consecrate"],"picked":"WaveOfTheHand","floor":46},{"not_picked":["Swivel","Evaluate","BowlingBash"],"picked":"SKIP","floor":47},{"not_picked":["CutThroughFate","SashWhip"],"picked":"Study+1","floor":48},{"not_picked":["CarveReality+1","Halt"],"picked":"Omniscience","floor":48},{"not_picked":["Alpha","SignatureMove","WheelKick"],"picked":"SKIP","floor":48},{"not_picked":["SignatureMove+1","BattleHymn","JustLucky"],"picked":"SKIP","floor":48},{"not_picked":["Protect","PathToVictory","ThirdEye"],"picked":"SKIP","floor":48},{"not_picked":["BowlingBash","Alpha","Judgement"],"picked":"SKIP","floor":55}],"player_experience":6360374,"relics_obtained":[{"floor":9,"key":"War Paint"},{"floor":10,"key":"Akabeko"},{"floor":12,"key":"Ornamental Fan"},{"floor":14,"key":"Vajra"},{"floor":23,"key":"Damaru"},{"floor":26,"key":"Peace Pipe"},{"floor":29,"key":"Smiling Mask"},{"floor":31,"key":"Unceasing Top"},{"floor":40,"key":"Dream Catcher"},{"floor":42,"key":"White Beast Statue"},{"floor":44,"key":"Ice Cream"},{"floor":55,"key":"Sundial"}],"event_choices":[{"damage_healed":0,"gold_gain":75,"player_choice":"Gather Gold","damage_taken":11,"max_hp_gain":0,"max_hp_loss":0,"event_name":"World of Goop","floor":2,"gold_loss":0},{"damage_healed":0,"gold_gain":0,"cards_transformed":["Strike_P"],"player_choice":"Transformed","damage_taken":0,"max_hp_gain":0,"max_hp_loss":0,"event_name":"Transmorgrifier","floor":3,"gold_loss":0,"cards_obtained":["Blasphemy"]},{"damage_healed":0,"gold_gain":0,"player_choice":"Became a Ghost","damage_taken":0,"max_hp_gain":0,"max_hp_loss":31,"event_name":"Ghosts","floor":21,"gold_loss":0,"cards_obtained":["Ghostly","Ghostly","Ghostly"]},{"damage_healed":0,"gold_gain":0,"player_choice":"Ignored","damage_taken":0,"max_hp_gain":0,"max_hp_loss":0,"event_name":"Vampires","floor":24,"gold_loss":0},{"damage_healed":0,"gold_gain":0,"player_choice":"Bought 0 Potions","damage_taken":0,"max_hp_gain":0,"max_hp_loss":0,"event_name":"The Woman in Blue","floor":25,"gold_loss":0},{"damage_healed":0,"gold_gain":0,"player_choice":"Ignored","damage_taken":0,"max_hp_gain":0,"max_hp_loss":0,"event_name":"Tomb of Lord Red Mask","floor":38,"gold_loss":0}],"is_beta":false,"boss_relics":[{"not_picked":["Philosopher\u0027s Stone","Sozu"],"picked":"HolyWater"},{"not_picked":["SacredBark","Busted Crown"],"picked":"Coffee Dripper"}],"items_purged_floors":[22,37,48,54],"is_endless":false,"potions_floor_spawned":[7,10,14,19,20,23,33,35,36,44,45,46,47,55],"ascension_level":20,"potion_discard_per_floor":[[],[],[],[],[],[],[],[],[],[],[],[],[],[],[],[],[],[],[],[],[],[],["ColorlessPotion"],[],[],[],[],[],[],[],[],[],[],[],[],[],[],[],[],[],[],[],[],["BottledMiracle"],["AttackPotion"],["StancePotion"],[],[],[],[],[],[],[],[],[],[],[]]}