{"neow_bonuses_skipped_log":["TRANSFORM_CARD","THREE_ENEMY_KILL","TRANSFORM_TWO_CARDS"],"potions_obtained_entropic_brew":[[],[],[],[],[],[],[],[],[],[],[],[],[],[],[],[],[],[],[],[],[],[],[],[],[],[],[],[],[],[],[],[],[],[],[],[],[],[],[],[],[],[],[],[],[],[],[],[],[],[],[],[],[],[],[],[],[]],"neow_costs_skipped_log":["NONE","NONE","CURSE"],"gold_per_floor":[109,126,126,142,142,176,176,176,176,216,229,253,269,313,313,409,409,434,448,373,108,133,172,195,238,238,238,238,282,296,314,314,404,404,420,483,483,62,76,116,79,79,79,123,141,185,217,268,280,292,304,316,328,55,94,94],"floor_reached":57,"playtime":4849,"items_purged":["Clash","Bash"],"score":3429,"play_id":"30578649-a8b8-4cab-929e-1f70f84f06f0","local_time":"20240228191317","score_breakdown":["Floors Climbed (57): 285","Enemies Slain (16): 32","Exordium Elites Killed (3): 30","City Elites Killed (3): 60","Beyond Elites Killed (4): 120","Bosses Slain (5): 750","Money Money (1138): 25","Champion (6): 150","Perfect (2): 100","Overkill: 25","C-c-c-combo: 25","Ascension (20): 1577","Heartbreaker: 250"],"is_ascension_mode":true,"potions_obtained_alchemize":[[],[],[],[],[],[],[],[],[],[],[],[],[],[],[],[],[],[],[],[],[],[],[],[],[],[],[],[],[],[],[],[],[],[],[],[],[],[],[],[],[],[],[],[],[],[],[],[],[],[],[],[],[],[],[],[],[]],"campfire_choices":[{"floor":15,"key":"REST"},{"data":"Armaments","floor":27,"key":"SMITH"},{"data":"Pommel Strike","floor":32,"key":"SMITH"},{"floor":49,"key":"RECALL"},{"data":"Dropkick","floor":53,"key":"PURGE"}],"lesson_learned_per_floor":[[],[],[],[],[],[],[],[],[],[],[],[],[],[],[],[],[],[],[],[],[],[],[],[],[],[],[],[],[],[],[],[],[],[],[],[],[],[],[],[],[],[],[],[],[],[],[],[],[],[],[],[],[],[],[],[],[]],"neow_cost":"NONE","improvable_cards":{},"seed_source_timestamp":345567306830,"shop_contents":[{"floor":21,"relics":["Shovel","Lizard Tail","Strange Spoon"],"cards":["Heavy Blade","Armaments","Second Wind","Berserk","Thinking Ahead"],"potions":["Explosive Potion","ColorlessPotion","ColorlessPotion"]},{"floor":38,"relics":["Du-Vu Doll","Brimstone"],"cards":["Clothesline","Hemokinesis","Armaments","Rupture","Chrysalis"],"potions":["AttackPotion","ElixirPotion","Explosive Potion"]},{"floor":41,"relics":["Torii","Charon\u0027s Ashes","Orrery"],"cards":["Hemokinesis","Sword Boomerang","Flex","Warcry","Finesse","Master of Strategy"],"potions":["Explosive Potion","FearPotion","Strength Potion"]},{"floor":54,"relics":["Paper Frog","Cauldron"],"cards":["Twin Strike","Rampage","Shrug It Off","Evolve","Good Instincts","Transmutation"],"potions":["Weak Potion","Swift Potion","Block Potion"]}],"circlet_count":0,"master_deck":["AscendersBane","Inflame","Second Wind","Offering","Burning Pact","Pommel Strike+1","Pommel Strike+1","Exhume","Sentinel","Armaments+1","Shrug It Off","Power Through","Reaper","Evolve","Flash of Steel","Limit Break","Offering","Offering","Dark Shackles","Headbutt","Bloodletting","Feel No Pain","Flash of Steel","Shockwave"],"potion_use_per_floor":[[],[],[],[],[],[],[],[],[],[],[],[],[],["Block Potion"],[],[],[],[],[],[],[],[],[],[],[],[],[],[],["Regen Potion"],[],[],[],[],[],[],[],[],[],[],[],[],[],[],[],[],[],[],[],[],[],[],[],[],[],[],["Ancient Potion"],[]],"relics":["Pandora\u0027s Box","Golden Idol","Gremlin Horn","Self Forming Clay","Regal Pillow","Empty Cage","Question Card","InkBottle","Smiling Mask","Darkstone Periapt","SlaversCollar","Peace Pipe","Art of War","Ornamental Fan","Singing Bowl","Oddly Smooth Stone","MawBank","Eternal Feather","Pen Nib","Blood Vial"],"potions_floor_usage":[14,29,56],"damage_taken":[{"damage":0,"enemies":"Jaw Worm","floor":1,"turns":3},{"damage":6,"enemies":"Small Slimes","floor":2,"turns":2},{"damage":0,"enemies":"2 Louse","floor":4,"turns":2},{"damage":16,"enemies":"Lagavulin","floor":6,"turns":5},{"damage":6,"enemies":"3 Sentries","floor":10,"turns":6},{"damage":2,"enemies":"Large Slime","floor":11,"turns":5},{"damage":0,"enemies":"Exordium Wildlife","floor":12,"turns":3},{"damage":6,"enemies":"2 Fungi Beasts","floor":13,"turns":2},{"damage":1,"enemies":"Lagavulin","floor":14,"turns":6},{"damage":6,"enemies":"The Guardian","floor":16,"turns":9},{"damage":19,"enemies":"Chosen","floor":18,"turns":5},{"damage":13,"enemies":"2 Thieves","floor":19,"turns":4},{"damage":28,"enemies":"3 Cultists","floor":22,"turns":6},{"damage":13,"enemies":"Gremlin Leader","floor":23,"turns":6},{"damage":26,"enemies":"Chosen and Byrds","floor":24,"turns":7},{"damage":58,"enemies":"Slavers","floor":25,"turns":8},{"damage":27,"enemies":"Gremlin Leader","floor":29,"turns":4},{"damage":17,"enemies":"Centurion and Healer","floor":30,"turns":5},{"damage":16,"enemies":"Sentry and Sphere","floor":31,"turns":6},{"damage":41,"enemies":"Champ","floor":33,"turns":7},{"damage":20,"enemies":"3 Shapes","floor":35,"turns":3},{"damage":59,"enemies":"2 Orb Walkers","floor":36,"turns":6},{"damage":24,"enemies":"3 Darklings","floor":39,"turns":4},{"damage":24,"enemies":"Nemesis","floor":40,"turns":3},{"damage":30,"enemies":"Giant Head","floor":44,"turns":2},{"damage":30,"enemies":"Maw","floor":45,"turns":3},{"damage":30,"enemies":"Nemesis","floor":46,"turns":3},{"damage":27,"enemies":"Jaw Worm Horde","floor":47,"turns":1},{"damage":33,"enemies":"Giant Head","floor":48,"turns":2},{"damage":30,"enemies":"Awakened One","floor":50,"turns":3},{"damage":50,"enemies":"Time Eater","floor":51,"turns":4},{"damage":30,"enemies":"Shield and Spear","floor":55,"turns":2},{"damage":61,"enemies":"The Heart","floor":56,"turns":6}],"green_key_taken_log":46,"seed_played":"-653454058301964087","neow_bonus_log":{"cardsObtained":[],"cardsUpgraded":[],"cardsRemoved":[],"cardsTransformed":[],"relicsObtained":["Pandora\u0027s Box"],"maxHpGained":0,"goldGained":0,"damageTaken":0,"goldLost":0,"maxHpLost":0},"potions_obtained":[{"floor":2,"key":"BlessingOfTheForge"},{"floor":6,"key":"FairyPotion"},{"floor":11,"key":"Block Potion"},{"floor":16,"key":"Energy Potion"},{"floor":22,"key":"Regen Potion"},{"floor":31,"key":"Ancient Potion"}],"is_trial":false,"path_per_floor":["M","M","?","M","?","E","?","?","T","E","M","M","M","E","R","B",null,"M","M","?","$","M","E","M","E","T","R","?","E","M","M","R","B",null,"M","?","?","$","M","E","$","?","T","E","M","E","M","E","R","B","B",null,"R","$","E","B",null],"character_chosen":"IRONCLAD","basemod:card_modifiers":[null,null,null,null,null,null,null,null,null,null,null,null,null,null,null,null,null,null,null,null,null,null,null,null],"items_purchased":["Dropkick","Flash of Steel","Offering","Dark Shackles","Art of War","Feel No Pain","Shockwave","Pen Nib"],"campfire_rested":1,"item_purchase_floors":[21,21,38,38,38,41,54,54],"current_hp_per_floor":[68,62,62,62,55,39,39,39,39,33,31,31,25,24,59,53,64,49,51,51,51,32,68,68,43,43,43,39,62,68,65,65,68,68,68,27,27,27,68,68,68,58,58,70,72,74,76,78,78,78,78,78,78,78,80,19],"gold":94,"neow_bonus":"BOSS_RELIC","is_prod":false,"is_daily":false,"rewards_skipped":[{"floor":23,"relics":[],"potions":["AttackPotion"]},{"floor":39,"relics":[],"potions":["Block Potion"]},{"floor":44,"relics":[],"potions":["Explosive Potion"]},{"floor":46,"relics":[],"potions":["PowerPotion"]},{"floor":47,"relics":[],"potions":["AttackPotion"]},{"floor":55,"relics":[],"potions":["PowerPotion"]}],"chose_seed":false,"campfire_upgraded":2,"win_rate":0,"floor_exit_playtime":[360,427,435,472,482,564,567,582,587,721,849,901,948,1040,1068,1260,1341,1425,1519,1565,1609,1820,2015,2185,2437,2440,2451,2456,2582,2679,2822,2828,2999,3028,3118,3293,3297,3411,3647,3751,3770,3786,3792,3885,3964,4089,4149,4237,4248,4370,4501,4513,4523,4554,4677,4849],"timestamp":1709165597,"blue_key_relic_skipped_log":{"floor":9,"relicID":"Bottled Flame"},"path_taken":["M","M","?","M","?","E","?","?","T","E","M","M","?","E","R","BOSS","M","M","?","$","M","E","M","E","T","R","?","E","M","M","R","BOSS","M","?","?","$","?","E","?","?","T","E","M","E","M","E","R","BOSS","BOSS","R","$","E","BOSS"],"build_version":"2022-12-18","purchased_purges":2,"victory":true,"max_hp_per_floor":[75,75,68,68,68,68,68,68,68,68,68,68,68,68,68,68,68,68,68,68,68,68,68,68,68,68,68,68,68,68,68,68,68,68,68,68,68,68,68,68,68,68,68,70,72,74,76,78,78,78,78,78,78,78,80,80],"relic_stats":{"Darkstone Periapt":0,"Regal Pillow":15,"Gremlin Horn":[31,32],"Singing Bowl":12,"counters":[33,143],"Golden Idol":252,"Self Forming Clay":[321],"Eternal Feather":0,"Pen Nib":[3],"Question Card":19,"Smiling Mask":50,"MawBank":96,"Peace Pipe":1,"Blood Vial":0,"Ornamental Fan":[132],"Pandora\u0027s Box":["Searing Blow","Inflame","Intimidate","Second Wind","Rupture","Second Wind","Offering","Clash","Burning Pact"],"Art of War":[0],"obtain_stats":[{"Darkstone Periapt":29,"Regal Pillow":14,"Gremlin Horn":6,"Singing Bowl":43,"Golden Idol":3,"Self Forming Clay":10,"Oddly Smooth Stone":44,"Eternal Feather":48,"Pen Nib":54,"Empty Cage":17,"Question Card":23,"Smiling Mask":26,"MawBank":46,"Burning Blood":0,"Peace Pipe":36,"Blood Vial":55,"SlaversCollar":34,"Ornamental Fan":40,"Pandora\u0027s Box":0,"Art of War":38,"InkBottle":25},{"Darkstone Periapt":17,"Regal Pillow":9,"Gremlin Horn":4,"Singing Bowl":24,"Golden Idol":2,"Self Forming Clay":5,"Oddly Smooth Stone":25,"Eternal Feather":29,"Pen Nib":31,"Empty Cage":10,"Question Card":14,"Smiling Mask":16,"MawBank":27,"Burning Blood":0,"Peace Pipe":22,"Blood Vial":32,"SlaversCollar":20,"Ornamental Fan":24,"Pandora\u0027s Box":0,"Art of War":22,"InkBottle":16},{"Darkstone Periapt":83,"Regal Pillow":34,"Gremlin Horn":12,"Singing Bowl":117,"Golden Idol":5,"Self Forming Clay":18,"Oddly Smooth Stone":119,"Eternal Feather":128,"Pen Nib":135,"Empty Cage":43,"Question Card":64,"Smiling Mask":79,"MawBank":125,"Burning Blood":0,"Peace Pipe":110,"Blood Vial":137,"SlaversCollar":101,"Ornamental Fan":117,"Pandora\u0027s Box":0,"Art of War":110,"InkBottle":79}],"InkBottle":[48]},"card_choices":[{"not_picked":["Shrug It Off","Carnage"],"picked":"Pommel Strike","floor":1},{"not_picked":["True Grit","Thunderclap"],"picked":"Pommel Strike","floor":2},{"not_picked":["Seeing Red","Body Slam"],"picked":"Exhume","floor":6},{"not_picked":["Twin Strike","Infernal Blade"],"picked":"Sentinel","floor":10},{"not_picked":["Combust","Iron Wave","True Grit"],"picked":"SKIP","floor":11},{"not_picked":["Whirlwind","Warcry"],"picked":"Armaments","floor":12},{"not_picked":["Searing Blow","Blood for Blood"],"picked":"Shrug It Off","floor":13},{"not_picked":["Combust","Dark Embrace"],"picked":"Power Through","floor":14},{"not_picked":["Bludgeon","Corruption"],"picked":"Reaper","floor":16},{"not_picked":["Fire Breathing","Flex","Armaments"],"picked":"SKIP","floor":18},{"not_picked":["Sword Boomerang","Reckless Charge"],"picked":"Evolve","floor":19},{"not_picked":["True Grit","Searing Blow"],"picked":"Limit Break","floor":22},{"not_picked":["Ghostly Armor","Iron Wave","Rampage"],"picked":"SKIP","floor":23},{"not_picked":["Searing Blow","Perfected Strike","Ghostly Armor","Heavy Blade"],"picked":"SKIP","floor":24},{"not_picked":["Pummel","Iron Wave","Sword Boomerang+1","Twin Strike"],"picked":"SKIP","floor":29},{"not_picked":["Inflame","Anger","Warcry","Blood for Blood"],"picked":"SKIP","floor":30},{"not_picked":["Clash","Fire Breathing+1","Heavy Blade","Metallicize"],"picked":"SKIP","floor":31},{"not_picked":["Berserk","Impervious","Fiend Fire"],"picked":"Offering","floor":33},{"not_picked":["Combust","Sword Boomerang+1","Iron Wave","Infernal Blade+1"],"picked":"SKIP","floor":35},{"not_picked":["Cleave","Hemokinesis","Second Wind","Body Slam"],"picked":"SKIP","floor":36},{"not_picked":["Second Wind+1","Clash","Warcry+1"],"picked":"Headbutt","floor":39},{"not_picked":["Searing Blow+1","Disarm","Feed"],"picked":"Bloodletting","floor":40},{"not_picked":["Violence","Impatience","Forethought"],"picked":"Flash of Steel","floor":42},{"not_picked":["Good Instincts","Swift Strike","Magnetism","Mayhem"],"picked":"SKIP","floor":42},{"not_picked":["The Bomb","Good Instincts","PanicButton","Mind Blast"],"picked":"SKIP","floor":42},{"not_picked":["Flex+1","Wild Strike+1","Intimidate","Iron Wave+1"],"picked":"Singing Bowl","floor":44},{"not_picked":["Warcry","Twin Strike","Shrug It Off","Wild Strike+1"],"picked":"Singing Bowl","floor":45},{"not_picked":["Second Wind","Juggernaut","Sword Boomerang","Warcry+1"],"picked":"Singing Bowl","floor":46},{"not_picked":["Inflame","Thunderclap","True Grit","Armaments"],"picked":"Singing Bowl","floor":47},{"not_picked":["Juggernaut","Anger+1","Rampage","Headbutt"],"picked":"Singing Bowl","floor":48},{"not_picked":["Warcry","Battle Trance","Havoc","Dark Embrace"],"picked":"Singing Bowl","floor":55}],"player_experience":6377949,"relics_obtained":[{"floor":6,"key":"Gremlin Horn"},{"floor":10,"key":"Self Forming Clay"},{"floor":14,"key":"Regal Pillow"},{"floor":23,"key":"Question Card"},{"floor":25,"key":"InkBottle"},{"floor":26,"key":"Smiling Mask"},{"floor":29,"key":"Darkstone Periapt"},{"floor":36,"key":"Peace Pipe"},{"floor":40,"key":"Ornamental Fan"},{"floor":43,"key":"Singing Bowl"},{"floor":44,"key":"Oddly Smooth Stone"},{"floor":46,"key":"MawBank"},{"floor":48,"key":"Eternal Feather"},{"floor":55,"key":"Blood Vial"}],"event_choices":[{"damage_healed":0,"gold_gain":0,"player_choice":"Lose Max HP","damage_taken":0,"relics_obtained":["Golden Idol"],"max_hp_gain":0,"max_hp_loss":7,"event_name":"Golden Idol","floor":3,"gold_loss":0},{"cards_removed":["Searing Blow"],"damage_healed":0,"gold_gain":0,"player_choice":"Card Removal","damage_taken":7,"max_hp_gain":0,"max_hp_loss":0,"event_name":"Golden Wing","floor":5,"gold_loss":0},{"damage_healed":0,"gold_gain":0,"player_choice":"Ignored","damage_taken":0,"max_hp_gain":0,"max_hp_loss":0,"event_name":"Shining Light","floor":7,"gold_loss":0},{"damage_healed":0,"gold_gain":0,"player_choice":"Forge","damage_taken":0,"max_hp_gain":0,"max_hp_loss":0,"event_name":"Accursed Blacksmith","floor":8,"gold_loss":0,"cards_upgraded":["Pommel Strike"]},{"cards_removed":["Intimidate"],"damage_healed":0,"gold_gain":0,"player_choice":"Gave Gold","damage_taken":0,"max_hp_gain":0,"max_hp_loss":0,"event_name":"Beggar","floor":20,"gold_loss":75},{"damage_healed":0,"gold_gain":0,"player_choice":"Bought 0 Potions","damage_taken":0,"max_hp_gain":0,"max_hp_loss":0,"event_name":"The Woman in Blue","floor":28,"gold_loss":0},{"damage_healed":0,"gold_gain":0,"player_choice":"Fight","damage_taken":0,"max_hp_gain":0,"max_hp_loss":0,"event_name":"Mysterious Sphere","floor":36,"gold_loss":0},{"damage_healed":0,"gold_gain":0,"player_choice":"Ignored","damage_taken":0,"max_hp_gain":0,"max_hp_loss":0,"event_name":"Tomb of Lord Red Mask","floor":37,"gold_loss":0},{"damage_healed":0,"gold_gain":0,"player_choice":"Memory 3","damage_taken":10,"max_hp_gain":0,"max_hp_loss":0,"event_name":"SensoryStone","floor":42,"gold_loss":0}],"is_beta":false,"boss_relics":[{"not_picked":["Astrolabe","Sozu"],"picked":"Empty Cage"},{"not_picked":["Calling Bell","Busted Crown"],"picked":"SlaversCollar"}],"items_purged_floors":[21,54],"is_endless":false,"potions_floor_spawned":[2,6,11,16,22,23,31,39,44,46,47,55],"ascension_level":20,"potion_discard_per_floor":[[],[],[],[],[],[],[],[],[],[],["BlessingOfTheForge"],[],[],[],[],[],[],[],[],[],[],["Energy Potion"],[],[],[],[],[],[],[],[],[],[],[],[],[],[],[],[],[],[],[],[],[],[],[],[],[],[],[],[],[],[],[],[],[],[],[]]}