{"neow_bonuses_skipped_log":["THREE_CARDS","RANDOM_COLORLESS_2","BOSS_RELIC"],"potions_obtained_entropic_brew":[[],[],[],[],[],[],[],[],[],[],[],[],[],[],[],[],[],[],[],[],[],[],[],[],[],[],[],[],[],[],[],[],[]],"neow_costs_skipped_log":["NONE","NO_GOLD","NONE"],"gold_per_floor":[212,212,31,42,53,53,81,94,94,110,110,110,57,76,76,151,151,168,168,4,24,24,52,76,104,127,145,145,171,187,221,221,221],"floor_reached":33,"playtime":1540,"items_purged":[],"score":675,"play_id":"ace09018-0c8f-48ac-a08c-d9abd8080ebd","local_time":"20240213213515","score_breakdown":["Floors Climbed (33): 165","Enemies Slain (10): 20","Exordium Elites Killed (1): 10","City Elites Killed (4): 80","Bosses Slain (1): 50","Collector (1): 25","Ascension (20): 325"],"is_ascension_mode":true,"potions_obtained_alchemize":[[],[],[],[],[],[],[],[],[],[],[],[],[],[],[],[],[],[],[],[],[],[],[],[],[],[],[],[],[],[],[],[],[]],"campfire_choices":[{"data":"Crippling Poison","floor":6,"key":"SMITH"},{"floor":12,"key":"REST"},{"data":"Poisoned Stab","floor":15,"key":"SMITH"},{"floor":28,"key":"REST"},{"floor":32,"key":"REST"}],"lesson_learned_per_floor":[[],[],[],[],[],[],[],[],[],[],[],[],[],[],[],[],[],[],[],[],[],[],[],[],[],[],[],[],[],[],[],[],[]],"neow_cost":"NONE","improvable_cards":{},"seed_source_timestamp":27304604417115,"shop_contents":[{"floor":3,"relics":["Letter Opener","War Paint"],"cards":["Underhanded Strike","Deadly Poison","Leg Sweep","Envenom","Forethought","Transmutation"],"potions":["FairyPotion","Energy Potion","DistilledChaos"]},{"floor":11,"relics":["Question Card","Blood Vial","Chemical X"],"cards":["Slice","Underhanded Strike","Cloak And Dagger","Acrobatics","Accuracy","Dramatic Entrance","Secret Technique"],"potions":["CunningPotion","EntropicBrew","Dexterity Potion"]},{"floor":13,"relics":["Mummified Hand","Potion Belt","TwistedFunnel"],"cards":["Dagger Throw","Predator","Dodge and Roll","Caltrops","Purity","Master of Strategy"],"potions":["SkillPotion","Energy Potion","FearPotion"]},{"floor":20,"relics":["Blue Candle","Nunchaku"],"cards":["Poisoned Stab","Grand Finale","Outmaneuver","Bullet Time","Infinite Blades","PanicButton","Magnetism"],"potions":["Poison Potion","SteroidPotion","Block Potion"]}],"circlet_count":0,"master_deck":["AscendersBane","Defend_G+1","Defend_G+1","Defend_G+1","Defend_G+1","Defend_G+1","Survivor","Neutralize","Poisoned Stab+1","Slice","Backflip","Crippling Poison+1","Well Laid Plans","Acrobatics","Backstab","Backflip","Bullet Time","Corpse Explosion","Underhanded Strike+1","Bite","Bite","Bite","Bite","Bite","Blade Dance","Sucker Punch+1","Well Laid Plans","Deadly Poison+1","Backflip"],"potion_use_per_floor":[[],[],[],[],[],[],[],[],[],[],[],[],[],[],[],["EssenceOfSteel","GamblersBrew"],[],[],[],[],[],[],[],[],["AttackPotion"],[],[],[],[],[],[],[],["ColorlessPotion","FearPotion"]],"relics":["Ring of the Snake","Tiny Chest","ClockworkSouvenir","Bag of Marbles","Boot","Fusion Hammer","Frozen Eye","Dream Catcher","Vajra","Regal Pillow","Bag of Preparation","Anchor","Strawberry"],"potions_floor_usage":[16,16,25,33,33],"damage_taken":[{"damage":7,"enemies":"Small Slimes","floor":1,"turns":5},{"damage":0,"enemies":"Cultist","floor":4,"turns":4},{"damage":0,"enemies":"Jaw Worm","floor":5,"turns":4},{"damage":16,"enemies":"Lagavulin","floor":7,"turns":7},{"damage":18,"enemies":"Exordium Thugs","floor":8,"turns":5},{"damage":3,"enemies":"Blue Slaver","floor":10,"turns":5},{"damage":0,"enemies":"Looter","floor":14,"turns":3},{"damage":20,"enemies":"Hexaghost","floor":16,"turns":13},{"damage":19,"enemies":"2 Thieves","floor":18,"turns":3},{"damage":0,"enemies":"Chosen","floor":21,"turns":3},{"damage":35,"enemies":"Slavers","floor":23,"turns":4},{"damage":5,"enemies":"Book of Stabbing","floor":25,"turns":4},{"damage":4,"enemies":"Snecko","floor":27,"turns":4},{"damage":21,"enemies":"Slavers","floor":29,"turns":2},{"damage":9,"enemies":"Chosen and Byrds","floor":30,"turns":4},{"damage":35,"enemies":"Gremlin Leader","floor":31,"turns":7},{"damage":73,"enemies":"Champ","floor":33,"turns":14}],"seed_played":"-1422327734164813553","neow_bonus_log":{"cardsObtained":[],"cardsUpgraded":[],"cardsRemoved":[],"cardsTransformed":[],"relicsObtained":[],"maxHpGained":0,"goldGained":100,"damageTaken":0,"goldLost":0,"maxHpLost":0},"potions_obtained":[{"floor":8,"key":"EssenceOfSteel"},{"floor":10,"key":"GamblersBrew"},{"floor":16,"key":"FearPotion"},{"floor":18,"key":"AttackPotion"},{"floor":30,"key":"ColorlessPotion"}],"is_trial":false,"path_per_floor":["M","?","$","M","M","R","E","M","T","M","$","R","$","M","R","B",null,"M","?","$","M","?","E","T","E","T","M","R","E","M","E","R","B"],"character_chosen":"THE_SILENT","basemod:card_modifiers":[null,null,null,null,null,null,null,null,null,null,null,null,null,null,null,null,null,null,null,null,null,null,null,null,null,null,null,null,null],"items_purchased":["ClockworkSouvenir","Slice","Backflip","Frozen Eye"],"campfire_rested":3,"item_purchase_floors":[3,3,13,20],"current_hp_per_floor":[52,41,41,41,41,41,25,7,7,4,4,23,23,23,23,3,50,31,31,31,31,31,4,4,7,7,15,43,29,30,20,50,0],"gold":221,"neow_bonus":"HUNDRED_GOLD","is_prod":false,"is_daily":false,"rewards_skipped":[{"floor":31,"relics":[],"potions":["AttackPotion"]}],"chose_seed":false,"campfire_upgraded":2,"win_rate":0,"floor_exit_playtime":[50,54,78,104,139,144,198,245,251,299,329,333,358,388,399,650,681,721,736,743,770,783,861,864,988,991,1046,1052,1099,1145,1264,1270],"timestamp":1707878115,"path_taken":["M","?","$","M","M","R","E","M","T","M","$","R","$","M","R","BOSS","M","?","?","M","?","E","?","E","T","?","R","E","M","E","R","BOSS"],"build_version":"2022-12-18","purchased_purges":0,"victory":false,"max_hp_per_floor":[66,66,66,66,66,66,66,66,66,66,66,66,66,66,66,66,66,66,66,66,66,46,46,46,46,46,46,46,46,46,53,53,53],"relic_stats":{"Frozen Eye":42.927773,"Dream Catcher":2,"Regal Pillow":30,"counters":[17,91],"Tiny Chest":1,"Bag of Preparation":[10],"Boot":[38],"obtain_stats":[{"Regal Pillow":25,"Vajra":24,"Bag of Preparation":26,"Boot":9,"ClockworkSouvenir":3,"Frozen Eye":20,"Dream Catcher":23,"Anchor":29,"Strawberry":31,"Tiny Chest":2,"Fusion Hammer":17,"Bag of Marbles":7,"Ring of the Snake":0},{"Regal Pillow":12,"Vajra":11,"Bag of Preparation":12,"Boot":5,"ClockworkSouvenir":1,"Frozen Eye":9,"Dream Catcher":11,"Anchor":14,"Strawberry":16,"Tiny Chest":1,"Fusion Hammer":8,"Bag of Marbles":4,"Ring of the Snake":0},{"Regal Pillow":60,"Vajra":56,"Bag of Preparation":60,"Boot":25,"ClockworkSouvenir":5,"Frozen Eye":49,"Dream Catcher":56,"Anchor":66,"Strawberry":77,"Tiny Chest":5,"Fusion Hammer":46,"Bag of Marbles":20,"Ring of the Snake":0}],"Ring of the Snake":[34]},"card_choices":[{"not_picked":["Dodge and Roll","Choke"],"picked":"Poisoned Stab","floor":1},{"not_picked":["Deflect","Deadly Poison"],"picked":"Backflip","floor":4},{"not_picked":["Setup","Outmaneuver"],"picked":"Crippling Poison","floor":5},{"not_picked":["Flying Knee","Heel Hook"],"picked":"Well Laid Plans","floor":7},{"not_picked":["Grand Finale","Poisoned Stab"],"picked":"Acrobatics","floor":8},{"not_picked":["Backflip","Expertise"],"picked":"Backstab","floor":10},{"not_picked":["Eviscerate","Dagger Spray"],"picked":"Bullet Time","floor":14},{"not_picked":["Envenom","Grand Finale"],"picked":"Corpse Explosion","floor":16},{"not_picked":["Bane","Deadly Poison"],"picked":"Underhanded Strike+1","floor":18},{"not_picked":["Slice","Accuracy","Expertise"],"picked":"SKIP","floor":21},{"not_picked":["Quick Slash","Prepared"],"picked":"Blade Dance","floor":23},{"not_picked":["Flying Knee","Envenom"],"picked":"Sucker Punch+1","floor":25},{"not_picked":["Underhanded Strike","Dash","Deflect"],"picked":"SKIP","floor":27},{"not_picked":["Cloak And Dagger","Dagger Throw"],"picked":"Well Laid Plans","floor":28},{"not_picked":["Dagger Throw","Prepared","Slice"],"picked":"SKIP","floor":30},{"not_picked":["Dagger Spray","Well Laid Plans"],"picked":"Deadly Poison+1","floor":31},{"not_picked":["Deadly Poison","Dodge and Roll"],"picked":"Backflip","floor":32}],"player_experience":6067187,"relics_obtained":[{"floor":7,"key":"Bag of Marbles"},{"floor":9,"key":"Boot"},{"floor":23,"key":"Dream Catcher"},{"floor":24,"key":"Vajra"},{"floor":25,"key":"Regal Pillow"},{"floor":26,"key":"Bag of Preparation"},{"floor":29,"key":"Anchor"},{"floor":31,"key":"Strawberry"}],"event_choices":[{"damage_healed":0,"gold_gain":0,"player_choice":"Success","damage_taken":11,"relics_obtained":["Tiny Chest"],"max_hp_gain":0,"max_hp_loss":0,"event_name":"Scrap Ooze","floor":2,"gold_loss":0},{"damage_healed":0,"gold_gain":0,"player_choice":"Simplicity","damage_taken":0,"max_hp_gain":0,"max_hp_loss":0,"event_name":"Back to Basics","floor":19,"gold_loss":0,"cards_upgraded":["Strike_G","Strike_G","Strike_G","Strike_G","Strike_G","Defend_G","Defend_G","Defend_G","Defend_G","Defend_G"]},{"damage_healed":0,"gold_gain":0,"player_choice":"Became a vampire","damage_taken":0,"max_hp_gain":0,"max_hp_loss":20,"event_name":"Vampires","floor":22,"gold_loss":0,"cards_obtained":["Bite","Bite","Bite","Bite","Bite"]}],"is_beta":false,"boss_relics":[{"not_picked":["Tiny House","Black Star"],"picked":"Fusion Hammer"}],"items_purged_floors":[],"is_endless":false,"potions_floor_spawned":[8,10,16,18,30,31],"killed_by":"Champ","ascension_level":20,"potion_discard_per_floor":[[],[],[],[],[],[],[],[],[],[],[],[],[],[],[],[],[],[],[],[],[],[],[],[],[],[],[],[],[],[],[],[],[]]}