{"neow_bonuses_skipped_log":["UPGRADE_CARD","TWENTY_PERCENT_HP_BONUS","BOSS_RELIC"],"neow_costs_skipped_log":["NONE","NO_GOLD","NONE"],"potions_obtained_entropic_brew":[[],[],[],[],[],[],[],[],[],[],[],[],[],["AttackPotion","SkillPotion"],[],[],[],[],[],[],[],[],[],[],[],[],[],[],[],[],[],[],[],[],[],[],[],[],[],[],[],[],[],[],[],[],[],[],[],[],[],[],[],[],[],[],[]],"gold_per_floor":[211,225,236,2,2,49,49,93,93,160,160,188,208,233,233,331,331,374,374,299,44,86,118,118,170,219,219,275,320,320,430,430,531,531,547,769,812,812,435,435,360,360,360,388,413,425,425,439,439,439,439,439,439,7,39,39],"floor_reached":57,"playtime":4967,"items_purged":["Infinite Blades","Blade Dance"],"score":2862,"play_id":"ba0bc0eb-fd84-4e83-b0b0-a848f28fe9dc","local_time":"20240207191446","falling_options_log":["Blade Dance","Tools of the Trade+1"],"score_breakdown":["Floors Climbed (57): 285","Enemies Slain (13): 26","Exordium Elites Killed (3): 30","City Elites Killed (3): 60","Beyond Elites Killed (1): 30","Bosses Slain (5): 750","Money Money (1388): 25","Librarian: 25","Champion (1): 25","Perfect (1): 50","Overkill: 25","Ascension (20): 1281","Heartbreaker: 250"],"is_ascension_mode":true,"potions_obtained_alchemize":[[],[],[],[],[],[],[],[],[],[],[],[],[],[],[],[],[],[],[],[],[],["Block Potion"],["Swift Potion"],[],["SpeedPotion"],[],[],["Fire Potion"],["DistilledChaos"],[],["PowerPotion"],[],["SpeedPotion"],[],[],[],["LiquidBronze"],[],[],[],[],[],[],["Weak Potion"],[],["Regen Potion"],[],["BlessingOfTheForge"],[],["SpeedPotion"],["GhostInAJar"],[],[],[],["Swift Potion"],["SteroidPotion"],[]],"campfire_choices":[{"data":"HandOfGreed","floor":7,"key":"SMITH"},{"floor":11,"key":"REST"},{"data":"Well Laid Plans","floor":15,"key":"SMITH"},{"data":"Wraith Form v2","floor":24,"key":"SMITH"},{"data":"Tools of the Trade","floor":27,"key":"SMITH"},{"data":"Setup","floor":30,"key":"SMITH"},{"data":"Catalyst","floor":32,"key":"SMITH"},{"data":"Catalyst","floor":40,"key":"SMITH"},{"floor":42,"key":"RECALL"},{"data":"Footwork","floor":47,"key":"SMITH"},{"data":"Footwork","floor":49,"key":"SMITH"},{"data":"After Image","floor":53,"key":"SMITH"}],"lesson_learned_per_floor":[[],[],[],[],[],[],[],[],[],[],[],[],[],[],[],[],[],[],[],[],[],[],[],[],[],[],[],[],[],[],[],[],[],[],[],[],[],[],[],[],[],[],[],[],[],[],[],[],[],[],[],[],[],[],[],[],[]],"neow_cost":"NONE","improvable_cards":{},"seed_source_timestamp":4905548780476,"shop_contents":[{"floor":4,"relics":["Incense Burner","Ice Cream","Cauldron"],"cards":["Skewer","Sucker Punch","Prepared","Wraith Form v2","Mind Blast"],"potions":["BlessingOfTheForge","SpeedPotion","DistilledChaos"]},{"floor":21,"relics":["Omamori","Lee\u0027s Waffle"],"cards":["Dagger Spray","Dagger Throw","Prepared","Deadly Poison","Impatience","Master of Strategy"],"potions":["Explosive Potion","Strength Potion","GamblersBrew"]},{"floor":39,"relics":["Ancient Tea Set"],"cards":["Masterful Stab","Sucker Punch","Blade Dance","Outmaneuver","Swift Strike","Metamorphosis"],"potions":["Explosive Potion","Dexterity Potion","PowerPotion"]},{"floor":41,"relics":["Thread and Needle","Dream Catcher","PrismaticShard"],"cards":["Dagger Spray","Flying Knee","Blade Dance","Phantasmal Killer","Infinite Blades","Flash of Steel","Violence"],"potions":["CunningPotion","EntropicBrew","Block Potion"]},{"floor":54,"relics":["Eternal Feather"],"cards":["Skewer","Poisoned Stab","Expertise","Cloak And Dagger","Footwork","Flash of Steel","Chrysalis"],"potions":["CunningPotion","AttackPotion","Energy Potion"]}],"circlet_count":0,"master_deck":["AscendersBane","Survivor","Neutralize","Well Laid Plans+1","Bouncing Flask","Leg Sweep","Leg Sweep","Backflip","Escape Plan","Backstab","Footwork+1","Catalyst+1","Blade Dance","Wraith Form v2+1","Catalyst+1","After Image+1","Adrenaline","Dodge and Roll","PiercingWail","Corpse Explosion","PiercingWail","Envenom","Setup+1","Venomology","Footwork+1","PiercingWail","Tools of the Trade+1","Acrobatics","Adrenaline","Blur","Bullet Time","Dodge and Roll","Footwork","Well Laid Plans","Acrobatics"],"potion_use_per_floor":[[],[],[],[],[],["DistilledChaos"],[],[],[],[],[],[],[],["Poison Potion","EntropicBrew","AttackPotion"],[],[],[],[],[],[],[],["BlessingOfTheForge"],["SkillPotion"],[],["Swift Potion"],[],[],["SpeedPotion"],["Block Potion"],[],["Fire Potion"],[],["PowerPotion"],[],[],[],[],[],[],[],[],[],[],["Ancient Potion"],[],["Weak Potion"],[],["Regen Potion"],[],["BlessingOfTheForge"],["SpeedPotion"],[],[],[],["DistilledChaos"],["Swift Potion"],[]],"relics":["Ring of the Snake","Prayer Wheel","Ornamental Fan","Paper Crane","Pandora\u0027s Box","Anchor","WingedGreaves","MealTicket","Art of War","Ginger","Red Mask","Runic Dome","Toolbox","Centennial Puzzle","Letter Opener","Bag of Marbles","Strawberry","Blood Vial","Chemical X","Kunai"],"potions_floor_usage":[6,14,14,14,22,23,25,28,29,31,33,44,46,48,50,51,55,56],"damage_taken":[{"damage":1,"enemies":"Cultist","floor":1,"turns":5},{"damage":0,"enemies":"2 Louse","floor":2,"turns":7},{"damage":12,"enemies":"Small Slimes","floor":3,"turns":6},{"damage":16,"enemies":"Gremlin Nob","floor":6,"turns":4},{"damage":0,"enemies":"Blue Slaver","floor":8,"turns":6},{"damage":5,"enemies":"3 Louse","floor":10,"turns":7},{"damage":9,"enemies":"Lagavulin","floor":12,"turns":7},{"damage":1,"enemies":"Red Slaver","floor":13,"turns":5},{"damage":16,"enemies":"Gremlin Nob","floor":14,"turns":4},{"damage":0,"enemies":"Hexaghost","floor":16,"turns":11},{"damage":0,"enemies":"Shell Parasite","floor":18,"turns":8},{"damage":0,"enemies":"Chosen","floor":22,"turns":8},{"damage":3,"enemies":"Book of Stabbing","floor":23,"turns":8},{"damage":14,"enemies":"Gremlin Leader","floor":25,"turns":9},{"damage":0,"enemies":"Slavers","floor":28,"turns":5},{"damage":0,"enemies":"Centurion and Healer","floor":29,"turns":8},{"damage":3,"enemies":"Masked Bandits","floor":31,"turns":8},{"damage":9,"enemies":"Automaton","floor":33,"turns":10},{"damage":0,"enemies":"Orb Walker","floor":35,"turns":2},{"damage":0,"enemies":"3 Darklings","floor":37,"turns":4},{"damage":2,"enemies":"Giant Head","floor":44,"turns":7},{"damage":1,"enemies":"Transient","floor":46,"turns":6},{"damage":0,"enemies":"Jaw Worm Horde","floor":48,"turns":4},{"damage":5,"enemies":"Donu and Deca","floor":50,"turns":5},{"damage":21,"enemies":"Time Eater","floor":51,"turns":11},{"damage":6,"enemies":"Shield and Spear","floor":55,"turns":5},{"damage":8,"enemies":"The Heart","floor":56,"turns":10}],"green_key_taken_log":14,"seed_played":"-3218718211498553883","neow_bonus_log":{"cardsObtained":[],"cardsUpgraded":[],"cardsRemoved":[],"cardsTransformed":[],"relicsObtained":[],"maxHpGained":0,"goldGained":100,"damageTaken":0,"goldLost":0,"maxHpLost":0},"potions_obtained":[{"floor":1,"key":"DistilledChaos"},{"floor":6,"key":"SkillPotion"},{"floor":10,"key":"EntropicBrew"},{"floor":12,"key":"Poison Potion"},{"floor":16,"key":"BlessingOfTheForge"},{"floor":35,"key":"Fire Potion"},{"floor":37,"key":"Ancient Potion"}],"is_trial":false,"path_per_floor":["M","M","M","$","?","E","R","M","T","M","R","E","M","E","R","B",null,"M","?","?","$","M","E","R","E","T","R","E","M","R","?","R","B",null,"M","?","M","?","$","R","$","R","T","E","T","M","R","M","R","B","B",null,"R","$","E","B",null],"character_chosen":"THE_SILENT","basemod:card_modifiers":[null,null,null,null,null,null,null,null,null,null,null,null,null,null,null,null,null,null,null,null,null,null,null,null,null,null,null,null,null,null,null,null,null,null,null],"items_purchased":["HandOfGreed","Leg Sweep","Footwork","Anchor","Toolbox","Centennial Puzzle","Footwork","Blood Vial","Chemical X"],"campfire_rested":1,"item_purchase_floors":[4,4,21,21,39,39,39,54,54],"current_hp_per_floor":[58,58,46,46,46,30,30,30,30,25,44,35,34,18,18,18,54,54,54,54,54,54,51,51,37,37,37,37,37,37,34,34,25,56,56,56,56,56,66,66,66,66,66,64,71,70,70,73,73,68,47,67,67,73,67,61],"gold":39,"neow_bonus":"HUNDRED_GOLD","is_prod":false,"is_daily":false,"rewards_skipped":[{"floor":18,"relics":[],"potions":["SpeedPotion"]},{"floor":28,"relics":[],"potions":["SneckoOil"]},{"floor":31,"relics":[],"potions":["Fire Potion"]}],"chose_seed":false,"campfire_upgraded":10,"win_rate":0,"floor_exit_playtime":[81,151,214,232,239,309,319,405,409,499,507,592,695,784,796,941,1039,1188,1192,1280,1295,1504,1675,1684,2154,2157,2170,2253,2398,2412,2665,2678,2972,3179,3222,3246,3365,3407,3475,3483,3531,3536,3539,3700,3703,3871,3878,3960,3969,4105,4373,4385,4406,4508,4656,4967],"timestamp":1707351286,"blue_key_relic_skipped_log":{"floor":9,"relicID":"Matryoshka"},"path_taken":["M","M","?","$","?","E","R","?","T","M","R","E","M","E","R","BOSS","M","?","?","$","M","E","R","E","T","R","E","M","R","?","R","BOSS","M","?","M","?","$","R","$","R","T","E","?","?","R","M","R","BOSS","BOSS","R","$","E","BOSS"],"build_version":"2022-12-18","purchased_purges":2,"victory":true,"max_hp_per_floor":[66,66,66,66,66,66,66,66,66,66,66,66,66,66,66,66,66,66,66,66,66,66,66,66,66,66,66,66,66,66,66,66,66,66,66,66,66,66,66,66,66,66,66,66,73,73,73,73,73,73,73,73,73,73,73,73],"relic_stats":{"counters":[27,180],"Ginger":[5],"Letter Opener":[240],"Blood Vial":2,"Centennial Puzzle":[18],"Ornamental Fan":[136],"Prayer Wheel":10,"Pandora\u0027s Box":["Catalyst","After Image","Adrenaline","Dodge and Roll","PiercingWail","Corpse Explosion","PiercingWail","Envenom","Setup"],"MealTicket":16,"WingedGreaves":3,"Art of War":[44],"Chemical X":[1],"Kunai":[3],"obtain_stats":[{"Ginger":28,"Letter Opener":43,"Paper Crane":14,"Blood Vial":54,"Runic Dome":34,"Anchor":21,"Centennial Puzzle":39,"Ornamental Fan":12,"Strawberry":45,"Toolbox":39,"Prayer Wheel":6,"Pandora\u0027s Box":17,"MealTicket":25,"WingedGreaves":23,"Art of War":26,"Red Mask":31,"Bag of Marbles":44,"Chemical X":54,"Kunai":55,"Ring of the Snake":0},{"Ginger":15,"Letter Opener":20,"Paper Crane":9,"Blood Vial":25,"Runic Dome":18,"Anchor":11,"Centennial Puzzle":20,"Ornamental Fan":7,"Strawberry":21,"Toolbox":20,"Prayer Wheel":4,"Pandora\u0027s Box":10,"MealTicket":14,"WingedGreaves":13,"Art of War":14,"Red Mask":17,"Bag of Marbles":21,"Chemical X":25,"Kunai":26,"Ring of the Snake":0},{"Ginger":100,"Letter Opener":132,"Paper Crane":51,"Blood Vial":165,"Runic Dome":126,"Anchor":70,"Centennial Puzzle":132,"Ornamental Fan":42,"Strawberry":139,"Toolbox":132,"Prayer Wheel":22,"Pandora\u0027s Box":62,"MealTicket":95,"WingedGreaves":86,"Art of War":95,"Red Mask":116,"Bag of Marbles":139,"Chemical X":165,"Kunai":170,"Ring of the Snake":0}],"Ring of the Snake":[54]},"card_choices":[{"not_picked":["Catalyst","Blur"],"picked":"Well Laid Plans","floor":1},{"not_picked":["Cloak And Dagger","Bane"],"picked":"Bouncing Flask","floor":2},{"not_picked":["Dodge and Roll","Endless Agony"],"picked":"Flying Knee","floor":3},{"not_picked":["Concentrate","Dash"],"picked":"Backflip","floor":6},{"not_picked":["Deadly Poison","Envenom"],"picked":"Escape Plan","floor":8},{"not_picked":["Prepared","Sucker Punch"],"picked":"Infinite Blades","floor":8},{"not_picked":["Deadly Poison","Dodge and Roll"],"picked":"Backstab","floor":10},{"not_picked":["Quick Slash","Escape Plan","Poisoned Stab"],"picked":"SKIP","floor":10},{"not_picked":["Dash","Accuracy"],"picked":"Footwork","floor":12},{"not_picked":["Calculated Gamble","Poisoned Stab"],"picked":"Catalyst","floor":13},{"not_picked":["Setup","Underhanded Strike","Outmaneuver"],"picked":"SKIP","floor":13},{"not_picked":["Flying Knee","Unload"],"picked":"Blade Dance","floor":14},{"not_picked":["Unload","Grand Finale"],"picked":"Wraith Form v2","floor":16},{"not_picked":["Bouncing Flask","Predator"],"picked":"Venomology","floor":18},{"not_picked":["Deadly Poison","Poisoned Stab","Bane"],"picked":"SKIP","floor":18},{"not_picked":["Noxious Fumes","Prepared"],"picked":"Blade Dance","floor":22},{"not_picked":["Underhanded Strike","Choke+1"],"picked":"PiercingWail","floor":22},{"not_picked":["Flying Knee+1","Masterful Stab"],"picked":"Tools of the Trade","floor":23},{"not_picked":["Dagger Spray+1","Eviscerate"],"picked":"Acrobatics","floor":25},{"not_picked":["Bane+1","Tools of the Trade","Sucker Punch"],"picked":"SKIP","floor":28},{"not_picked":["Noxious Fumes","Quick Slash"],"picked":"Adrenaline","floor":29},{"not_picked":["Quick Slash","Dagger Throw","Noxious Fumes"],"picked":"SKIP","floor":29},{"not_picked":["Slice","Deflect"],"picked":"Blur","floor":31},{"not_picked":["Storm of Steel","Tools of the Trade"],"picked":"Bullet Time","floor":33},{"not_picked":["Eviscerate","Masterful Stab","Heel Hook"],"picked":"SKIP","floor":35},{"not_picked":["Poisoned Stab","Flying Knee+1","Setup"],"picked":"SKIP","floor":35},{"not_picked":["Flying Knee","Dagger Throw+1"],"picked":"Dodge and Roll","floor":37},{"not_picked":["Dodge and Roll","Backstab","Terror"],"picked":"SKIP","floor":37},{"not_picked":["Blade Dance","Flying Knee+1","Terror"],"picked":"SKIP","floor":44},{"not_picked":["Catalyst","Outmaneuver"],"picked":"Well Laid Plans","floor":46},{"not_picked":["Caltrops+1","Dagger Throw","Quick Slash+1"],"picked":"SKIP","floor":46},{"not_picked":["Well Laid Plans","Endless Agony","Prepared"],"picked":"SKIP","floor":48},{"not_picked":["Poisoned Stab","Underhanded Strike","Prepared"],"picked":"SKIP","floor":48},{"not_picked":["Grand Finale","Flying Knee+1"],"picked":"Acrobatics","floor":55}],"player_experience":5909013,"relics_obtained":[{"floor":6,"key":"Prayer Wheel"},{"floor":12,"key":"Ornamental Fan"},{"floor":14,"key":"Paper Crane"},{"floor":23,"key":"WingedGreaves"},{"floor":25,"key":"MealTicket"},{"floor":26,"key":"Art of War"},{"floor":28,"key":"Ginger"},{"floor":31,"key":"Red Mask"},{"floor":43,"key":"Letter Opener"},{"floor":44,"key":"Bag of Marbles"},{"floor":45,"key":"Strawberry"},{"floor":55,"key":"Kunai"}],"event_choices":[{"damage_healed":0,"gold_gain":0,"cards_transformed":["Defend_G"],"player_choice":"Transformed","damage_taken":0,"max_hp_gain":0,"max_hp_loss":0,"event_name":"Transmorgrifier","floor":5,"gold_loss":0,"cards_obtained":["Leg Sweep"]},{"damage_healed":0,"gold_gain":0,"player_choice":"Ignored","damage_taken":0,"max_hp_gain":0,"max_hp_loss":0,"event_name":"Vampires","floor":19,"gold_loss":0},{"cards_removed":["Flying Knee"],"damage_healed":0,"gold_gain":0,"player_choice":"Gave Gold","damage_taken":0,"max_hp_gain":0,"max_hp_loss":0,"event_name":"Beggar","floor":20,"gold_loss":75},{"damage_healed":0,"gold_gain":0,"player_choice":"Fought Bandits","damage_taken":0,"max_hp_gain":0,"max_hp_loss":0,"event_name":"Masked Bandits","floor":31,"gold_loss":0},{"damage_healed":0,"gold_gain":222,"player_choice":"Wore Mask","damage_taken":0,"max_hp_gain":0,"max_hp_loss":0,"event_name":"Tomb of Lord Red Mask","floor":36,"gold_loss":0},{"cards_removed":["HandOfGreed"],"damage_healed":0,"gold_gain":0,"player_choice":"Removed Attack","damage_taken":0,"max_hp_gain":0,"max_hp_loss":0,"event_name":"Falling","floor":38,"gold_loss":0}],"is_beta":false,"boss_relics":[{"not_picked":["Velvet Choker","HoveringKite"],"picked":"Pandora\u0027s Box"},{"not_picked":["Sozu","Astrolabe"],"picked":"Runic Dome"}],"items_purged_floors":[41,54],"is_endless":false,"potions_floor_spawned":[1,6,10,12,16,18,28,31,35,37],"ascension_level":20,"potion_discard_per_floor":[[],[],[],[],[],[],[],[],[],[],[],["SkillPotion"],[],[],[],[],[],[],[],[],[],[],[],[],[],[],[],[],[],[],[],[],[],[],["SpeedPotion"],[],["Fire Potion","LiquidBronze"],[],[],[],[],[],[],[],[],[],[],[],[],[],[],[],[],[],[],[],[]]}