{"neow_bonuses_skipped_log":["REMOVE_CARD","THREE_ENEMY_KILL","BOSS_RELIC"],"potions_obtained_entropic_brew":[[],[],[],[],[],[],[],[],[],[],[],[],[],[],[],[],[],[],[],[],[],[],[],[],[],[],[],[],[]],"neow_costs_skipped_log":["NONE","NONE","NONE"],"gold_per_floor":[113,113,127,140,10,10,25,56,56,96,96,96,116,154,154,249,249,262,282,282,106,127,127,162,162,188,188,188,188],"floor_reached":29,"playtime":1098,"items_purged":["Defend_G","Defend_G"],"score":572,"play_id":"aeb3b7a1-dd72-4f7a-9ca9-1299754709a5","local_time":"20240211195607","score_breakdown":["Floors Climbed (29): 145","Enemies Slain (8): 16","Exordium Elites Killed (3): 30","City Elites Killed (1): 20","Bosses Slain (1): 50","Champion (1): 25","Ascension (20): 286"],"is_ascension_mode":true,"potions_obtained_alchemize":[[],[],[],[],[],[],[],[],[],[],[],[],[],[],[],[],[],[],[],[],[],[],[],[],[],[],[],[],[]],"campfire_choices":[{"data":"Blade Dance","floor":6,"key":"SMITH"},{"data":"Glass Knife","floor":12,"key":"SMITH"},{"data":"Corpse Explosion","floor":15,"key":"SMITH"},{"data":"Tools of the Trade","floor":25,"key":"SMITH"},{"data":"Ghostly","floor":27,"key":"SMITH"}],"lesson_learned_per_floor":[[],[],[],[],[],[],[],[],[],[],[],[],[],[],[],[],[],[],[],[],[],[],[],[],[],[],[],[],[]],"neow_cost":"TEN_PERCENT_HP_LOSS","improvable_cards":{},"seed_source_timestamp":21577161918957,"shop_contents":[{"floor":5,"relics":["Lizard Tail","Centennial Puzzle","Lee\u0027s Waffle"],"cards":["Dagger Throw","Backflip","Leg Sweep","Caltrops","Purity","Transmutation"],"potions":["Regen Potion","SmokeBomb","FearPotion"]},{"floor":21,"relics":["Eternal Feather","Akabeko","HandDrill"],"cards":["Choke","Sucker Punch","Accuracy","Swift Strike","Violence"],"potions":["PowerPotion","PowerPotion","FearPotion"]}],"circlet_count":0,"master_deck":["AscendersBane","Strike_G","Strike_G","Strike_G","Strike_G","Defend_G","Defend_G","Survivor","Neutralize","Blade Dance+1","Backflip","Acrobatics","Slice","Escape Plan","Glass Knife+1","Masterful Stab","Corpse Explosion+1","Tools of the Trade+1","Backflip","Ghostly+1","Ghostly","Ghostly","Acrobatics","PiercingWail","Necronomicurse","Outmaneuver+1","Finisher"],"potion_use_per_floor":[[],[],[],[],[],[],[],["SpeedPotion"],[],["AttackPotion"],[],[],[],["Weak Potion"],[],["SkillPotion"],[],["LiquidMemories"],["GamblersBrew"],[],[],[],[],["Fruit Juice"],[],[],[],[],["Dexterity Potion","AttackPotion"]],"relics":["Ring of the Snake","Golden Idol","Anchor","White Beast Statue","Bottled Flame","Dream Catcher","Runic Dome","Necronomicon","Snake Skull","Nunchaku"],"potions_floor_usage":[8,10,14,16,18,19,24,29,29],"damage_taken":[{"damage":0,"enemies":"Small Slimes","floor":1,"turns":5},{"damage":2,"enemies":"Jaw Worm","floor":3,"turns":4},{"damage":1,"enemies":"Cultist","floor":4,"turns":4},{"damage":1,"enemies":"Red Slaver","floor":7,"turns":3},{"damage":27,"enemies":"3 Sentries","floor":8,"turns":10},{"damage":3,"enemies":"Gremlin Nob","floor":10,"turns":3},{"damage":0,"enemies":"Gremlin Gang","floor":13,"turns":3},{"damage":2,"enemies":"3 Sentries","floor":14,"turns":6},{"damage":29,"enemies":"Hexaghost","floor":16,"turns":8},{"damage":0,"enemies":"Chosen","floor":18,"turns":3},{"damage":11,"enemies":"Spheric Guardian","floor":19,"turns":4},{"damage":0,"enemies":"Snake Plant","floor":22,"turns":5},{"damage":0,"enemies":"Gremlin Leader","floor":24,"turns":6},{"damage":22,"enemies":"Cultist and Chosen","floor":29,"turns":5}],"seed_played":"6984780998001772258","neow_bonus_log":{"cardsObtained":[],"cardsUpgraded":[],"cardsRemoved":["Defend_G","Strike_G"],"cardsTransformed":[],"relicsObtained":[],"maxHpGained":0,"goldGained":0,"damageTaken":0,"goldLost":0,"maxHpLost":6},"potions_obtained":[{"floor":1,"key":"AttackPotion"},{"floor":3,"key":"SpeedPotion"},{"floor":8,"key":"GamblersBrew"},{"floor":10,"key":"Weak Potion"},{"floor":14,"key":"SkillPotion"},{"floor":16,"key":"LiquidMemories"},{"floor":18,"key":"EssenceOfSteel"},{"floor":19,"key":"AttackPotion"},{"floor":22,"key":"Fruit Juice"},{"floor":24,"key":"Dexterity Potion"}],"is_trial":false,"path_per_floor":["M","?","M","M","$","R","M","E","T","E","?","R","M","E","R","B",null,"M","M","?","$","M","?","E","R","T","R","?","M"],"character_chosen":"THE_SILENT","basemod:card_modifiers":[null,null,null,null,null,null,null,null,null,null,null,null,null,null,null,null,null,null,null,null,null,null,null,null,null,null,null],"items_purchased":["Slice","Acrobatics","PiercingWail"],"campfire_rested":0,"item_purchase_floors":[5,21,21],"current_hp_per_floor":[59,54,52,51,51,51,50,23,23,20,38,38,38,36,36,7,42,42,31,27,27,27,6,11,11,11,11,11,0],"gold":188,"neow_bonus":"REMOVE_TWO","is_prod":false,"is_daily":false,"rewards_skipped":[{"floor":13,"relics":[],"potions":["Weak Potion"]}],"chose_seed":false,"campfire_upgraded":5,"win_rate":0,"floor_exit_playtime":[55,60,114,156,177,184,216,330,332,374,379,386,418,488,493,602,630,669,740,747,770,836,868,978,988,992,1002,1017],"timestamp":1707699367,"path_taken":["M","?","M","M","$","R","M","E","T","E","?","R","M","E","R","BOSS","M","M","?","$","M","?","E","R","T","R","?","?"],"build_version":"2022-12-18","purchased_purges":2,"victory":false,"max_hp_per_floor":[60,54,54,54,54,54,54,54,54,54,54,54,54,54,54,54,54,54,54,27,27,27,27,32,32,32,32,32,32],"relic_stats":{"Bottled Flame":"Masterful Stab","Dream Catcher":0,"Nunchaku":[1],"counters":[14,69],"Golden Idol":72,"Snake Skull":[1],"Necronomicon":[0],"obtain_stats":[{"Runic Dome":17,"Anchor":8,"Bottled Flame":10,"Dream Catcher":14,"Nunchaku":26,"Golden Idol":2,"Snake Skull":24,"Necronomicon":23,"White Beast Statue":9,"Ring of the Snake":0},{"Runic Dome":9,"Anchor":5,"Bottled Flame":6,"Dream Catcher":8,"Nunchaku":13,"Golden Idol":1,"Snake Skull":13,"Necronomicon":12,"White Beast Statue":5,"Ring of the Snake":0},{"Runic Dome":46,"Anchor":26,"Bottled Flame":29,"Dream Catcher":38,"Nunchaku":64,"Golden Idol":5,"Snake Skull":64,"Necronomicon":58,"White Beast Statue":26,"Ring of the Snake":0}],"White Beast Statue":[0.002400000000000001,0.0,0.12000000000000004,0.0,0.49360000000000015,0.0,0.3480000000000001,0.0,0.03600000000000001,0.0,0.0,3.1144000000000007],"Ring of the Snake":[28]},"card_choices":[{"not_picked":["Deflect","Expertise"],"picked":"Blade Dance","floor":1},{"not_picked":["Tactician","Underhanded Strike"],"picked":"Backflip","floor":3},{"not_picked":["Dagger Throw","Prepared"],"picked":"Acrobatics","floor":4},{"not_picked":["Heel Hook","Bane"],"picked":"Escape Plan","floor":7},{"not_picked":["Skewer","Predator"],"picked":"Glass Knife","floor":8},{"not_picked":["Slice","Bane"],"picked":"Masterful Stab","floor":10},{"not_picked":["Bane","Endless Agony","Skewer"],"picked":"SKIP","floor":13},{"not_picked":["Deadly Poison","Flying Knee"],"picked":"Corpse Explosion","floor":14},{"not_picked":["Unload","Night Terror"],"picked":"Tools of the Trade","floor":16},{"not_picked":["Skewer","Bane"],"picked":"Backflip","floor":18},{"not_picked":["Skewer","Heel Hook","Dodge and Roll"],"picked":"SKIP","floor":19},{"not_picked":["Bane","Outmaneuver","Slice"],"picked":"SKIP","floor":22},{"not_picked":["Flechettes","Bane"],"picked":"Outmaneuver+1","floor":24}],"player_experience":6013778,"relics_obtained":[{"floor":8,"key":"Anchor"},{"floor":9,"key":"White Beast Statue"},{"floor":10,"key":"Bottled Flame"},{"floor":14,"key":"Dream Catcher"},{"floor":23,"key":"Necronomicon"},{"floor":24,"key":"Snake Skull"},{"floor":26,"key":"Nunchaku"}],"event_choices":[{"damage_healed":0,"gold_gain":0,"player_choice":"Lose Max HP","damage_taken":0,"relics_obtained":["Golden Idol"],"max_hp_gain":0,"max_hp_loss":6,"event_name":"Golden Idol","floor":2,"gold_loss":0},{"damage_healed":18,"gold_gain":0,"player_choice":"Banana","damage_taken":0,"max_hp_gain":0,"max_hp_loss":0,"event_name":"Big Fish","floor":11,"gold_loss":0},{"damage_healed":0,"gold_gain":0,"player_choice":"Became a Ghost","damage_taken":0,"max_hp_gain":0,"max_hp_loss":27,"event_name":"Ghosts","floor":20,"gold_loss":0,"cards_obtained":["Ghostly","Ghostly","Ghostly"]},{"damage_healed":0,"gold_gain":0,"player_choice":"Obtained Book","damage_taken":21,"max_hp_gain":0,"max_hp_loss":0,"event_name":"Cursed Tome","floor":23,"gold_loss":0},{"damage_healed":0,"gold_gain":0,"player_choice":"1 cards matched","damage_taken":0,"max_hp_gain":0,"max_hp_loss":0,"event_name":"Match and Keep!","floor":28,"gold_loss":0,"cards_obtained":["Finisher"]}],"is_beta":false,"boss_relics":[{"not_picked":["Snecko Eye","Tiny House"],"picked":"Runic Dome"}],"items_purged_floors":[5,21],"is_endless":false,"potions_floor_spawned":[1,3,8,10,13,14,16,18,19,22,24],"killed_by":"Cultist and Chosen","ascension_level":20,"potion_discard_per_floor":[[],[],[],[],[],[],[],[],[],[],[],[],[],[],[],[],[],[],[],[],[],["EssenceOfSteel"],[],[],[],[],[],[],[]]}