{"neow_bonuses_skipped_log":["RANDOM_COLORLESS","RANDOM_COMMON_RELIC","BOSS_RELIC"],"potions_obtained_entropic_brew":[[],[],[],[],[],[],[],[],[],[],[],[],[],[],[],[],[],[],[],[],[],[],[],[],[],[],[],[],[],[],[],[],[],[],[],[],[],[],[],[],[],[],[],[],[],[],[],[],[],[],[],[],[],[],[],[],[]],"neow_costs_skipped_log":["NONE","NONE","NONE"],"gold_per_floor":[113,26,26,26,45,80,95,122,194,228,228,228,228,242,242,317,317,335,78,96,96,107,107,132,132,132,143,175,187,20,52,52,127,127,146,146,146,146,158,190,210,210,210,210,15,15,15,34,34,34,34,34,34,34,60,60],"floor_reached":57,"playtime":3712,"items_purged":["Strike_G"],"score":3337,"play_id":"554444ee-2472-492e-8961-dfcec2fb07eb","local_time":"20240210005451","falling_options_log":["Concentrate+1","Noxious Fumes"],"score_breakdown":["Floors Climbed (57): 285","Enemies Slain (13): 26","Exordium Elites Killed (3): 30","City Elites Killed (3): 60","Beyond Elites Killed (1): 30","Bosses Slain (5): 750","Collector (1): 25","Encyclopedian: 50","Champion (3): 75","Beyond Perfect: 200","Overkill: 25","C-c-c-combo: 25","Ascension (20): 1506","Heartbreaker: 250"],"is_ascension_mode":true,"potions_obtained_alchemize":[[],[],[],[],[],[],[],[],[],[],[],[],[],[],[],["Block Potion"],[],["Dexterity Potion"],[],[],[],["Explosive Potion"],[],["DuplicationPotion"],[],[],[],["LiquidBronze","Weak Potion","GhostInAJar"],[],[],["Weak Potion"],[],["GamblersBrew"],[],["SkillPotion"],[],[],[],["Weak Potion"],[],["SkillPotion","AttackPotion","GamblersBrew","SpeedPotion","CunningPotion","Strength Potion","SteroidPotion"],[],[],[],[],[],[],["Swift Potion"],[],["AttackPotion"],["FearPotion"],[],[],[],["SkillPotion"],["DistilledChaos"],[]],"campfire_choices":[{"data":"Blade Dance","floor":11,"key":"SMITH"},{"data":"Accuracy","floor":13,"key":"SMITH"},{"data":"Terror","floor":15,"key":"SMITH"},{"data":"Tactician","floor":23,"key":"SMITH"},{"data":"Well Laid Plans","floor":25,"key":"SMITH"},{"data":"Bullet Time","floor":32,"key":"SMITH"},{"floor":42,"key":"RECALL"},{"data":"Apotheosis","floor":44,"key":"SMITH"},{"data":"Wraith Form v2","floor":46,"key":"SMITH"},{"floor":49,"key":"REST"},{"data":"Tools of the Trade","floor":53,"key":"SMITH"}],"lesson_learned_per_floor":[[],[],[],[],[],[],[],[],[],[],[],[],[],[],[],[],[],[],[],[],[],[],[],[],[],[],[],[],[],[],[],[],[],[],[],[],[],[],[],[],[],[],[],[],[],[],[],[],[],[],[],[],[],[],[],[],[]],"neow_cost":"TEN_PERCENT_HP_LOSS","improvable_cards":{},"seed_source_timestamp":28455326841780,"shop_contents":[{"floor":2,"relics":["HornCleat","The Specimen","Chemical X"],"cards":["Slice","Skewer","Acrobatics","Envenom","Bandage Up","Chrysalis"],"potions":["SkillPotion","ColorlessPotion","FairyPotion"]},{"floor":19,"relics":["Toy Ornithopter","Oddly Smooth Stone","Cauldron"],"cards":["Poisoned Stab","Underhanded Strike","Impatience","Violence"],"potions":["Explosive Potion","SpeedPotion","AttackPotion"]},{"floor":30,"relics":["Lizard Tail","Boot"],"cards":["Sucker Punch","Choke","Cloak And Dagger","Reflex","Noxious Fumes","Discovery","Violence"],"potions":["LiquidBronze","ColorlessPotion","Energy Potion"]},{"floor":45,"relics":["Orichalcum","Torii"],"cards":["Flying Knee","Sucker Punch","Deflect","Noxious Fumes","Impatience","Secret Technique"],"potions":["SpeedPotion","Energy Potion","Swift Potion"]},{"floor":54,"relics":["War Paint","Centennial Puzzle","Frozen Eye"],"cards":["Dagger Throw","Quick Slash","Reflex","Concentrate","Infinite Blades","Trip","Mayhem"],"potions":["Strength Potion","PowerPotion","AttackPotion"]}],"circlet_count":0,"master_deck":["AscendersBane","Strike_G","Strike_G","Defend_G","Defend_G","Defend_G","Defend_G","Survivor","Neutralize","Night Terror","Blade Dance+1","All Out Attack","Terror+1","Dagger Throw","PiercingWail","Calculated Gamble","Accuracy+1","Venomology","Acrobatics","Bullet Time+1","Concentrate+1","Calculated Gamble","Footwork","Backflip","Leg Sweep","Backflip","Tactician+1","Well Laid Plans+1","Footwork+1","Tools of the Trade+1","Deflect","Noxious Fumes","Calculated Gamble","Acrobatics","Acrobatics","Escape Plan+1","Blur","Blade Dance","Corpse Explosion","Blur+1","Wraith Form v2+1","Apotheosis+1","Dark Shackles","Blind","Deflect","Prepared","Concentrate+1","Endless Agony","Writhe","Acrobatics","Catalyst+1","Deflect+1"],"potion_use_per_floor":[[],[],[],[],[],["Weak Potion"],[],[],[],[],[],[],[],[],[],[],[],[],[],[],[],["LiquidBronze","Block Potion"],[],["SkillPotion"],[],[],[],["Explosive Potion","DuplicationPotion","LiquidBronze"],[],[],["Energy Potion"],[],["Weak Potion"],[],["Fruit Juice"],[],[],[],["SkillPotion"],[],["Weak Potion","SkillPotion","AttackPotion","PowerPotion","SpeedPotion","Strength Potion"],[],[],[],[],[],[],["SteroidPotion"],[],["Swift Potion"],["AttackPotion"],[],[],[],["FearPotion"],["Energy Potion"],[]],"relics":["Ring of the Snake","Prayer Wheel","Potion Belt","Question Card","Bag of Preparation","HoveringKite","Bottled Lightning","Ancient Tea Set","Dead Branch","Orrery","Thread and Needle","Cursed Key","Juzu Bracelet","OrangePellets","Art of War"],"potions_floor_usage":[6,22,22,24,28,28,28,31,33,35,39,41,41,41,41,41,41,48,50,51,55,56],"damage_taken":[{"damage":1,"enemies":"Small Slimes","floor":1,"turns":4},{"damage":2,"enemies":"2 Louse","floor":5,"turns":3},{"damage":17,"enemies":"Lagavulin","floor":6,"turns":7},{"damage":0,"enemies":"Cultist","floor":7,"turns":2},{"damage":15,"enemies":"3 Sentries","floor":8,"turns":6},{"damage":0,"enemies":"Gremlin Nob","floor":10,"turns":2},{"damage":6,"enemies":"Lots of Slimes","floor":14,"turns":2},{"damage":3,"enemies":"Hexaghost","floor":16,"turns":8},{"damage":0,"enemies":"Chosen","floor":18,"turns":2},{"damage":0,"enemies":"Spheric Guardian","floor":20,"turns":3},{"damage":0,"enemies":"Centurion and Healer","floor":22,"turns":6},{"damage":10,"enemies":"Slavers","floor":24,"turns":7},{"damage":0,"enemies":"Snake Plant","floor":27,"turns":4},{"damage":17,"enemies":"Gremlin Leader","floor":28,"turns":8},{"damage":0,"enemies":"Snecko","floor":29,"turns":2},{"damage":0,"enemies":"Slavers","floor":31,"turns":6},{"damage":0,"enemies":"Champ","floor":33,"turns":7},{"damage":0,"enemies":"Orb Walker","floor":35,"turns":2},{"damage":0,"enemies":"3 Darklings","floor":39,"turns":4},{"damage":14,"enemies":"Reptomancer","floor":40,"turns":3},{"damage":0,"enemies":"4 Shapes","floor":41,"turns":11},{"damage":0,"enemies":"Spire Growth","floor":48,"turns":4},{"damage":0,"enemies":"Time Eater","floor":50,"turns":12},{"damage":0,"enemies":"Donu and Deca","floor":51,"turns":5},{"damage":0,"enemies":"Shield and Spear","floor":55,"turns":7},{"damage":29,"enemies":"The Heart","floor":56,"turns":7}],"green_key_taken_log":28,"seed_played":"456574501344739661","neow_bonus_log":{"cardsObtained":["Night Terror","Blade Dance"],"cardsUpgraded":[],"cardsRemoved":[],"cardsTransformed":["Defend_G","Strike_G"],"relicsObtained":[],"maxHpGained":0,"goldGained":0,"damageTaken":0,"goldLost":0,"maxHpLost":6},"potions_obtained":[{"floor":1,"key":"Weak Potion"},{"floor":5,"key":"Fire Potion"},{"floor":8,"key":"LiquidBronze"},{"floor":22,"key":"SkillPotion"},{"floor":24,"key":"Energy Potion"},{"floor":28,"key":"PowerPotion"},{"floor":33,"key":"Fruit Juice"},{"floor":55,"key":"Energy Potion"}],"is_trial":false,"path_per_floor":["M","$","?","?","M","E","M","E","T","E","R","?","R","M","R","B",null,"M","$","M","?","M","R","E","R","T","M","E","M","$","E","R","B",null,"M","?","?","?","M","E","M","R","T","R","$","R","?","M","R","B","B",null,"R","$","E","B",null],"character_chosen":"THE_SILENT","basemod:card_modifiers":[null,null,null,null,null,null,null,null,null,null,null,null,null,null,null,null,null,null,null,null,null,null,null,null,null,null,null,null,null,null,null,null,null,null,null,null,null,null,null,null,null,null,null,null,null,null,null,null,null,null,null,null],"items_purchased":["Terror","Calculated Gamble","Footwork","Backflip","Orrery","OrangePellets","Acrobatics"],"campfire_rested":1,"item_purchase_floors":[2,19,19,19,30,45,45],"current_hp_per_floor":[58,58,63,63,61,44,44,29,29,29,29,22,22,16,16,13,52,52,52,52,52,52,52,42,42,42,42,25,25,25,25,25,25,55,60,60,50,50,50,36,36,36,36,36,36,36,36,36,55,55,55,63,63,63,63,34],"gold":60,"neow_bonus":"TRANSFORM_TWO_CARDS","is_prod":false,"is_daily":false,"rewards_skipped":[{"floor":39,"relics":[],"potions":["SpeedPotion"]},{"floor":48,"relics":[],"potions":["LiquidBronze"]}],"chose_seed":false,"campfire_upgraded":9,"win_rate":0,"floor_exit_playtime":[60,66,73,76,102,171,194,297,302,322,338,343,349,381,392,499,521,575,591,667,703,803,832,986,994,998,1057,1349,1466,1487,1632,1655,1862,1914,1989,1996,2008,2010,2161,2281,2549,2553,2556,2565,2572,2581,2586,2684,2698,3023,3220,3232,3256,3261,3498,3712],"timestamp":1707544491,"blue_key_relic_skipped_log":{"floor":43,"relicID":"CeramicFish"},"path_taken":["M","$","?","?","M","E","M","E","T","E","R","?","R","M","R","BOSS","M","$","M","?","?","R","E","R","T","M","E","M","?","E","R","BOSS","M","?","?","?","M","E","M","R","T","R","$","R","?","M","R","BOSS","BOSS","R","$","E","BOSS"],"build_version":"2022-12-18","purchased_purges":1,"victory":true,"max_hp_per_floor":[60,60,65,65,65,65,65,65,65,65,65,65,65,65,65,65,65,65,65,65,65,65,65,65,65,65,65,65,65,65,65,65,65,65,70,66,66,66,66,66,66,66,66,66,66,66,66,66,66,66,66,66,66,66,66,66],"relic_stats":{"counters":[26,134],"Dead Branch":[244],"HoveringKite":[85],"Bag of Preparation":[40],"Juzu Bracelet":1,"Question Card":36,"Ancient Tea Set":[8],"Cursed Key":1,"OrangePellets":[29],"Prayer Wheel":11,"Art of War":[2],"Bottled Lightning":"Calculated Gamble","obtain_stats":[{"Potion Belt":8,"Dead Branch":28,"HoveringKite":17,"Thread and Needle":31,"Bag of Preparation":10,"Juzu Bracelet":40,"Question Card":9,"Ancient Tea Set":26,"Cursed Key":34,"OrangePellets":45,"Orrery":30,"Prayer Wheel":6,"Art of War":55,"Bottled Lightning":24,"Ring of the Snake":0},{"Potion Belt":5,"Dead Branch":14,"HoveringKite":8,"Thread and Needle":16,"Bag of Preparation":6,"Juzu Bracelet":20,"Question Card":5,"Ancient Tea Set":12,"Cursed Key":17,"OrangePellets":21,"Orrery":15,"Prayer Wheel":3,"Art of War":25,"Bottled Lightning":12,"Ring of the Snake":0},{"Potion Belt":22,"Dead Branch":64,"HoveringKite":34,"Thread and Needle":72,"Bag of Preparation":24,"Juzu Bracelet":88,"Question Card":22,"Ancient Tea Set":52,"Cursed Key":79,"OrangePellets":99,"Orrery":66,"Prayer Wheel":14,"Art of War":127,"Bottled Lightning":52,"Ring of the Snake":0}],"Ring of the Snake":[53]},"card_choices":[{"not_picked":["Outmaneuver","Deflect"],"picked":"All Out Attack","floor":1},{"not_picked":["Deadly Poison","Caltrops"],"picked":"Dagger Throw","floor":5},{"not_picked":["Acrobatics","Dagger Throw"],"picked":"Masterful Stab","floor":6},{"not_picked":["Expertise","Prepared"],"picked":"PiercingWail","floor":7},{"not_picked":["Prepared","Quick Slash"],"picked":"Calculated Gamble","floor":7},{"not_picked":["Dodge and Roll","Bane"],"picked":"Accuracy","floor":8},{"not_picked":["Choke","Dagger Spray","Deflect"],"picked":"Venomology","floor":10},{"not_picked":["Heel Hook","Dodge and Roll","Setup"],"picked":"Acrobatics","floor":14},{"not_picked":["Quick Slash","Dagger Throw","Dagger Spray","Slice"],"picked":"SKIP","floor":14},{"not_picked":["Burst","Grand Finale","Venomology"],"picked":"Bullet Time","floor":16},{"not_picked":["Dagger Spray","Infinite Blades+1","Underhanded Strike"],"picked":"Concentrate+1","floor":18},{"not_picked":["Dagger Spray","Dodge and Roll","Deadly Poison"],"picked":"Leg Sweep","floor":20},{"not_picked":["Cloak And Dagger","Choke","Terror","Predator"],"picked":"SKIP","floor":20},{"not_picked":["Cloak And Dagger","Dagger Spray","Bouncing Flask"],"picked":"Backflip","floor":22},{"not_picked":["Prepared","Quick Slash","Blade Dance"],"picked":"Tactician","floor":22},{"not_picked":["Quick Slash","Finisher","Riddle With Holes"],"picked":"Well Laid Plans","floor":24},{"not_picked":["Deadly Poison","Flechettes","Dash"],"picked":"Footwork+1","floor":27},{"not_picked":["All Out Attack","Dodge and Roll","Distraction","Predator"],"picked":"SKIP","floor":27},{"not_picked":["Dagger Spray","Grand Finale","Slice"],"picked":"Tools of the Trade","floor":28},{"not_picked":["Dagger Spray","Underhanded Strike","Riddle With Holes"],"picked":"Deflect","floor":29},{"not_picked":["Outmaneuver","Flying Knee","Dagger Throw"],"picked":"Noxious Fumes","floor":29},{"not_picked":["Distraction","Caltrops","Bouncing Flask"],"picked":"Calculated Gamble","floor":30},{"not_picked":["Flechettes+1","Corpse Explosion","Backstab"],"picked":"Acrobatics","floor":30},{"not_picked":["Leg Sweep","Finisher","Crippling Poison"],"picked":"Acrobatics","floor":30},{"not_picked":["Bane+1","Flying Knee","Underhanded Strike"],"picked":"Escape Plan+1","floor":30},{"not_picked":["Choke","Cloak And Dagger","Quick Slash"],"picked":"Blur","floor":30},{"not_picked":["Dagger Throw","Riddle With Holes+1","Dagger Spray"],"picked":"Blade Dance","floor":31},{"not_picked":["Glass Knife","Die Die Die","Venomology"],"picked":"Corpse Explosion","floor":33},{"not_picked":["Backflip","Sucker Punch","Deflect"],"picked":"Blur+1","floor":35},{"not_picked":["Quick Slash","Sucker Punch","Dagger Throw+1"],"picked":"Wraith Form v2","floor":35},{"not_picked":["Finesse","Dramatic Entrance","Secret Technique"],"picked":"Apotheosis","floor":37},{"not_picked":["Thinking Ahead","Violence","Mind Blast"],"picked":"Dark Shackles","floor":37},{"not_picked":["Magnetism","Forethought","Mind Blast"],"picked":"Blind","floor":37},{"not_picked":["Cloak And Dagger","Flying Knee","Deadly Poison"],"picked":"Deflect","floor":39},{"not_picked":["Flechettes","Underhanded Strike","Setup","Dagger Throw+1"],"picked":"SKIP","floor":39},{"not_picked":["Finisher","Corpse Explosion","Deadly Poison"],"picked":"Prepared","floor":40},{"not_picked":["Dagger Throw+1","Outmaneuver+1","Dash"],"picked":"Concentrate+1","floor":41},{"not_picked":["Eviscerate+1","Concentrate+1","Quick Slash"],"picked":"Endless Agony","floor":41},{"not_picked":["Poisoned Stab","Bane","Bullet Time"],"picked":"Catalyst+1","floor":48},{"not_picked":["Bane+1","Dagger Spray+1","Slice","Reflex"],"picked":"SKIP","floor":48},{"not_picked":["Dagger Throw","Bane","Dodge and Roll"],"picked":"Deflect+1","floor":55}],"player_experience":5961959,"relics_obtained":[{"floor":6,"key":"Prayer Wheel"},{"floor":8,"key":"Potion Belt"},{"floor":9,"key":"Question Card"},{"floor":10,"key":"Bag of Preparation"},{"floor":24,"key":"Bottled Lightning"},{"floor":26,"key":"Ancient Tea Set"},{"floor":28,"key":"Dead Branch"},{"floor":31,"key":"Thread and Needle"},{"floor":40,"key":"Juzu Bracelet"},{"floor":55,"key":"Art of War"}],"event_choices":[{"damage_healed":0,"gold_gain":0,"player_choice":"Donut","damage_taken":0,"max_hp_gain":5,"max_hp_loss":0,"event_name":"Big Fish","floor":3,"gold_loss":0},{"damage_healed":0,"gold_gain":0,"player_choice":"Ignored","damage_taken":0,"max_hp_gain":0,"max_hp_loss":0,"event_name":"Liars Game","floor":4,"gold_loss":0},{"cards_removed":["Strike_G"],"damage_healed":0,"gold_gain":0,"player_choice":"Card Removal","damage_taken":7,"max_hp_gain":0,"max_hp_loss":0,"event_name":"Golden Wing","floor":12,"gold_loss":0},{"damage_healed":0,"gold_gain":0,"player_choice":"Ignored","damage_taken":0,"max_hp_gain":0,"max_hp_loss":0,"event_name":"N\u0027loth","floor":21,"gold_loss":0},{"damage_healed":0,"gold_gain":0,"player_choice":"Max HP","damage_taken":0,"max_hp_gain":0,"max_hp_loss":4,"event_name":"Winding Halls","floor":36,"gold_loss":0},{"damage_healed":0,"gold_gain":0,"player_choice":"Memory 3","damage_taken":10,"max_hp_gain":0,"max_hp_loss":0,"event_name":"SensoryStone","floor":37,"gold_loss":0},{"damage_healed":0,"gold_gain":0,"player_choice":"Ignored","damage_taken":0,"max_hp_gain":0,"max_hp_loss":0,"event_name":"Tomb of Lord Red Mask","floor":38,"gold_loss":0},{"cards_removed":["Masterful Stab"],"damage_healed":0,"gold_gain":0,"player_choice":"Removed Attack","damage_taken":0,"max_hp_gain":0,"max_hp_loss":0,"event_name":"Falling","floor":47,"gold_loss":0}],"is_beta":false,"boss_relics":[{"not_picked":["Black Star","SlaversCollar"],"picked":"HoveringKite"},{"not_picked":["SacredBark","Velvet Choker"],"picked":"Cursed Key"}],"items_purged_floors":[19],"is_endless":false,"potions_floor_spawned":[1,5,8,22,24,28,33,39,48,55],"ascension_level":20,"potion_discard_per_floor":[[],[],[],[],[],[],[],[],[],[],[],[],[],[],[],[],[],[],[],[],[],[],[],["Fire Potion"],[],[],[],["Weak Potion"],[],[],[],[],["Dexterity Potion"],[],[],[],[],[],[],[],["CunningPotion"],[],[],[],[],[],[],[],[],[],[],[],[],[],["SkillPotion"],[],[]]}