{"neow_bonuses_skipped_log":["UPGRADE_CARD","TEN_PERCENT_HP_BONUS","BOSS_RELIC"],"potions_obtained_entropic_brew":[[],[],[],[],[],[],[],[],[],[],[],[],[],[],[],[],[],[],[],[],[],[],[],[]],"neow_costs_skipped_log":["NONE","NONE","NONE"],"gold_per_floor":[114,131,281,22,32,32,64,14,14,46,59,59,59,72,72,148,148,165,80,112,143,169,211,223],"floor_reached":24,"playtime":1269,"items_purged":["Doubt","Normality"],"score":456,"play_id":"f4450b46-7cff-4cfa-8627-8dd87ffd7a06","local_time":"20240214193817","score_breakdown":["Floors Climbed (24): 120","Enemies Slain (9): 18","Exordium Elites Killed (2): 20","City Elites Killed (1): 20","Bosses Slain (1): 50","Ascension (20): 228"],"is_ascension_mode":true,"potions_obtained_alchemize":[[],[],[],[],[],[],[],[],[],[],[],[],[],[],[],[],[],[],[],[],[],[],[],[]],"campfire_choices":[{"data":"Well Laid Plans","floor":6,"key":"SMITH"},{"floor":13,"key":"REST"},{"floor":15,"key":"REST"}],"lesson_learned_per_floor":[[],[],[],[],[],[],[],[],[],[],[],[],[],[],[],[],[],[],[],[],[],[],[],[]],"neow_cost":"CURSE","improvable_cards":{},"seed_source_timestamp":12144839405160,"shop_contents":[{"floor":4,"relics":["Happy Flower","Vajra"],"cards":["Underhanded Strike","PiercingWail","Tactician","Footwork","Impatience","Thinking Ahead"],"potions":["GamblersBrew","LiquidBronze"]},{"floor":8,"relics":["Dream Catcher","Mummified Hand","Toolbox"],"cards":["Underhanded Strike","Quick Slash","Escape Plan","Prepared","Accuracy","Enlightenment","Panache"],"potions":["Poison Potion","Explosive Potion","EntropicBrew"]}],"circlet_count":0,"master_deck":["AscendersBane","Strike_G","Strike_G","Strike_G","Strike_G","Strike_G","Defend_G","Defend_G","Defend_G","Defend_G","Defend_G","Survivor","Neutralize","Poisoned Stab","Quick Slash","Dagger Throw","Well Laid Plans+1","Backstab","Flying Knee","Masterful Stab","Bullet Time","Dagger Throw","Blade Dance","Outmaneuver+1","Backflip","Adrenaline"],"potion_use_per_floor":[[],["Strength Potion"],[],[],[],[],["Poison Potion"],[],[],["FearPotion"],[],[],[],[],[],["FearPotion"],[],[],[],[],["Block Potion"],[],["Strength Potion","LiquidMemories"],[]],"relics":["Ring of the Snake","Calipers","Membership Card","Ornamental Fan","Tingsha","Tough Bandages","Fusion Hammer","MawBank","Blood Vial"],"potions_floor_usage":[2,7,10,16,21,23,23],"damage_taken":[{"damage":6,"enemies":"Small Slimes","floor":1,"turns":6},{"damage":12,"enemies":"Jaw Worm","floor":2,"turns":6},{"damage":1,"enemies":"Cultist","floor":5,"turns":3},{"damage":17,"enemies":"Lagavulin","floor":7,"turns":6},{"damage":4,"enemies":"Gremlin Nob","floor":10,"turns":3},{"damage":0,"enemies":"Red Slaver","floor":11,"turns":2},{"damage":0,"enemies":"Exordium Thugs","floor":14,"turns":4},{"damage":25,"enemies":"Slime Boss","floor":16,"turns":12},{"damage":9,"enemies":"Spheric Guardian","floor":18,"turns":4},{"damage":9,"enemies":"Chosen","floor":20,"turns":4},{"damage":17,"enemies":"Sentry and Sphere","floor":21,"turns":8},{"damage":10,"enemies":"Centurion and Healer","floor":22,"turns":7},{"damage":11,"enemies":"Slavers","floor":23,"turns":7},{"damage":4,"enemies":"Snake Plant","floor":24,"turns":3}],"seed_played":"8764693007872480884","neow_bonus_log":{"cardsObtained":["Normality"],"cardsUpgraded":[],"cardsRemoved":[],"cardsTransformed":[],"relicsObtained":["Calipers"],"maxHpGained":0,"goldGained":0,"damageTaken":0,"goldLost":0,"maxHpLost":0},"potions_obtained":[{"floor":1,"key":"Strength Potion"},{"floor":5,"key":"Poison Potion"},{"floor":7,"key":"FearPotion"},{"floor":10,"key":"Block Potion"},{"floor":20,"key":"LiquidMemories"},{"floor":21,"key":"Strength Potion"},{"floor":23,"key":"Strength Potion"}],"is_trial":false,"path_per_floor":["M","M","?","$","M","R","E","$","T","E","M","?","R","M","R","B",null,"M","?","M","M","M","E","M"],"character_chosen":"THE_SILENT","basemod:card_modifiers":[null,null,null,null,null,null,null,null,null,null,null,null,null,null,null,null,null,null,null,null,null,null,null,null,null,null],"items_purchased":["Membership Card","Dagger Throw","FearPotion"],"campfire_rested":2,"item_purchase_floors":[4,4,4],"current_hp_per_floor":[53,41,41,41,40,40,23,23,23,19,19,19,38,38,57,32,58,49,49,40,23,13,2,0],"gold":223,"neow_bonus":"ONE_RARE_RELIC","is_prod":false,"is_daily":false,"rewards_skipped":[],"chose_seed":false,"campfire_upgraded":1,"win_rate":0,"floor_exit_playtime":[192,248,253,289,311,326,394,405,412,465,499,505,511,548,559,693,750,790,814,877,983,1059,1201],"timestamp":1707957497,"path_taken":["M","?","?","$","M","R","E","$","T","E","M","?","R","M","R","BOSS","M","?","M","M","M","E","M"],"build_version":"2022-12-18","purchased_purges":2,"victory":false,"max_hp_per_floor":[66,66,66,66,66,66,66,66,66,66,66,66,66,66,66,66,66,66,66,66,66,66,66,66],"relic_stats":{"Blood Vial":2,"Tough Bandages":[75],"Calipers":[2],"counters":[14,75],"Ornamental Fan":[140],"Tingsha":[57],"Membership Card":140,"MawBank":60,"obtain_stats":[{"Blood Vial":23,"Tough Bandages":10,"Calipers":0,"Ornamental Fan":7,"Tingsha":9,"Fusion Hammer":17,"Membership Card":4,"MawBank":19,"Ring of the Snake":0},{"Blood Vial":13,"Tough Bandages":5,"Calipers":0,"Ornamental Fan":4,"Tingsha":4,"Fusion Hammer":8,"Membership Card":2,"MawBank":9,"Ring of the Snake":0},{"Blood Vial":72,"Tough Bandages":24,"Calipers":0,"Ornamental Fan":21,"Tingsha":21,"Fusion Hammer":42,"Membership Card":12,"MawBank":46,"Ring of the Snake":0}],"Ring of the Snake":[28]},"card_choices":[{"not_picked":["Expertise","Blur"],"picked":"Poisoned Stab","floor":1},{"not_picked":["Setup","Expertise"],"picked":"Quick Slash","floor":2},{"not_picked":["Quick Slash","Outmaneuver"],"picked":"Well Laid Plans","floor":5},{"not_picked":["Deadly Poison","Slice"],"picked":"Backstab","floor":7},{"not_picked":["Flechettes","Riddle With Holes","Distraction"],"picked":"SKIP","floor":10},{"not_picked":["Slice","Finisher"],"picked":"Flying Knee","floor":11},{"not_picked":["Outmaneuver","Sucker Punch"],"picked":"Masterful Stab","floor":14},{"not_picked":["Night Terror","Doppelganger"],"picked":"Bullet Time","floor":16},{"not_picked":["Dodge and Roll","Heel Hook"],"picked":"Dagger Throw","floor":18},{"not_picked":["Expertise+1","Slice"],"picked":"Blade Dance","floor":20},{"not_picked":["Setup","Underhanded Strike"],"picked":"Outmaneuver+1","floor":21},{"not_picked":["Deflect+1","Sucker Punch"],"picked":"Backflip","floor":22},{"not_picked":["Backflip","PiercingWail"],"picked":"Adrenaline","floor":23}],"player_experience":6082019,"relics_obtained":[{"floor":7,"key":"Ornamental Fan"},{"floor":9,"key":"Tingsha"},{"floor":10,"key":"Tough Bandages"},{"floor":23,"key":"Blood Vial"}],"event_choices":[{"damage_healed":0,"gold_gain":150,"player_choice":"AGREE","damage_taken":0,"max_hp_gain":0,"max_hp_loss":0,"event_name":"Liars Game","floor":3,"gold_loss":0,"cards_obtained":["Doubt"]},{"damage_healed":0,"gold_gain":0,"player_choice":"Searched \u00270\u0027 times","damage_taken":0,"max_hp_gain":0,"max_hp_loss":0,"event_name":"Dead Adventurer","floor":12,"gold_loss":0},{"damage_healed":0,"gold_gain":0,"player_choice":"Obtained Relic","damage_taken":0,"relics_obtained":["MawBank"],"max_hp_gain":0,"max_hp_loss":0,"event_name":"Addict","floor":19,"gold_loss":85}],"is_beta":false,"boss_relics":[{"not_picked":["Busted Crown","Ectoplasm"],"picked":"Fusion Hammer"}],"items_purged_floors":[4,8],"is_endless":false,"potions_floor_spawned":[1,5,7,10,20,21,23],"killed_by":"Snake Plant","ascension_level":20,"potion_discard_per_floor":[[],[],[],[],[],[],[],[],[],[],[],[],[],[],[],[],[],[],[],[],[],[],[],[]]}