{"neow_bonuses_skipped_log":["UPGRADE_CARD","RANDOM_COLORLESS_2","BOSS_RELIC"],"neow_costs_skipped_log":["NONE","NO_GOLD","NONE"],"potions_obtained_entropic_brew":[[],[],[],[],[],[],[],[],[],[],[],[],[],[],[],[],[],[],[],[],[],[],[],[],[],[],[],[],[],[],[],[],[],[],[],[],[],[],[],[],[],[],[],[],[],[],[],[],[],[],[],[],[],[],[],[],[]],"gold_per_floor":[116,116,132,132,146,146,158,158,184,196,196,206,206,206,206,277,277,297,1,1,1,21,21,48,71,83,120,132,59,71,93,105,191,203,227,239,473,504,532,544,588,600,612,370,208,241,241,266,266,266,266,266,266,1,30,30],"floor_reached":57,"playtime":2971,"items_purged":["Defend_G","Defend_G","Glass Knife+1","Skewer+1"],"score":3107,"play_id":"b1a0c457-07d2-480e-83b4-8eebbe576c98","local_time":"20240212174601","score_breakdown":["Floors Climbed (57): 285","Enemies Slain (13): 26","Exordium Elites Killed (0): 0","City Elites Killed (1): 20","Beyond Elites Killed (2): 60","Bosses Slain (5): 750","Speedster: 25","Champion (1): 25","Beyond Perfect: 200","Overkill: 25","C-c-c-combo: 25","Ascension (20): 1416","Heartbreaker: 250"],"is_ascension_mode":true,"potions_obtained_alchemize":[[],[],[],[],[],[],[],[],[],[],[],[],[],[],[],[],[],[],[],[],[],[],[],[],[],[],[],[],[],[],[],[],[],[],[],[],[],[],[],[],[],[],[],[],[],[],[],[],[],[],[],[],[],[],[],[],[]],"campfire_choices":[{"data":"Crippling Poison","floor":6,"key":"SMITH"},{"data":"Glass Knife","floor":8,"key":"SMITH"},{"data":"Catalyst","floor":13,"key":"SMITH"},{"floor":15,"key":"REST"},{"data":"Adrenaline","floor":23,"key":"SMITH"},{"data":"Noxious Fumes","floor":28,"key":"SMITH"},{"data":"Corpse Explosion","floor":30,"key":"SMITH"},{"data":"Prepared","floor":32,"key":"SMITH"},{"data":"Footwork","floor":40,"key":"SMITH"},{"floor":47,"key":"RECALL"},{"floor":49,"key":"REST"},{"data":"Acrobatics","floor":53,"key":"SMITH"}],"lesson_learned_per_floor":[[],[],[],[],[],[],[],[],[],[],[],[],[],[],[],[],[],[],[],[],[],[],[],[],[],[],[],[],[],[],[],[],[],[],[],[],[],[],[],[],[],[],[],[],[],[],[],[],[],[],[],[],[],[],[],[],[]],"neow_cost":"NONE","improvable_cards":{},"seed_source_timestamp":14461077263359,"shop_contents":[{"floor":19,"relics":["War Paint","Ginger"],"cards":["Dagger Throw","Bane","Escape Plan","Caltrops","Good Instincts","Secret Weapon"],"potions":["SkillPotion","Poison Potion","LiquidMemories"]},{"floor":44,"relics":["Akabeko","Vajra"],"cards":["Eviscerate","Dagger Spray","Bouncing Flask","Footwork","Finesse","Magnetism"],"potions":["Block Potion","SkillPotion","Explosive Potion"]},{"floor":45,"relics":["Orichalcum","Omamori","HandDrill"],"cards":["Dagger Throw","Underhanded Strike","Prepared","Outmaneuver","Envenom","Swift Strike"],"potions":["ColorlessPotion","Poison Potion","Regen Potion"]},{"floor":54,"relics":["HornCleat"],"cards":["Predator","Quick Slash","Accuracy","Good Instincts","HandOfGreed"],"potions":["CultistPotion","Weak Potion","Strength Potion"]}],"circlet_count":0,"master_deck":["AscendersBane","Survivor+1","Neutralize","Crippling Poison+1","Leg Sweep","Backstab","Catalyst+1","Deflect","Corpse Explosion+1","Underhanded Strike+1","Reflex+1","Deflect","Acrobatics+1","Noxious Fumes+1","Heel Hook","Adrenaline+1","Prepared+1","Tools of the Trade","Outmaneuver","Footwork+1","PiercingWail+1","Tactician","Secret Technique","Calculated Gamble","Acrobatics+1","PiercingWail"],"potion_use_per_floor":[["Energy Potion"],[],[],[],[],[],[],[],[],[],[],[],[],[],[],[],[],[],[],[],[],[],[],[],[],[],[],[],[],[],[],[],[],[],[],[],[],[],[],[],[],[],[],[],[],[],[],[],[],[],[],[],[],[],[],["GhostInAJar","GhostInAJar"],[]],"relics":["Ring of the Snake","Ancient Tea Set","TheAbacus","Nloth\u0027s Gift","MawBank","Red Mask","Blood Vial","Sozu","InkBottle","TungstenRod","Gremlin Horn","Membership Card","Smiling Mask","Thread and Needle","DollysMirror","Happy Flower","White Beast Statue"],"potions_floor_usage":[1,56,56],"damage_taken":[{"damage":0,"enemies":"Small Slimes","floor":1,"turns":5},{"damage":6,"enemies":"Jaw Worm","floor":3,"turns":7},{"damage":0,"enemies":"Cultist","floor":5,"turns":3},{"damage":9,"enemies":"Blue Slaver","floor":7,"turns":3},{"damage":0,"enemies":"3 Louse","floor":10,"turns":2},{"damage":4,"enemies":"Lots of Slimes","floor":12,"turns":4},{"damage":0,"enemies":"The Guardian","floor":16,"turns":11},{"damage":1,"enemies":"3 Byrds","floor":18,"turns":6},{"damage":0,"enemies":"Spheric Guardian","floor":22,"turns":3},{"damage":12,"enemies":"Book of Stabbing","floor":24,"turns":4},{"damage":13,"enemies":"Cultist and Chosen","floor":25,"turns":4},{"damage":0,"enemies":"Masked Bandits","floor":27,"turns":2},{"damage":0,"enemies":"Snake Plant","floor":31,"turns":3},{"damage":0,"enemies":"Champ","floor":33,"turns":7},{"damage":0,"enemies":"3 Darklings","floor":35,"turns":1},{"damage":0,"enemies":"3 Shapes","floor":38,"turns":3},{"damage":0,"enemies":"Spire Growth","floor":39,"turns":5},{"damage":10,"enemies":"Giant Head","floor":41,"turns":7},{"damage":25,"enemies":"Nemesis","floor":46,"turns":5},{"damage":0,"enemies":"Mind Bloom Boss Battle","floor":48,"turns":5},{"damage":0,"enemies":"Awakened One","floor":50,"turns":11},{"damage":10,"enemies":"Time Eater","floor":51,"turns":9},{"damage":0,"enemies":"Shield and Spear","floor":55,"turns":4},{"damage":4,"enemies":"The Heart","floor":56,"turns":10}],"green_key_taken_log":46,"seed_played":"6489564046246310362","neow_bonus_log":{"cardsObtained":[],"cardsUpgraded":[],"cardsRemoved":[],"cardsTransformed":[],"relicsObtained":[],"maxHpGained":0,"goldGained":0,"damageTaken":0,"goldLost":0,"maxHpLost":0},"potions_obtained":[{"floor":0,"key":"GhostInAJar"},{"floor":0,"key":"Energy Potion"},{"floor":7,"key":"Explosive Potion"},{"floor":10,"key":"GhostInAJar"}],"is_trial":false,"path_per_floor":["M","?","M","?","M","R","M","R","T","M","?","M","R","?","R","B",null,"M","$","?","?","M","R","E","M","T","?","R","?","R","M","R","B",null,"M","?","?","M","M","R","E","T","T","$","$","E","R","?","R","B","B",null,"R","$","E","B",null],"character_chosen":"THE_SILENT","basemod:card_modifiers":[null,null,null,null,null,null,null,null,null,null,null,null,null,null,null,null,null,null,null,null,null,null,null,null,null,null],"items_purchased":["Acrobatics","TheAbacus","Membership Card","Tactician","Secret Technique","Calculated Gamble","DollysMirror","Happy Flower","PiercingWail"],"campfire_rested":2,"item_purchase_floors":[19,19,44,44,45,54,54,54,54],"current_hp_per_floor":[59,59,53,33,33,33,24,24,24,24,17,13,13,13,32,32,58,57,57,57,57,57,57,45,32,32,32,32,32,32,34,34,36,59,61,61,61,63,63,63,53,53,53,53,53,30,30,32,50,52,44,58,58,58,60,58],"gold":30,"neow_bonus":"THREE_SMALL_POTIONS","is_prod":false,"is_daily":false,"rewards_skipped":[{"floor":0,"relics":[],"potions":["SneckoOil"]},{"floor":16,"relics":[],"potions":["LiquidMemories"]},{"floor":24,"relics":[],"potions":["SpeedPotion"]},{"floor":27,"relics":[],"potions":["FearPotion"]},{"floor":31,"relics":[],"potions":["DistilledChaos"]},{"floor":39,"relics":[],"potions":["LiquidMemories"]},{"floor":41,"relics":[],"potions":["LiquidMemories"]},{"floor":46,"relics":[],"potions":["FearPotion"]}],"chose_seed":false,"campfire_upgraded":9,"win_rate":0,"floor_exit_playtime":[107,111,208,212,240,245,269,274,277,321,330,374,381,385,393,495,539,634,659,666,675,740,748,803,855,860,906,915,926,938,987,993,1140,1165,1199,1204,1207,1241,1329,1339,1512,1517,1519,1563,1588,1689,1693,1798,1814,2157,2339,2349,2365,2416,2599,2971],"timestamp":1707777961,"blue_key_relic_skipped_log":{"floor":26,"relicID":"CeramicFish"},"path_taken":["M","?","M","?","M","R","M","R","T","M","?","M","R","?","R","BOSS","M","$","?","?","M","R","E","M","T","?","R","?","R","M","R","BOSS","M","?","?","M","M","R","E","?","T","?","$","E","R","?","R","BOSS","BOSS","R","$","E","BOSS"],"build_version":"2022-12-18","purchased_purges":4,"victory":true,"max_hp_per_floor":[66,66,66,66,66,66,66,66,66,66,66,66,66,66,66,66,66,66,66,66,66,66,66,66,66,66,66,66,66,66,66,66,66,66,66,63,63,63,63,63,63,63,63,63,63,63,63,63,63,63,63,63,63,63,63,63],"relic_stats":{"Gremlin Horn":[3,3],"Happy Flower":[4],"counters":[24,124],"Ancient Tea Set":[16],"MawBank":240,"Smiling Mask":25,"White Beast Statue":[0.0,0.0,0.0,0.0,0.0,1.0,0.0,0.0,0.0,0.0,0.0,0.0],"Blood Vial":20,"Sozu":3,"TheAbacus":[378],"Nloth\u0027s Gift":4,"Membership Card":541,"obtain_stats":[{"Gremlin Horn":43,"Happy Flower":54,"Astrolabe":17,"Thread and Needle":48,"Ancient Tea Set":9,"MawBank":24,"Smiling Mask":46,"White Beast Statue":55,"Blood Vial":29,"Sozu":34,"TheAbacus":19,"DollysMirror":54,"Nloth\u0027s Gift":20,"Red Mask":27,"Membership Card":44,"InkBottle":41,"TungstenRod":42,"Ring of the Snake":0},{"Gremlin Horn":18,"Happy Flower":22,"Astrolabe":7,"Thread and Needle":20,"Ancient Tea Set":4,"MawBank":10,"Smiling Mask":19,"White Beast Statue":23,"Blood Vial":12,"Sozu":14,"TheAbacus":8,"DollysMirror":22,"Nloth\u0027s Gift":8,"Red Mask":12,"Membership Card":18,"InkBottle":18,"TungstenRod":18,"Ring of the Snake":0},{"Gremlin Horn":80,"Happy Flower":110,"Astrolabe":35,"Thread and Needle":90,"Ancient Tea Set":18,"MawBank":48,"Smiling Mask":85,"White Beast Statue":114,"Blood Vial":54,"Sozu":64,"TheAbacus":41,"DollysMirror":110,"Nloth\u0027s Gift":41,"Red Mask":54,"Membership Card":80,"InkBottle":80,"TungstenRod":80,"Ring of the Snake":0}],"InkBottle":[36],"TungstenRod":12,"Ring of the Snake":[48]},"card_choices":[{"not_picked":["Slice","Dodge and Roll"],"picked":"Crippling Poison","floor":1},{"not_picked":["Heel Hook","Skewer"],"picked":"Leg Sweep","floor":3},{"not_picked":["Flying Knee","Escape Plan"],"picked":"Backstab","floor":5},{"not_picked":["Eviscerate","Predator"],"picked":"Glass Knife","floor":7},{"not_picked":["Predator","Backflip"],"picked":"Catalyst","floor":10},{"not_picked":["Malaise","Adrenaline"],"picked":"Corpse Explosion","floor":16},{"not_picked":["Sucker Punch","Heel Hook"],"picked":"Deflect","floor":18},{"not_picked":["Distraction","Footwork"],"picked":"Adrenaline","floor":22},{"not_picked":["Sucker Punch","Unload","Quick Slash"],"picked":"SKIP","floor":24},{"not_picked":["Dash","Deadly Poison","Distraction"],"picked":"SKIP","floor":25},{"not_picked":["Sucker Punch","Dodge and Roll","Heel Hook"],"picked":"SKIP","floor":27},{"not_picked":["Flechettes","Predator"],"picked":"Prepared","floor":31},{"not_picked":["Corpse Explosion","Bullet Time"],"picked":"Tools of the Trade","floor":33},{"not_picked":["Poisoned Stab","Slice+1"],"picked":"Outmaneuver","floor":35},{"not_picked":["Sucker Punch","Crippling Poison+1"],"picked":"Footwork","floor":38},{"not_picked":["Storm of Steel","Underhanded Strike"],"picked":"PiercingWail+1","floor":39},{"not_picked":["Dagger Spray","Quick Slash","Deflect"],"picked":"SKIP","floor":46},{"not_picked":["Masterful Stab","Predator","Cloak And Dagger"],"picked":"SKIP","floor":48},{"not_picked":["Heel Hook+1","Storm of Steel","Sucker Punch"],"picked":"SKIP","floor":55}],"player_experience":6040129,"relics_obtained":[{"floor":9,"key":"Ancient Tea Set"},{"floor":24,"key":"MawBank"},{"floor":27,"key":"Red Mask"},{"floor":41,"key":"InkBottle"},{"floor":42,"key":"TungstenRod"},{"floor":43,"key":"Gremlin Horn"},{"floor":46,"key":"Smiling Mask"},{"floor":48,"key":"Thread and Needle"},{"floor":55,"key":"White Beast Statue"}],"event_choices":[{"cards_removed":["Defend_G"],"damage_healed":0,"gold_gain":0,"player_choice":"Purged","damage_taken":0,"max_hp_gain":0,"max_hp_loss":0,"event_name":"Purifier","floor":2,"gold_loss":0},{"damage_healed":0,"gold_gain":0,"player_choice":"Entered Light","damage_taken":20,"max_hp_gain":0,"max_hp_loss":0,"event_name":"Shining Light","floor":4,"gold_loss":0,"cards_upgraded":["Strike_G","Survivor"]},{"cards_removed":["Strike_G"],"damage_healed":0,"gold_gain":0,"player_choice":"Card Removal","damage_taken":7,"max_hp_gain":0,"max_hp_loss":0,"event_name":"Golden Wing","floor":11,"gold_loss":0},{"damage_healed":0,"gold_gain":0,"cards_transformed":["Strike_G"],"player_choice":"Transformed","damage_taken":0,"max_hp_gain":0,"max_hp_loss":0,"event_name":"Transmorgrifier","floor":14,"gold_loss":0,"cards_obtained":["Deflect"]},{"damage_healed":0,"gold_gain":0,"player_choice":"Traded Relic","damage_taken":0,"relics_obtained":["Nloth\u0027s Gift"],"max_hp_gain":0,"max_hp_loss":0,"event_name":"N\u0027loth","floor":20,"relics_lost":["Astrolabe"],"gold_loss":0},{"damage_healed":0,"gold_gain":0,"cards_transformed":["Defend_G","Defend_G"],"player_choice":"Became Test Subject","damage_taken":0,"max_hp_gain":0,"max_hp_loss":0,"event_name":"Drug Dealer","floor":21,"gold_loss":0,"cards_obtained":["Noxious Fumes","Heel Hook"]},{"damage_healed":0,"gold_gain":0,"player_choice":"Fought Bandits","damage_taken":0,"max_hp_gain":0,"max_hp_loss":0,"event_name":"Masked Bandits","floor":27,"gold_loss":0},{"damage_healed":0,"gold_gain":0,"player_choice":"Obtained Relic","damage_taken":0,"relics_obtained":["Blood Vial"],"max_hp_gain":0,"max_hp_loss":0,"event_name":"Addict","floor":29,"gold_loss":85},{"damage_healed":0,"gold_gain":0,"player_choice":"Max HP","damage_taken":0,"max_hp_gain":0,"max_hp_loss":3,"event_name":"Winding Halls","floor":36,"gold_loss":0},{"damage_healed":0,"gold_gain":222,"player_choice":"Wore Mask","damage_taken":0,"max_hp_gain":0,"max_hp_loss":0,"event_name":"Tomb of Lord Red Mask","floor":37,"gold_loss":0},{"damage_healed":0,"gold_gain":0,"player_choice":"Fight","damage_taken":0,"max_hp_gain":0,"max_hp_loss":0,"event_name":"MindBloom","floor":48,"gold_loss":0}],"is_beta":false,"boss_relics":[{"not_picked":["Black Star","Runic Dome"],"picked":"Astrolabe"},{"not_picked":["Velvet Choker","Philosopher\u0027s Stone"],"picked":"Sozu"}],"items_purged_floors":[19,44,45,54],"is_endless":false,"potions_floor_spawned":[7,10,16,24,27,31,39,41,46],"ascension_level":20,"potion_discard_per_floor":[[],[],[],[],[],[],[],[],[],["Explosive Potion"],[],[],[],[],[],[],[],[],[],[],[],[],[],[],[],[],[],[],[],[],[],[],[],[],[],[],[],[],[],[],[],[],[],[],[],[],[],[],[],[],[],[],[],[],[],[],[]]}