{"neow_bonuses_skipped_log":["THREE_ENEMY_KILL","ONE_RARE_RELIC","BOSS_RELIC"],"potions_obtained_entropic_brew":[[],[],[],[],[],[],[],[],[],[],[],[],[],[],[],[],[],[],[],[],[],[],[],[],[],[],[],[],[]],"neow_costs_skipped_log":["NONE","CURSE","NONE"],"gold_per_floor":[109,127,127,47,64,97,97,113,113,141,191,205,218,234,234,307,307,324,335,47,66,66,66,66,93,117,132,132,132],"floor_reached":29,"playtime":1244,"items_purged":["Strike_G"],"score":514,"play_id":"915904b4-c61f-4161-9ea4-bc9ac0e036a9","local_time":"20240203203226","score_breakdown":["Floors Climbed (29): 145","Enemies Slain (11): 22","Exordium Elites Killed (2): 20","City Elites Killed (1): 20","Bosses Slain (1): 50","Ascension (20): 257"],"is_ascension_mode":true,"potions_obtained_alchemize":[[],[],[],[],[],[],[],[],[],[],[],[],[],[],[],[],[],[],[],[],[],[],[],[],[],[],[],[],[]],"campfire_choices":[{"data":"Predator","floor":7,"key":"SMITH"},{"data":"Neutralize","floor":15,"key":"SMITH"},{"data":"Apotheosis","floor":23,"key":"SMITH"},{"data":"Night Terror","floor":28,"key":"SMITH"}],"lesson_learned_per_floor":[[],[],[],[],[],[],[],[],[],[],[],[],[],[],[],[],[],[],[],[],[],[],[],[],[],[],[],[],[]],"neow_cost":"NONE","improvable_cards":{},"seed_source_timestamp":9821682859117,"shop_contents":[{"floor":4,"relics":["Shuriken","Strawberry","Sling"],"cards":["Masterful Stab","Expertise","Outmaneuver","Accuracy+1","PanicButton","Apotheosis"],"potions":["Explosive Potion","Dexterity Potion","EssenceOfSteel"]},{"floor":20,"relics":["Letter Opener","Ornamental Fan","ClockworkSouvenir"],"cards":["Heel Hook","Poisoned Stab","Tactician","Setup","Caltrops+1","Enlightenment"],"potions":["Swift Potion","SkillPotion","Strength Potion"]}],"circlet_count":0,"master_deck":["AscendersBane","Strike_G","Strike_G","Strike_G","Strike_G","Defend_G","Defend_G","Defend_G","Defend_G","Defend_G","Survivor","Neutralize+1","Dark Shackles","Deflect","Underhanded Strike","Predator+1","Backflip","Poisoned Stab","A Thousand Cuts+1","Calculated Gamble","PiercingWail","After Image+1","Tactician+1","Leg Sweep+1","Apotheosis+1","PiercingWail+1","Night Terror+1","Masterful Stab+1","Blur"],"potion_use_per_floor":[[],[],[],[],[],["Regen Potion","SneckoOil"],[],[],[],["Swift Potion"],[],[],[],[],[],["DuplicationPotion"],[],[],[],[],[],[],[],[],["Energy Potion"],[],[],[],["Weak Potion"]],"relics":["Ring of the Snake","Frozen Egg 2","PreservedInsect","Matryoshka","Kunai","Coffee Dripper","Omamori","Orichalcum"],"potions_floor_usage":[6,6,10,16,25,29],"damage_taken":[{"damage":2,"enemies":"Cultist","floor":1,"turns":6},{"damage":0,"enemies":"Jaw Worm","floor":2,"turns":6},{"damage":0,"enemies":"Small Slimes","floor":5,"turns":3},{"damage":33,"enemies":"Lagavulin","floor":6,"turns":8},{"damage":1,"enemies":"Looter","floor":8,"turns":4},{"damage":7,"enemies":"Gremlin Nob","floor":10,"turns":3},{"damage":0,"enemies":"Blue Slaver","floor":12,"turns":5},{"damage":4,"enemies":"Red Slaver","floor":13,"turns":4},{"damage":4,"enemies":"Exordium Wildlife","floor":14,"turns":4},{"damage":9,"enemies":"Hexaghost","floor":16,"turns":11},{"damage":2,"enemies":"3 Byrds","floor":18,"turns":4},{"damage":10,"enemies":"2 Thieves","floor":19,"turns":4},{"damage":6,"enemies":"Shelled Parasite and Fungi","floor":21,"turns":8},{"damage":5,"enemies":"Book of Stabbing","floor":25,"turns":6},{"damage":17,"enemies":"Chosen and Byrds","floor":27,"turns":8},{"damage":15,"enemies":"Gremlin Leader","floor":29,"turns":5}],"seed_played":"-1703616137911201719","neow_bonus_log":{"cardsObtained":[],"cardsUpgraded":[],"cardsRemoved":[],"cardsTransformed":[],"relicsObtained":[],"maxHpGained":0,"goldGained":0,"damageTaken":0,"goldLost":0,"maxHpLost":0},"potions_obtained":[{"floor":2,"key":"Regen Potion"},{"floor":5,"key":"SneckoOil"},{"floor":6,"key":"DuplicationPotion"},{"floor":8,"key":"Swift Potion"},{"floor":12,"key":"Fire Potion"},{"floor":18,"key":"CultistPotion"},{"floor":19,"key":"Energy Potion"},{"floor":25,"key":"Weak Potion"}],"is_trial":false,"path_per_floor":["M","M","T","$","M","E","R","M","T","E","?","M","M","M","R","B",null,"M","M","$","M","?","R","?","E","T","M","R","E"],"character_chosen":"THE_SILENT","basemod:card_modifiers":[null,null,null,null,null,null,null,null,null,null,null,null,null,null,null,null,null,null,null,null,null,null,null,null,null,null,null,null,null],"items_purchased":["Predator","Apotheosis"],"campfire_rested":0,"item_purchase_floors":[4,20],"current_hp_per_floor":[57,57,57,57,57,39,39,38,38,31,31,31,27,23,23,14,53,51,41,41,35,35,35,35,30,30,13,13,0],"gold":132,"neow_bonus":"RANDOM_COLORLESS","is_prod":false,"is_daily":false,"rewards_skipped":[{"floor":14,"relics":[],"potions":["GamblersBrew"]}],"chose_seed":false,"campfire_upgraded":4,"win_rate":0,"floor_exit_playtime":[149,186,189,204,242,333,339,375,382,432,440,481,506,558,567,663,699,758,803,828,914,942,948,958,1038,1043,1134,1142],"timestamp":1707010346,"blue_key_relic_skipped_log":{"floor":26,"relicID":"Juzu Bracelet"},"path_taken":["M","M","?","$","M","E","R","M","T","E","?","M","?","M","R","BOSS","M","M","$","M","?","R","?","E","T","M","R","E"],"build_version":"2022-12-18","purchased_purges":1,"victory":false,"max_hp_per_floor":[66,66,66,66,66,66,66,66,66,66,66,66,66,66,66,66,66,66,66,66,66,66,66,66,66,66,66,66,66],"relic_stats":{"Matryoshka":1,"counters":[16,89],"PreservedInsect":112,"Omamori":0,"Kunai":[8],"Orichalcum":[0],"obtain_stats":[{"Matryoshka":9,"PreservedInsect":6,"Coffee Dripper":17,"Omamori":25,"Kunai":10,"Frozen Egg 2":3,"Orichalcum":26,"Ring of the Snake":0},{"Matryoshka":5,"PreservedInsect":4,"Coffee Dripper":10,"Omamori":14,"Kunai":6,"Frozen Egg 2":2,"Orichalcum":14,"Ring of the Snake":0},{"Matryoshka":27,"PreservedInsect":23,"Coffee Dripper":54,"Omamori":76,"Kunai":30,"Frozen Egg 2":12,"Orichalcum":76,"Ring of the Snake":0}],"Ring of the Snake":[32]},"card_choices":[{"not_picked":["Impatience","Deep Breath"],"picked":"Dark Shackles","floor":0},{"not_picked":["Caltrops","Distraction"],"picked":"Deflect","floor":1},{"not_picked":["PiercingWail","Reflex"],"picked":"Underhanded Strike","floor":2},{"not_picked":["Accuracy+1","Reflex","Skewer"],"picked":"SKIP","floor":5},{"not_picked":["Bane","Eviscerate"],"picked":"Backflip","floor":6},{"not_picked":["Outmaneuver","Bane"],"picked":"Poisoned Stab","floor":8},{"not_picked":["Acrobatics","Infinite Blades+1"],"picked":"A Thousand Cuts+1","floor":10},{"not_picked":["Flechettes","Riddle With Holes","Dagger Spray"],"picked":"SKIP","floor":12},{"not_picked":["Outmaneuver","Caltrops+1"],"picked":"Calculated Gamble","floor":13},{"not_picked":["Skewer","Deflect"],"picked":"PiercingWail","floor":14},{"not_picked":["Die Die Die","Corpse Explosion"],"picked":"After Image+1","floor":16},{"not_picked":["Bane","Deadly Poison+1"],"picked":"Tactician+1","floor":18},{"not_picked":["Backflip","Dagger Throw"],"picked":"Leg Sweep+1","floor":19},{"not_picked":["Setup","Underhanded Strike"],"picked":"PiercingWail+1","floor":21},{"not_picked":["Expertise","Flechettes","Deflect","Setup","Unload","Backflip","Dodge and Roll","Bane","Leg Sweep","Doppelganger","Skewer","Bouncing Flask","PiercingWail","Deadly Poison","Flying Knee","Prepared","All Out Attack","Quick Slash","Dagger Spray"],"picked":"Night Terror","floor":22},{"not_picked":["Quick Slash","Slice"],"picked":"Masterful Stab+1","floor":25},{"not_picked":["Sucker Punch+1","Caltrops+1"],"picked":"Blur","floor":27}],"player_experience":5833891,"relics_obtained":[{"floor":3,"key":"Frozen Egg 2"},{"floor":6,"key":"PreservedInsect"},{"floor":9,"key":"Matryoshka"},{"floor":10,"key":"Kunai"},{"floor":25,"key":"Omamori"},{"floor":26,"key":"Orichalcum"}],"event_choices":[{"damage_healed":0,"gold_gain":50,"player_choice":"Pray","damage_taken":0,"max_hp_gain":0,"max_hp_loss":0,"event_name":"Golden Shrine","floor":11,"gold_loss":0},{"damage_healed":0,"gold_gain":0,"player_choice":"Read","damage_taken":0,"max_hp_gain":0,"max_hp_loss":0,"event_name":"The Library","floor":22,"gold_loss":0,"cards_obtained":["Night Terror"]},{"damage_healed":0,"gold_gain":0,"player_choice":"Ignored","damage_taken":0,"max_hp_gain":0,"max_hp_loss":0,"event_name":"The Mausoleum","floor":24,"gold_loss":0}],"is_beta":false,"boss_relics":[{"not_picked":["Empty Cage","Velvet Choker"],"picked":"Coffee Dripper"}],"items_purged_floors":[20],"is_endless":false,"potions_floor_spawned":[2,5,6,8,12,14,18,19,25],"killed_by":"Gremlin Leader","ascension_level":20,"potion_discard_per_floor":[[],[],[],[],[],[],[],[],[],[],[],[],[],[],[],[],[],[],["CultistPotion"],[],[],[],[],[],[],[],[],[],[]]}