{"neow_bonuses_skipped_log":["REMOVE_CARD","TWENTY_PERCENT_HP_BONUS","BOSS_RELIC"],"neow_costs_skipped_log":["NONE","CURSE","NONE"],"potions_obtained_entropic_brew":[[],[],[],[],[],[],[],[],[],[],[],[],[],[],[],[],[],[],[],[],[],[],[],[],[],[],[],[],[],[],[],[],[],[],[],[],[],[],[],[],[],[],[],[],[],[],[],[],[],[],[],[],[],[],[],[],[]],"gold_per_floor":[117,128,128,146,146,179,179,196,251,290,311,349,349,375,375,460,460,471,471,488,508,63,104,104,129,129,179,204,33,68,97,97,178,178,201,226,47,47,57,99,127,157,157,199,224,240,280,205,205,205,205,205,205,38,79,79],"floor_reached":57,"playtime":4199,"items_purged":[],"score":3394,"play_id":"e88a30ff-7ed5-4776-97b0-865f1ae797d3","local_time":"20240208193953","score_breakdown":["Floors Climbed (57): 285","Enemies Slain (16): 32","Exordium Elites Killed (3): 30","City Elites Killed (4): 80","Beyond Elites Killed (4): 120","Bosses Slain (5): 750","Money Money (1071): 25","Librarian: 25","Champion (7): 175","Perfect (1): 50","Overkill: 25","Ascension (20): 1547","Heartbreaker: 250"],"is_ascension_mode":true,"potions_obtained_alchemize":[[],[],[],[],[],[],[],[],[],[],[],[],[],[],[],[],[],[],[],[],[],[],[],[],["DuplicationPotion"],[],[],["DuplicationPotion"],[],[],[],[],["EssenceOfSteel"],[],["Swift Potion"],["Fire Potion"],[],[],["Regen Potion"],["SpeedPotion"],["Ancient Potion"],["SteroidPotion"],[],["Dexterity Potion"],["Swift Potion"],[],[],[],[],[],[],[],[],[],["CultistPotion"],["Energy Potion"],[]],"campfire_choices":[{"data":"Footwork","floor":7,"key":"SMITH"},{"data":"Well Laid Plans","floor":13,"key":"SMITH"},{"data":"Footwork","floor":15,"key":"SMITH"},{"floor":24,"key":"RECALL"},{"floor":32,"key":"REST"},{"floor":49,"key":"REST"},{"floor":53,"key":"REST"}],"lesson_learned_per_floor":[[],[],[],[],[],[],[],[],[],[],[],[],[],[],[],[],[],[],[],[],[],[],[],[],[],[],[],[],[],[],[],[],[],[],[],[],[],[],[],[],[],[],[],[],[],[],[],[],[],[],[],[],[],[],[],[],[]],"neow_cost":"NONE","improvable_cards":{},"seed_source_timestamp":4218912863771,"shop_contents":[{"floor":22,"relics":["Du-Vu Doll","TwistedFunnel"],"cards":["Dagger Throw","Dash","Reflex","Deflect","Envenom","PanicButton"],"potions":["Fire Potion","Strength Potion","SpeedPotion"]},{"floor":29,"relics":["Toxic Egg 2","Sundial"],"cards":["Dagger Throw","Sucker Punch","Setup","Cloak And Dagger","Tools of the Trade","Dark Shackles","Apotheosis"],"potions":["Swift Potion","ColorlessPotion","Energy Potion"]},{"floor":37,"relics":["Oddly Smooth Stone","Nunchaku"],"cards":["Poisoned Stab+1","Dagger Spray+1","Reflex","Well Laid Plans","Dark Shackles","Magnetism"],"potions":["Explosive Potion","FearPotion","CunningPotion"]},{"floor":54,"relics":["Pantograph","Turnip"],"cards":["Eviscerate+1","Heel Hook+1","Outmaneuver","Cloak And Dagger","Envenom","Panacea","Master of Strategy"],"potions":["Fire Potion","Regen Potion","SneckoOil"]}],"circlet_count":0,"master_deck":["AscendersBane","Strike_G","Strike_G","Strike_G","Strike_G","Strike_G","Defend_G","Defend_G","Defend_G","Defend_G","Survivor","Neutralize","Backstab","PiercingWail","Backflip","Footwork+1","Well Laid Plans+1","Leg Sweep","Footwork+1","Calculated Gamble","Grand Finale","Dodge and Roll","Apotheosis","Venomology","Cloak And Dagger+1","Endless Agony+1","Corpse Explosion","Acrobatics+1","Well Laid Plans","Tactician+1","PiercingWail+1","PiercingWail","Dodge and Roll+1","Acrobatics","Blade Dance+1","Backflip+1","Burst","Deflect+1","Catalyst","Terror"],"potion_use_per_floor":[[],[],[],[],[],["CunningPotion"],[],[],[],[],[],["FearPotion"],[],[],[],[],[],[],[],[],[],[],[],[],["DuplicationPotion","DuplicationPotion"],[],[],["SpeedPotion"],[],[],[],[],["DuplicationPotion"],[],["EssenceOfSteel"],["Swift Potion"],[],[],["Fire Potion"],["Regen Potion"],["Fruit Juice"],["Ancient Potion"],[],["SpeedPotion"],["Dexterity Potion"],[],[],[],[],[],[],[],[],[],["Swift Potion"],["CultistPotion"],[]],"relics":["Ring of the Snake","StrikeDummy","CeramicFish","Pen Nib","Toy Ornithopter","Fusion Hammer","HornCleat","Dead Branch","Akabeko","Bronze Scales","ClockworkSouvenir","Molten Egg 2","Philosopher\u0027s Stone","Orrery","TungstenRod","Blood Vial","Gremlin Horn","Centennial Puzzle","Prayer Wheel","OrangePellets","Happy Flower"],"potions_floor_usage":[6,12,25,25,28,33,35,36,39,40,41,42,44,45,55,56],"damage_taken":[{"damage":2,"enemies":"Jaw Worm","floor":1,"turns":7},{"damage":1,"enemies":"Cultist","floor":2,"turns":4},{"damage":0,"enemies":"2 Louse","floor":4,"turns":2},{"damage":10,"enemies":"3 Sentries","floor":6,"turns":9},{"damage":0,"enemies":"Lots of Slimes","floor":8,"turns":5},{"damage":21,"enemies":"Lagavulin","floor":10,"turns":9},{"damage":4,"enemies":"2 Fungi Beasts","floor":11,"turns":3},{"damage":0,"enemies":"Gremlin Nob","floor":12,"turns":3},{"damage":4,"enemies":"Exordium Wildlife","floor":14,"turns":9},{"damage":0,"enemies":"The Guardian","floor":16,"turns":19},{"damage":0,"enemies":"3 Byrds","floor":18,"turns":11},{"damage":0,"enemies":"Spheric Guardian","floor":20,"turns":3},{"damage":4,"enemies":"Snecko","floor":21,"turns":12},{"damage":0,"enemies":"Book of Stabbing","floor":23,"turns":6},{"damage":18,"enemies":"Slavers","floor":25,"turns":9},{"damage":0,"enemies":"Book of Stabbing","floor":28,"turns":8},{"damage":0,"enemies":"Slavers","floor":30,"turns":7},{"damage":0,"enemies":"Centurion and Healer","floor":31,"turns":8},{"damage":29,"enemies":"Collector","floor":33,"turns":11},{"damage":0,"enemies":"3 Shapes","floor":35,"turns":4},{"damage":0,"enemies":"3 Darklings","floor":36,"turns":2},{"damage":10,"enemies":"Transient","floor":39,"turns":6},{"damage":34,"enemies":"Giant Head","floor":40,"turns":7},{"damage":8,"enemies":"Jaw Worm Horde","floor":41,"turns":4},{"damage":0,"enemies":"Reptomancer","floor":42,"turns":8},{"damage":0,"enemies":"Giant Head","floor":44,"turns":5},{"damage":0,"enemies":"Sphere and 2 Shapes","floor":45,"turns":5},{"damage":0,"enemies":"4 Shapes","floor":46,"turns":5},{"damage":0,"enemies":"Reptomancer","floor":47,"turns":5},{"damage":6,"enemies":"Donu and Deca","floor":50,"turns":8},{"damage":8,"enemies":"Time Eater","floor":51,"turns":9},{"damage":16,"enemies":"Shield and Spear","floor":55,"turns":5},{"damage":32,"enemies":"The Heart","floor":56,"turns":10}],"green_key_taken_log":42,"seed_played":"7780235350556842965","neow_bonus_log":{"cardsObtained":[],"cardsUpgraded":[],"cardsRemoved":[],"cardsTransformed":[],"relicsObtained":[],"maxHpGained":0,"goldGained":0,"damageTaken":0,"goldLost":0,"maxHpLost":0},"potions_obtained":[{"floor":0,"key":"CunningPotion"},{"floor":0,"key":"FairyPotion"},{"floor":11,"key":"FearPotion"},{"floor":16,"key":"Weak Potion"},{"floor":19,"key":"Explosive Potion"},{"floor":23,"key":"DuplicationPotion"},{"floor":25,"key":"SpeedPotion"},{"floor":40,"key":"Fruit Juice"},{"floor":42,"key":"SpeedPotion"}],"is_trial":false,"path_per_floor":["M","M","?","M","?","E","R","M","T","E","M","E","R","M","R","B",null,"M","?","M","M","$","E","R","E","T","?","E","$","E","M","R","B",null,"M","M","$","?","M","E","M","E","T","E","M","M","E","?","R","B","B",null,"R","$","E","B",null],"character_chosen":"THE_SILENT","basemod:card_modifiers":[null,null,null,null,null,null,null,null,null,null,null,null,null,null,null,null,null,null,null,null,null,null,null,null,null,null,null,null,null,null,null,null,null,null,null,null,null,null,null,null],"items_purchased":["Apotheosis","HornCleat","ClockworkSouvenir","Orrery","Acrobatics","OrangePellets"],"campfire_rested":3,"item_purchase_floors":[22,22,29,37,37,54],"current_hp_per_floor":[57,56,56,56,52,42,42,42,42,21,17,17,17,13,13,13,53,53,53,53,49,49,49,49,41,41,41,46,46,46,46,65,37,59,64,66,66,63,53,30,32,37,37,44,51,53,55,55,68,62,56,65,68,68,57,32],"gold":79,"neow_bonus":"THREE_SMALL_POTIONS","is_prod":false,"is_daily":false,"rewards_skipped":[{"floor":0,"relics":[],"potions":["Strength Potion"]},{"floor":1,"relics":[],"potions":["CultistPotion"]},{"floor":2,"relics":[],"potions":["Energy Potion"]},{"floor":19,"relics":[],"potions":["FearPotion"]},{"floor":28,"relics":[],"potions":["SteroidPotion"]},{"floor":30,"relics":[],"potions":["PowerPotion"]},{"floor":35,"relics":[],"potions":["ColorlessPotion"]},{"floor":44,"relics":[],"potions":["BlessingOfTheForge"]},{"floor":46,"relics":[],"potions":["Strength Potion"]}],"chose_seed":false,"campfire_upgraded":3,"win_rate":0,"floor_exit_playtime":[104,132,140,159,163,250,256,317,319,385,406,432,438,532,541,737,761,909,918,975,1118,1167,1256,1266,1427,1433,1441,1579,1587,1702,1823,1826,2016,2065,2130,2198,2256,2261,2390,2562,2669,2882,2885,3006,3128,3227,3338,3356,3359,3554,3768,3808,3811,3822,3997,4199],"timestamp":1707439193,"blue_key_relic_skipped_log":{"floor":26,"relicID":"Meat on the Bone"},"path_taken":["M","M","?","M","?","E","R","M","T","E","M","E","R","?","R","BOSS","M","?","?","M","$","E","R","E","T","?","E","$","E","M","R","BOSS","M","M","$","?","M","E","M","E","T","E","M","M","E","?","R","BOSS","BOSS","R","$","E","BOSS"],"build_version":"2022-12-18","purchased_purges":0,"victory":true,"max_hp_per_floor":[66,66,66,66,66,66,66,66,66,66,66,66,66,66,66,66,66,66,66,66,66,66,66,66,66,66,66,66,66,66,66,66,66,66,66,66,66,63,63,63,68,68,68,68,68,68,68,68,68,68,68,68,68,68,68,68],"relic_stats":{"Gremlin Horn":[10,10],"Happy Flower":[3],"counters":[33,228],"CeramicFish":216,"Dead Branch":[280],"Pen Nib":[42],"Blood Vial":12,"OrangePellets":[3],"Centennial Puzzle":[12],"Bronze Scales":[391],"Prayer Wheel":0,"obtain_stats":[{"Gremlin Horn":43,"Happy Flower":55,"CeramicFish":9,"Dead Branch":23,"Pen Nib":10,"Akabeko":25,"ClockworkSouvenir":29,"Blood Vial":42,"OrangePellets":54,"Centennial Puzzle":44,"HornCleat":22,"Bronze Scales":28,"Orrery":37,"Molten Egg 2":30,"Philosopher\u0027s Stone":34,"Prayer Wheel":47,"Fusion Hammer":17,"StrikeDummy":6,"Toy Ornithopter":12,"TungstenRod":40,"Ring of the Snake":0},{"Gremlin Horn":25,"Happy Flower":32,"CeramicFish":5,"Dead Branch":14,"Pen Nib":6,"Akabeko":15,"ClockworkSouvenir":16,"Blood Vial":25,"OrangePellets":31,"Centennial Puzzle":26,"HornCleat":13,"Bronze Scales":16,"Orrery":21,"Molten Egg 2":17,"Philosopher\u0027s Stone":19,"Prayer Wheel":29,"Fusion Hammer":10,"StrikeDummy":4,"Toy Ornithopter":8,"TungstenRod":23,"Ring of the Snake":0},{"Gremlin Horn":176,"Happy Flower":218,"CeramicFish":27,"Dead Branch":102,"Pen Nib":36,"Akabeko":111,"ClockworkSouvenir":119,"Blood Vial":176,"OrangePellets":213,"Centennial Puzzle":181,"HornCleat":96,"Bronze Scales":119,"Orrery":151,"Molten Egg 2":126,"Philosopher\u0027s Stone":145,"Prayer Wheel":196,"Fusion Hammer":70,"StrikeDummy":22,"Toy Ornithopter":42,"TungstenRod":164,"Ring of the Snake":0}],"Toy Ornithopter":58,"TungstenRod":28,"Ring of the Snake":[66]},"card_choices":[{"not_picked":["Well Laid Plans","Deadly Poison"],"picked":"Backstab","floor":1},{"not_picked":["Storm of Steel","Backflip"],"picked":"PiercingWail","floor":2},{"not_picked":["Sucker Punch","Prepared"],"picked":"Backflip","floor":4},{"not_picked":["Endless Agony","Acrobatics"],"picked":"Footwork","floor":6},{"not_picked":["Heel Hook","Cloak And Dagger","Dodge and Roll"],"picked":"SKIP","floor":8},{"not_picked":["PiercingWail","Unload"],"picked":"Well Laid Plans","floor":10},{"not_picked":["Flechettes","Tactician"],"picked":"Leg Sweep","floor":11},{"not_picked":["Finisher","Dagger Throw"],"picked":"Footwork","floor":12},{"not_picked":["Dagger Throw","Concentrate"],"picked":"Calculated Gamble","floor":14},{"not_picked":["Burst","Doppelganger"],"picked":"Grand Finale","floor":16},{"not_picked":["Accuracy","Flying Knee","Sucker Punch"],"picked":"SKIP","floor":18},{"not_picked":["Bane","Outmaneuver","Flying Knee"],"picked":"SKIP","floor":20},{"not_picked":["Slice","Setup"],"picked":"Dodge and Roll","floor":21},{"not_picked":["Dagger Throw+1","Endless Agony"],"picked":"Venomology","floor":23},{"not_picked":["Sucker Punch","Quick Slash","Flying Knee"],"picked":"SKIP","floor":25},{"not_picked":["Heel Hook","Dagger Spray","Sucker Punch"],"picked":"SKIP","floor":28},{"not_picked":["Prepared","Setup"],"picked":"Cloak And Dagger+1","floor":30},{"not_picked":["Prepared","Dash+1"],"picked":"Endless Agony+1","floor":31},{"not_picked":["Envenom","Doppelganger"],"picked":"Corpse Explosion","floor":33},{"not_picked":["Tactician","Dagger Spray+1"],"picked":"Acrobatics+1","floor":35},{"not_picked":["Riddle With Holes+1","Dagger Throw+1"],"picked":"Well Laid Plans","floor":36},{"not_picked":["Outmaneuver","Sucker Punch+1"],"picked":"Tactician+1","floor":37},{"not_picked":["Reflex","Venomology"],"picked":"PiercingWail+1","floor":37},{"not_picked":["Blade Dance","Deflect"],"picked":"PiercingWail","floor":37},{"not_picked":["Skewer+1","Slice+1"],"picked":"Dodge and Roll+1","floor":37},{"not_picked":["A Thousand Cuts","Masterful Stab+1","Underhanded Strike+1"],"picked":"SKIP","floor":37},{"not_picked":["All Out Attack+1","Slice+1","Poisoned Stab+1"],"picked":"SKIP","floor":39},{"not_picked":["All Out Attack+1","Cloak And Dagger"],"picked":"Blade Dance+1","floor":40},{"not_picked":["Blur","Tactician"],"picked":"Backflip+1","floor":41},{"not_picked":["Riddle With Holes+1","Corpse Explosion","Dagger Throw+1"],"picked":"SKIP","floor":42},{"not_picked":["Bane+1","Cloak And Dagger"],"picked":"Burst","floor":44},{"not_picked":["Dagger Throw+1","Outmaneuver"],"picked":"Deflect+1","floor":45},{"not_picked":["Deflect","Quick Slash+1"],"picked":"Catalyst","floor":47},{"not_picked":["Unload+1","Bane+1"],"picked":"Terror","floor":55}],"player_experience":5929887,"relics_obtained":[{"floor":6,"key":"StrikeDummy"},{"floor":9,"key":"CeramicFish"},{"floor":10,"key":"Pen Nib"},{"floor":12,"key":"Toy Ornithopter"},{"floor":23,"key":"Dead Branch"},{"floor":25,"key":"Akabeko"},{"floor":28,"key":"Bronze Scales"},{"floor":30,"key":"Molten Egg 2"},{"floor":40,"key":"TungstenRod"},{"floor":42,"key":"Blood Vial"},{"floor":43,"key":"Gremlin Horn"},{"floor":44,"key":"Centennial Puzzle"},{"floor":47,"key":"Prayer Wheel"},{"floor":55,"key":"Happy Flower"}],"event_choices":[{"damage_healed":0,"gold_gain":0,"cards_transformed":["Defend_G"],"player_choice":"Change","damage_taken":0,"max_hp_gain":0,"max_hp_loss":0,"event_name":"Living Wall","floor":3,"gold_loss":0,"cards_obtained":["Unload"]},{"damage_healed":0,"gold_gain":0,"player_choice":"Bought 0 Potions","damage_taken":0,"max_hp_gain":0,"max_hp_loss":0,"event_name":"The Woman in Blue","floor":5,"gold_loss":0},{"damage_healed":0,"gold_gain":0,"player_choice":"Got Potions","damage_taken":0,"max_hp_gain":0,"max_hp_loss":0,"event_name":"Lab","floor":19,"gold_loss":0},{"damage_healed":0,"gold_gain":50,"player_choice":"Stole From Cult","damage_taken":0,"max_hp_gain":0,"max_hp_loss":0,"event_name":"Nest","floor":27,"gold_loss":0},{"damage_healed":0,"gold_gain":0,"player_choice":"Max HP","damage_taken":0,"max_hp_gain":0,"max_hp_loss":3,"event_name":"Winding Halls","floor":38,"gold_loss":0},{"cards_removed":["Unload"],"damage_healed":0,"gold_gain":0,"player_choice":"Single Remove","damage_taken":0,"max_hp_gain":0,"max_hp_loss":0,"event_name":"Designer","floor":48,"gold_loss":75}],"is_beta":false,"boss_relics":[{"not_picked":["HoveringKite","Sozu"],"picked":"Fusion Hammer"},{"not_picked":["WristBlade","SacredBark"],"picked":"Philosopher\u0027s Stone"}],"items_purged_floors":[],"is_endless":false,"potions_floor_spawned":[1,2,11,16,23,25,28,30,35,40,42,44,46],"ascension_level":20,"potion_discard_per_floor":[[],[],[],[],[],[],[],[],[],[],[],[],[],[],[],[],[],[],["Weak Potion"],[],[],[],["Explosive Potion"],[],[],[],[],[],[],[],[],[],[],[],[],[],[],[],[],["SpeedPotion"],[],["SteroidPotion"],[],[],[],[],[],[],[],[],[],[],[],[],[],[],[]]}