{"neow_bonuses_skipped_log":["ONE_RANDOM_RARE_CARD","THREE_SMALL_POTIONS","BOSS_RELIC"],"potions_obtained_entropic_brew":[[],[],[],[],[],[],[],[],[],[],[],[]],"neow_costs_skipped_log":["NONE","NONE","NONE"],"gold_per_floor":[11,25,41,59,59,59,84,84,107,135,150,150],"floor_reached":12,"playtime":559,"items_purged":[],"score":180,"play_id":"2c54ebac-fb78-40da-9de4-8e355551cb7e","local_time":"20240209181102","score_breakdown":["Floors Climbed (12): 60","Enemies Slain (5): 10","Exordium Elites Killed (2): 20","Bosses Slain (0): 0","Ascension (20): 90"],"is_ascension_mode":true,"potions_obtained_alchemize":[[],[],[],[],[],[],[],[],[],[],[],[]],"campfire_choices":[{"data":"Phantasmal Killer","floor":6,"key":"SMITH"},{"floor":8,"key":"REST"}],"lesson_learned_per_floor":[[],[],[],[],[],[],[],[],[],[],[],[]],"neow_cost":"NO_GOLD","improvable_cards":{},"seed_source_timestamp":7416847919358,"shop_contents":[],"circlet_count":0,"master_deck":["AscendersBane","Strike_G","Strike_G","Strike_G","Strike_G","Strike_G","Defend_G","Defend_G","Defend_G","Defend_G","Defend_G","Survivor","Neutralize","Phantasmal Killer+1","Well Laid Plans","Dagger Spray","Backflip","Blade Dance","Eviscerate","Backstab"],"potion_use_per_floor":[[],[],[],["Block Potion"],[],[],["FearPotion"],[],[],["ColorlessPotion"],[],[]],"relics":["Ring of the Snake","Happy Flower","Regal Pillow","Bag of Marbles"],"potions_floor_usage":[4,7,10],"damage_taken":[{"damage":0,"enemies":"Cultist","floor":1,"turns":4},{"damage":2,"enemies":"Jaw Worm","floor":2,"turns":5},{"damage":0,"enemies":"Small Slimes","floor":3,"turns":7},{"damage":5,"enemies":"Exordium Wildlife","floor":4,"turns":8},{"damage":24,"enemies":"Lagavulin","floor":7,"turns":9},{"damage":41,"enemies":"Gremlin Nob","floor":10,"turns":4},{"damage":0,"enemies":"Gremlin Gang","floor":11,"turns":1},{"damage":14,"enemies":"Lagavulin","floor":12,"turns":7}],"seed_played":"310364415867739488","neow_bonus_log":{"cardsObtained":[],"cardsUpgraded":[],"cardsRemoved":[],"cardsTransformed":[],"relicsObtained":[],"maxHpGained":0,"goldGained":0,"damageTaken":0,"goldLost":99,"maxHpLost":0},"potions_obtained":[{"floor":2,"key":"FearPotion"},{"floor":3,"key":"Block Potion"},{"floor":7,"key":"ColorlessPotion"}],"is_trial":false,"path_per_floor":["M","M","M","M","?","R","E","R","T","E","M","E"],"character_chosen":"THE_SILENT","basemod:card_modifiers":[null,null,null,null,null,null,null,null,null,null,null,null,null,null,null,null,null,null,null,null],"items_purchased":[],"campfire_rested":1,"item_purchase_floors":[],"current_hp_per_floor":[59,57,57,52,52,52,28,47,47,6,6,0],"gold":150,"neow_bonus":"THREE_RARE_CARDS","is_prod":false,"is_daily":false,"rewards_skipped":[],"chose_seed":false,"campfire_upgraded":1,"win_rate":0,"floor_exit_playtime":[61,94,174,263,269,275,378,382,384,449,474],"timestamp":1707520262,"path_taken":["M","M","M","M","?","R","E","R","T","E","M","E"],"build_version":"2022-12-18","purchased_purges":0,"victory":false,"max_hp_per_floor":[66,66,66,66,66,66,66,66,66,66,66,66],"relic_stats":{"Regal Pillow":0,"Happy Flower":[4],"counters":[8,45],"obtain_stats":[{"Regal Pillow":9,"Happy Flower":7,"Bag of Marbles":10,"Ring of the Snake":0},{"Regal Pillow":5,"Happy Flower":5,"Bag of Marbles":6,"Ring of the Snake":0},{"Regal Pillow":33,"Happy Flower":33,"Bag of Marbles":37,"Ring of the Snake":0}],"Ring of the Snake":[16]},"card_choices":[{"not_picked":["A Thousand Cuts","Unload"],"picked":"Phantasmal Killer","floor":0},{"not_picked":["Deflect","Outmaneuver"],"picked":"Well Laid Plans","floor":2},{"not_picked":["Deflect","Prepared"],"picked":"Dagger Spray","floor":3},{"not_picked":["Poisoned Stab","Caltrops"],"picked":"Backflip","floor":4},{"not_picked":["Acrobatics","Deflect"],"picked":"Blade Dance","floor":7},{"not_picked":["Dodge and Roll","Prepared"],"picked":"Eviscerate","floor":10},{"not_picked":["Underhanded Strike","PiercingWail"],"picked":"Backstab","floor":11}],"player_experience":5941585,"relics_obtained":[{"floor":7,"key":"Happy Flower"},{"floor":9,"key":"Regal Pillow"},{"floor":10,"key":"Bag of Marbles"}],"event_choices":[{"damage_healed":0,"gold_gain":0,"player_choice":"Ignored","damage_taken":0,"max_hp_gain":0,"max_hp_loss":0,"event_name":"Liars Game","floor":5,"gold_loss":0}],"is_beta":false,"boss_relics":[],"items_purged_floors":[],"is_endless":false,"potions_floor_spawned":[2,3,7],"killed_by":"Lagavulin","ascension_level":20,"potion_discard_per_floor":[[],[],[],[],[],[],[],[],[],[],[],[]]}