{"neow_bonuses_skipped_log":["REMOVE_CARD","TEN_PERCENT_HP_BONUS","TWENTY_PERCENT_HP_BONUS"],"neow_costs_skipped_log":["NONE","NONE","PERCENT_DAMAGE"],"potions_obtained_entropic_brew":[[],[],[],[],[],[],[],[],[],[]],"gold_per_floor":[111,128,128,52,62,62,81,140,140,140],"floor_reached":10,"playtime":362,"items_purged":[],"score":116,"play_id":"cec3acc0-8fe7-4d7d-9f44-d73d2aae8e4a","local_time":"20240212140555","score_breakdown":["Floors Climbed (10): 50","Enemies Slain (4): 8","Exordium Elites Killed (0): 0","Bosses Slain (0): 0","Ascension (20): 58"],"is_ascension_mode":true,"potions_obtained_alchemize":[[],[],[],[],[],[],[],[],[],[]],"campfire_choices":[{"floor":6,"key":"REST"}],"lesson_learned_per_floor":[[],[],[],[],[],[],[],[],[],[]],"neow_cost":"NONE","improvable_cards":{},"seed_source_timestamp":3895143290365,"shop_contents":[{"floor":4,"relics":["Strawberry","Anchor","Lee\u0027s Waffle"],"cards":["Endless Agony","Riddle With Holes","Blade Dance","Deflect","Mind Blast","Master of Strategy"],"potions":["SpeedPotion","SkillPotion","CunningPotion"]}],"circlet_count":0,"master_deck":["AscendersBane","Strike_G","Strike_G","Strike_G","Strike_G","Strike_G+1","Defend_G","Defend_G","Defend_G","Defend_G","Defend_G","Survivor+1","Neutralize","Underhanded Strike","Footwork","Dagger Throw","Bouncing Flask"],"potion_use_per_floor":[[],[],[],[],[],[],[],[],[],[]],"relics":["SlaversCollar","Paper Crane"],"potions_floor_usage":[],"damage_taken":[{"damage":11,"enemies":"Jaw Worm","floor":1,"turns":7},{"damage":7,"enemies":"Small Slimes","floor":2,"turns":4},{"damage":5,"enemies":"2 Louse","floor":5,"turns":4},{"damage":17,"enemies":"Red Slaver","floor":7,"turns":6},{"damage":34,"enemies":"Gremlin Gang","floor":10,"turns":3}],"seed_played":"4910557803523244939","neow_bonus_log":{"cardsObtained":[],"cardsUpgraded":[],"cardsRemoved":[],"cardsTransformed":[],"relicsObtained":["SlaversCollar"],"maxHpGained":0,"goldGained":0,"damageTaken":0,"goldLost":0,"maxHpLost":0},"potions_obtained":[],"is_trial":false,"path_per_floor":["M","M","?","$","M","R","M","?","T","M"],"character_chosen":"THE_SILENT","basemod:card_modifiers":[null,null,null,null,null,null,null,null,null,null,null,null,null,null,null,null,null],"items_purchased":["Footwork"],"campfire_rested":1,"item_purchase_floors":[4],"current_hp_per_floor":[48,41,21,21,16,35,18,18,18,0],"gold":140,"neow_bonus":"BOSS_RELIC","is_prod":false,"is_daily":false,"rewards_skipped":[],"chose_seed":false,"campfire_upgraded":0,"win_rate":0,"floor_exit_playtime":[73,103,119,131,157,161,230,238,242],"timestamp":1707764755,"path_taken":["M","M","?","$","M","R","?","?","T","M"],"build_version":"2022-12-18","purchased_purges":0,"victory":false,"max_hp_per_floor":[66,66,66,66,66,66,66,66,66,66],"relic_stats":{"counters":[5,24],"obtain_stats":[{"SlaversCollar":0,"Paper Crane":9,"Ring of the Snake":0},{"SlaversCollar":0,"Paper Crane":4,"Ring of the Snake":0},{"SlaversCollar":0,"Paper Crane":21,"Ring of the Snake":0}]},"card_choices":[{"not_picked":["Quick Slash","Cloak And Dagger"],"picked":"Underhanded Strike","floor":1},{"not_picked":["Finisher","Deadly Poison","Heel Hook"],"picked":"SKIP","floor":2},{"not_picked":["Bane","Concentrate"],"picked":"Dagger Throw","floor":5},{"not_picked":["Dodge and Roll","Escape Plan"],"picked":"Bouncing Flask","floor":7}],"player_experience":6029786,"relics_obtained":[{"floor":9,"key":"Paper Crane"}],"event_choices":[{"damage_healed":0,"gold_gain":0,"player_choice":"Entered Light","damage_taken":20,"max_hp_gain":0,"max_hp_loss":0,"event_name":"Shining Light","floor":3,"gold_loss":0,"cards_upgraded":["Strike_G","Survivor"]},{"damage_healed":0,"gold_gain":59,"player_choice":"Gained Gold","damage_taken":0,"max_hp_gain":0,"max_hp_loss":0,"event_name":"Golden Wing","floor":8,"gold_loss":0}],"is_beta":false,"boss_relics":[],"items_purged_floors":[],"is_endless":false,"potions_floor_spawned":[],"killed_by":"Gremlin Gang","ascension_level":20,"potion_discard_per_floor":[[],[],[],[],[],[],[],[],[],[]]}