{"neow_bonuses_skipped_log":["UPGRADE_CARD","THREE_SMALL_POTIONS","REMOVE_TWO"],"potions_obtained_entropic_brew":[[],[],[],[],[],[],[],[],[],[],[],[],[],[],[],[],[],[],[],[],[],[],[],[],[],[],[],[],[],[],[],[],[],[],[],[],[],[],[],[],[],[],[],[],[],[],[],[],[],[],[],[],[],[],[],[],[]],"neow_costs_skipped_log":["NONE","NONE","NO_GOLD"],"gold_per_floor":[118,131,151,151,161,187,187,258,258,290,53,69,83,83,83,158,158,176,176,176,176,190,215,215,249,274,694,722,501,426,48,48,122,122,134,134,153,153,24,24,57,72,72,117,117,137,169,169,169,169,169,169,169,1,29,29],"floor_reached":57,"playtime":4578,"items_purged":["Glass Knife"],"score":3243,"play_id":"975569cc-3186-482c-aa6a-ba10bc000ea1","local_time":"20240218212308","score_breakdown":["Floors Climbed (57): 285","Enemies Slain (12): 24","Exordium Elites Killed (3): 30","City Elites Killed (3): 60","Beyond Elites Killed (2): 60","Bosses Slain (5): 750","I Like Shiny: 50","Money Money (1198): 25","Champion (5): 125","Perfect (2): 100","C-c-c-combo: 25","Ascension (20): 1459","Heartbreaker: 250"],"is_ascension_mode":true,"potions_obtained_alchemize":[["Weak Potion"],["SpeedPotion"],["Poison Potion"],[],["Poison Potion"],["AttackPotion","ColorlessPotion"],[],["Ancient Potion","Fire Potion"],[],["AttackPotion"],[],[],["Energy Potion"],[],[],["BlessingOfTheForge"],[],["PowerPotion"],[],[],[],[],["SneckoOil"],[],["ColorlessPotion"],[],["Fire Potion","GamblersBrew"],["Poison Potion"],[],[],[],[],["Block Potion"],[],["SkillPotion"],[],["SmokeBomb"],[],[],[],["Fire Potion","FearPotion","GhostInAJar","DuplicationPotion","Swift Potion"],[],[],[],[],[],[],[],[],[],[],[],[],[],[],["PowerPotion"],[]],"campfire_choices":[{"data":"Tools of the Trade","floor":7,"key":"SMITH"},{"data":"Terror","floor":15,"key":"SMITH"},{"data":"Night Terror","floor":24,"key":"SMITH"},{"data":"Reflex","floor":32,"key":"SMITH"},{"data":"Well Laid Plans","floor":40,"key":"SMITH"},{"floor":45,"key":"RECALL"},{"data":"Acrobatics","floor":49,"key":"SMITH"},{"data":"Acrobatics","floor":53,"key":"SMITH"}],"lesson_learned_per_floor":[[],[],[],[],[],[],[],[],[],[],[],[],[],[],[],[],[],[],[],[],[],[],[],[],[],[],[],[],[],[],[],[],[],[],[],[],[],[],[],[],[],[],[],[],[],[],[],[],[],[],[],[],[],[],[],[],[]],"neow_cost":"NONE","improvable_cards":{},"seed_source_timestamp":25016292701171,"shop_contents":[{"floor":11,"relics":["Sundial","Thread and Needle","ClockworkSouvenir"],"cards":["Slice","Flying Knee","Blade Dance","PiercingWail","Caltrops","Jack Of All Trades","Chrysalis"],"potions":["BlessingOfTheForge","CunningPotion","Dexterity Potion"]},{"floor":29,"relics":["Eternal Feather","StrikeDummy","TwistedFunnel"],"cards":["Dagger Spray","Riddle With Holes","Blade Dance+1","Dodge and Roll+1","Noxious Fumes","Impatience+1","Chrysalis+1"],"potions":["ColorlessPotion","Dexterity Potion","ColorlessPotion"]},{"floor":31,"relics":["War Paint","Art of War","Dream Catcher"],"cards":["Glass Knife","Poisoned Stab","Backflip+1","Escape Plan+1","Infinite Blades","Discovery+1","HandOfGreed"],"potions":["Strength Potion","PowerPotion","ColorlessPotion"]},{"floor":39,"relics":["Bird Faced Urn","Blood Vial","Membership Card"],"cards":["Slice","Dash","Prepared+1","Outmaneuver+1","Accuracy","Swift Strike","Sadistic Nature"],"potions":["FearPotion","GhostInAJar","Fire Potion"]},{"floor":54,"relics":["Oddly Smooth Stone","Orichalcum","Bag of Marbles"],"cards":["Dagger Spray","Sucker Punch","Dodge and Roll+1","Malaise+1","Infinite Blades","Dark Shackles+1","Thinking Ahead+1"],"potions":["Energy Potion","Strength Potion","LiquidMemories"]}],"circlet_count":0,"master_deck":["AscendersBane","Survivor","Neutralize+1","Glass Knife+1","Burst","Malaise","Tools of the Trade+1","Venomology","Doppelganger","PiercingWail","Backflip","Backflip","Night Terror+1","Acrobatics+1","Calculated Gamble+1","Terror+1","Adrenaline","Reflex+1","Underhanded Strike","Acrobatics+1","Calculated Gamble","Blur+1","Well Laid Plans+1","Prepared+1","Tactician+1","Footwork"],"potion_use_per_floor":[[],[],["SpeedPotion"],[],["Weak Potion"],["Poison Potion","Poison Potion"],[],["ColorlessPotion","AttackPotion"],[],["Strength Potion"],[],[],["AttackPotion"],[],[],["SteroidPotion","BlessingOfTheForge"],[],["Fire Potion"],[],[],[],[],["PowerPotion"],[],[],[],["ColorlessPotion","Fire Potion"],["GamblersBrew"],[],[],[],[],["Poison Potion"],[],["Block Potion"],[],["SkillPotion"],[],[],[],["Fire Potion","Fruit Juice","FearPotion"],[],[],[],[],[],[],[],[],[],[],[],[],[],[],["Swift Potion","DuplicationPotion","PowerPotion","GamblersBrew"],[]],"relics":["Pandora\u0027s Box","Juzu Bracelet","Matryoshka","Tiny Chest","The Courier","Whetstone","Centennial Puzzle","Philosopher\u0027s Stone","MealTicket","Ornamental Fan","Question Card","White Beast Statue","Akabeko","Old Coin","Toxic Egg 2","Happy Flower","Lantern","OrangePellets","Tingsha","SlaversCollar","Potion Belt","Calipers","InkBottle","CaptainsWheel","Toy Ornithopter","Medical Kit","Mercury Hourglass"],"potions_floor_usage":[3,5,6,6,8,8,10,13,16,16,18,23,27,27,28,33,35,37,41,41,41,56,56,56,56],"damage_taken":[{"damage":1,"enemies":"Jaw Worm","floor":1,"turns":3},{"damage":0,"enemies":"Small Slimes","floor":2,"turns":3},{"damage":0,"enemies":"2 Louse","floor":3,"turns":3},{"damage":18,"enemies":"Exordium Thugs","floor":5,"turns":4},{"damage":0,"enemies":"Lagavulin","floor":6,"turns":6},{"damage":0,"enemies":"3 Sentries","floor":8,"turns":8},{"damage":0,"enemies":"Lagavulin","floor":10,"turns":7},{"damage":1,"enemies":"Looter","floor":12,"turns":3},{"damage":0,"enemies":"2 Fungi Beasts","floor":13,"turns":2},{"damage":20,"enemies":"Slime Boss","floor":16,"turns":10},{"damage":6,"enemies":"2 Thieves","floor":18,"turns":2},{"damage":2,"enemies":"3 Byrds","floor":22,"turns":4},{"damage":11,"enemies":"Slavers","floor":23,"turns":4},{"damage":6,"enemies":"Book of Stabbing","floor":25,"turns":5},{"damage":0,"enemies":"Colosseum Slavers","floor":27,"turns":16},{"damage":3,"enemies":"Colosseum Nobs","floor":27,"turns":3},{"damage":12,"enemies":"Slavers","floor":28,"turns":7},{"damage":3,"enemies":"Champ","floor":33,"turns":5},{"damage":0,"enemies":"Orb Walker","floor":35,"turns":3},{"damage":0,"enemies":"3 Shapes","floor":37,"turns":3},{"damage":11,"enemies":"Reptomancer","floor":41,"turns":6},{"damage":0,"enemies":"Transient","floor":42,"turns":6},{"damage":0,"enemies":"2 Orb Walkers","floor":44,"turns":3},{"damage":0,"enemies":"3 Darklings","floor":46,"turns":3},{"damage":0,"enemies":"Giant Head","floor":47,"turns":3},{"damage":0,"enemies":"Awakened One","floor":50,"turns":6},{"damage":0,"enemies":"Donu and Deca","floor":51,"turns":3},{"damage":0,"enemies":"Shield and Spear","floor":55,"turns":3},{"damage":12,"enemies":"The Heart","floor":56,"turns":5}],"green_key_taken_log":8,"seed_played":"-5835947935993909103","neow_bonus_log":{"cardsObtained":[],"cardsUpgraded":[],"cardsRemoved":[],"cardsTransformed":[],"relicsObtained":["Pandora\u0027s Box"],"maxHpGained":0,"goldGained":0,"damageTaken":0,"goldLost":0,"maxHpLost":0},"potions_obtained":[{"floor":8,"key":"Strength Potion"},{"floor":13,"key":"SteroidPotion"},{"floor":16,"key":"GamblersBrew"},{"floor":37,"key":"Fruit Juice"},{"floor":46,"key":"DuplicationPotion"}],"is_trial":false,"path_per_floor":["M","M","M","?","M","E","R","E","T","E","$","M","M","?","R","B",null,"M","?","?","T","M","E","R","E","T","?","E","$","?","$","R","B",null,"M","?","M","T","$","R","E","M","T","?","R","M","E","?","R","B","B",null,"R","$","E","B",null],"character_chosen":"THE_SILENT","basemod:card_modifiers":[null,null,null,null,null,null,null,null,null,null,null,null,null,null,null,null,null,null,null,null,null,null,null,null,null,null],"items_purchased":["Acrobatics","Calculated Gamble","Centennial Puzzle","Well Laid Plans","Lantern","OrangePellets","Tingsha","Potion Belt","Medical Kit","Footwork"],"campfire_rested":0,"item_purchase_floors":[11,11,11,29,29,31,31,39,54,54],"current_hp_per_floor":[58,58,58,58,40,40,40,40,40,40,40,39,39,32,32,12,53,47,47,47,47,45,34,34,28,28,25,13,28,28,43,43,40,60,60,60,60,60,63,63,57,57,57,57,57,57,57,57,57,57,57,65,65,68,68,68],"gold":29,"neow_bonus":"BOSS_RELIC","is_prod":false,"is_daily":false,"rewards_skipped":[{"floor":3,"relics":[],"potions":["LiquidBronze"]},{"floor":6,"relics":[],"potions":["LiquidBronze"]},{"floor":18,"relics":[],"potions":["FearPotion"]},{"floor":27,"relics":[],"potions":["SkillPotion"]},{"floor":28,"relics":[],"potions":["BlessingOfTheForge"]},{"floor":33,"relics":[],"potions":["AttackPotion"]},{"floor":35,"relics":[],"potions":["Strength Potion"]},{"floor":41,"relics":[],"potions":["ColorlessPotion"]},{"floor":42,"relics":[],"potions":["EssenceOfSteel"]},{"floor":44,"relics":[],"potions":["Swift Potion"]},{"floor":47,"relics":[],"potions":["Explosive Potion"]},{"floor":55,"relics":[],"potions":["Block Potion"]}],"chose_seed":false,"campfire_upgraded":7,"win_rate":0,"floor_exit_playtime":[142,208,245,264,381,463,474,619,623,741,757,823,863,873,886,1073,1118,1157,1190,1197,1200,1317,1462,1477,1616,1622,1925,2072,2092,2115,2133,2143,2327,2349,2417,2425,2532,2565,2611,2623,2872,3071,3078,3213,3216,3351,3531,3552,3566,3870,4066,4076,4086,4110,4258,4578],"timestamp":1708309388,"blue_key_relic_skipped_log":{"floor":38,"relicID":"Turnip"},"path_taken":["M","M","M","?","M","E","R","E","T","E","$","M","M","?","R","BOSS","M","?","?","?","M","E","R","E","T","?","E","$","?","$","R","BOSS","M","?","M","?","$","R","E","M","T","?","R","M","E","?","R","BOSS","BOSS","R","$","E","BOSS"],"build_version":"2022-12-18","purchased_purges":1,"victory":true,"max_hp_per_floor":[66,66,66,66,66,66,66,66,66,66,66,66,66,66,66,66,66,66,66,66,66,66,66,66,66,66,66,66,66,66,66,66,66,66,66,63,63,63,63,63,68,68,68,68,68,68,68,68,68,68,68,68,68,68,68,68],"relic_stats":{"Calipers":[0],"Happy Flower":[16],"counters":[29,139],"Tingsha":[3609],"The Courier":285,"Juzu Bracelet":3,"Whetstone":["Neutralize","Flying Knee"],"Question Card":12,"Medical Kit":[6],"White Beast Statue":[0.0,0.0,0.0,0.4,0.0,0.6000000000000001,0.0,0.0,0.0,0.0,0.0,5.200057600000002],"Mercury Hourglass":[15],"OrangePellets":[4],"Centennial Puzzle":[33],"Matryoshka":2,"Ornamental Fan":[100],"Pandora\u0027s Box":["Glass Knife","Dagger Spray","Burst","Malaise","Tools of the Trade","Venomology","Doppelganger","Flying Knee","Dagger Spray","Cloak And Dagger"],"Tiny Chest":2,"MealTicket":36,"obtain_stats":[{"Lantern":29,"Calipers":41,"Juzu Bracelet":6,"Whetstone":10,"Old Coin":27,"Centennial Puzzle":11,"Matryoshka":8,"Tiny Chest":9,"Philosopher\u0027s Stone":17,"MealTicket":21,"Toxic Egg 2":27,"InkBottle":43,"Ring of the Snake":0,"Potion Belt":39,"Happy Flower":28,"Tingsha":31,"The Courier":9,"Question Card":23,"Medical Kit":54,"White Beast Statue":25,"Akabeko":26,"Mercury Hourglass":55,"OrangePellets":31,"SlaversCollar":34,"CaptainsWheel":44,"Ornamental Fan":21,"Pandora\u0027s Box":0,"Toy Ornithopter":47},{"Lantern":17,"Calipers":21,"Juzu Bracelet":5,"Whetstone":7,"Old Coin":16,"Centennial Puzzle":7,"Matryoshka":6,"Tiny Chest":6,"Philosopher\u0027s Stone":10,"MealTicket":11,"Toxic Egg 2":16,"InkBottle":22,"Ring of the Snake":0,"Potion Belt":20,"Happy Flower":17,"Tingsha":17,"The Courier":6,"Question Card":13,"Medical Kit":27,"White Beast Statue":14,"Akabeko":14,"Mercury Hourglass":28,"OrangePellets":17,"SlaversCollar":18,"CaptainsWheel":23,"Ornamental Fan":11,"Pandora\u0027s Box":0,"Toy Ornithopter":25},{"Lantern":90,"Calipers":107,"Juzu Bracelet":19,"Whetstone":34,"Old Coin":83,"Centennial Puzzle":34,"Matryoshka":27,"Tiny Chest":27,"Philosopher\u0027s Stone":49,"MealTicket":51,"Toxic Egg 2":83,"InkBottle":113,"Ring of the Snake":0,"Potion Belt":101,"Happy Flower":90,"Tingsha":90,"The Courier":27,"Question Card":59,"Medical Kit":131,"White Beast Statue":64,"Akabeko":64,"Mercury Hourglass":134,"OrangePellets":90,"SlaversCollar":95,"CaptainsWheel":116,"Ornamental Fan":51,"Pandora\u0027s Box":0,"Toy Ornithopter":122}],"InkBottle":[34],"Toy Ornithopter":12},"card_choices":[{"not_picked":["Quick Slash","Dagger Spray"],"picked":"PiercingWail","floor":1},{"not_picked":["Reflex","PiercingWail","Dagger Spray"],"picked":"SKIP","floor":2},{"not_picked":["Flying Knee","Deadly Poison"],"picked":"Backflip","floor":3},{"not_picked":["Flechettes","Quick Slash"],"picked":"Backflip","floor":6},{"not_picked":["Choke","Concentrate","Dagger Throw"],"picked":"SKIP","floor":8},{"not_picked":["Choke","Concentrate","Dagger Throw"],"picked":"SKIP","floor":8},{"not_picked":["Choke","Concentrate","Dagger Throw"],"picked":"SKIP","floor":8},{"not_picked":["Deadly Poison","Dagger Spray"],"picked":"Night Terror","floor":10},{"not_picked":["Acrobatics","Riddle With Holes"],"picked":"Terror","floor":12},{"not_picked":["Bane","All Out Attack","Poisoned Stab"],"picked":"SKIP","floor":13},{"not_picked":["Burst","Doppelganger"],"picked":"Adrenaline","floor":16},{"not_picked":["Dagger Throw","Underhanded Strike+1"],"picked":"Reflex","floor":18},{"not_picked":["Sucker Punch","Crippling Poison"],"picked":"Acrobatics","floor":22},{"not_picked":["Slice","Tools of the Trade","Dash"],"picked":"SKIP","floor":23},{"not_picked":["Dagger Throw","Poisoned Stab","Reflex"],"picked":"Calculated Gamble","floor":25},{"not_picked":["Acrobatics+1","Dagger Throw","Quick Slash"],"picked":"Blur+1","floor":27},{"not_picked":["Phantasmal Killer+1","Burst+1","A Thousand Cuts","Doppelganger+1"],"picked":"SKIP","floor":33},{"not_picked":["Flying Knee","Eviscerate+1","Dagger Spray"],"picked":"Prepared+1","floor":35},{"not_picked":["Flying Knee","Deadly Poison+1","Blade Dance+1","Quick Slash"],"picked":"SKIP","floor":37},{"not_picked":["Dodge and Roll+1","All Out Attack","Dagger Throw"],"picked":"Tactician+1","floor":41},{"not_picked":["Eviscerate","Predator","Choke","Underhanded Strike"],"picked":"SKIP","floor":42},{"not_picked":["Grand Finale","Flying Knee","Backflip+1","Cloak And Dagger+1"],"picked":"SKIP","floor":44},{"not_picked":["Flying Knee","Quick Slash","Dodge and Roll+1","Poisoned Stab+1"],"picked":"SKIP","floor":46},{"not_picked":["Flying Knee","Quick Slash","Dodge and Roll+1","Poisoned Stab+1"],"picked":"SKIP","floor":46},{"not_picked":["Deflect+1","Tools of the Trade","Quick Slash+1","Leg Sweep+1"],"picked":"SKIP","floor":47},{"not_picked":["Dodge and Roll+1","Prepared+1","Backstab+1","Flechettes"],"picked":"SKIP","floor":55}],"player_experience":6190111,"relics_obtained":[{"floor":6,"key":"Juzu Bracelet"},{"floor":8,"key":"Matryoshka"},{"floor":9,"key":"Tiny Chest"},{"floor":9,"key":"The Courier"},{"floor":10,"key":"Whetstone"},{"floor":21,"key":"MealTicket"},{"floor":21,"key":"Ornamental Fan"},{"floor":23,"key":"Question Card"},{"floor":25,"key":"White Beast Statue"},{"floor":26,"key":"Akabeko"},{"floor":27,"key":"Old Coin"},{"floor":27,"key":"Toxic Egg 2"},{"floor":28,"key":"Happy Flower"},{"floor":41,"key":"Calipers"},{"floor":43,"key":"InkBottle"},{"floor":44,"key":"CaptainsWheel"},{"floor":47,"key":"Toy Ornithopter"},{"floor":55,"key":"Mercury Hourglass"}],"event_choices":[{"damage_healed":0,"gold_gain":0,"player_choice":"Grow","damage_taken":0,"max_hp_gain":0,"max_hp_loss":0,"event_name":"Living Wall","floor":4,"gold_loss":0,"cards_upgraded":["Glass Knife"]},{"cards_removed":["Dagger Spray"],"damage_healed":0,"gold_gain":0,"player_choice":"Card Removal","damage_taken":7,"max_hp_gain":0,"max_hp_loss":0,"event_name":"Golden Wing","floor":14,"gold_loss":0},{"damage_healed":0,"gold_gain":0,"cards_transformed":["Dagger Spray","Cloak And Dagger"],"player_choice":"Became Test Subject","damage_taken":0,"max_hp_gain":0,"max_hp_loss":0,"event_name":"Drug Dealer","floor":19,"gold_loss":0,"cards_obtained":["Glass Knife","Underhanded Strike"]},{"damage_healed":0,"gold_gain":0,"player_choice":"Forge","damage_taken":0,"max_hp_gain":0,"max_hp_loss":0,"event_name":"Accursed Blacksmith","floor":20,"gold_loss":0,"cards_upgraded":["Calculated Gamble"]},{"damage_healed":0,"gold_gain":0,"player_choice":"Fight","damage_taken":0,"max_hp_gain":0,"max_hp_loss":0,"event_name":"Colosseum","floor":27,"gold_loss":0},{"damage_healed":0,"gold_gain":0,"player_choice":"Fought Nobs","damage_taken":0,"max_hp_gain":0,"max_hp_loss":0,"event_name":"Colosseum","floor":27,"gold_loss":0},{"cards_removed":["Flying Knee"],"damage_healed":0,"gold_gain":0,"player_choice":"Gave Gold","damage_taken":0,"max_hp_gain":0,"max_hp_loss":0,"event_name":"Beggar","floor":30,"gold_loss":75},{"damage_healed":0,"gold_gain":0,"player_choice":"Max HP","damage_taken":0,"max_hp_gain":0,"max_hp_loss":3,"event_name":"Winding Halls","floor":36,"gold_loss":0},{"damage_healed":0,"gold_gain":0,"player_choice":"Fight","damage_taken":0,"max_hp_gain":0,"max_hp_loss":0,"event_name":"Mysterious Sphere","floor":44,"gold_loss":0},{"damage_healed":0,"gold_gain":0,"player_choice":"0 cards matched","damage_taken":0,"max_hp_gain":0,"max_hp_loss":0,"event_name":"Match and Keep!","floor":48,"gold_loss":0,"cards_obtained":[]}],"is_beta":false,"boss_relics":[{"not_picked":["Velvet Choker","Black Star"],"picked":"Philosopher\u0027s Stone"},{"not_picked":["Sozu","Tiny House"],"picked":"SlaversCollar"}],"items_purged_floors":[29],"is_endless":false,"potions_floor_spawned":[3,6,8,13,16,18,27,27,28,33,35,37,41,42,44,46,47,55],"ascension_level":20,"potion_discard_per_floor":[[],[],[],[],[],[],[],["Ancient Potion"],[],[],[],[],["Energy Potion"],[],[],[],[],[],[],[],[],[],["SneckoOil"],[],[],[],[],[],[],[],[],[],[],[],[],[],["SmokeBomb"],[],[],[],[],[],[],[],[],["DuplicationPotion"],[],[],[],[],[],[],[],[],[],[],[]]}