{"neow_bonuses_skipped_log":["REMOVE_CARD","RANDOM_COMMON_RELIC","BOSS_RELIC"],"potions_obtained_entropic_brew":[[],[],[],[],[],[],[],[]],"neow_costs_skipped_log":["NONE","NONE","NONE"],"gold_per_floor":[117,117,117,131,144,144,219,219],"floor_reached":8,"playtime":228,"items_purged":[],"score":92,"play_id":"b3f44623-3c15-4d56-ba00-d0beb5f2c7b7","local_time":"20240223145539","score_breakdown":["Floors Climbed (8): 40","Enemies Slain (3): 6","Exordium Elites Killed (0): 0","Bosses Slain (0): 0","Ascension (20): 46"],"is_ascension_mode":true,"potions_obtained_alchemize":[[],[],[],[],[],[],[],[]],"campfire_choices":[{"floor":6,"key":"REST"}],"lesson_learned_per_floor":[[],[],[],[],[],[],[],[]],"neow_cost":"TEN_PERCENT_HP_LOSS","improvable_cards":{},"seed_source_timestamp":707651537980,"shop_contents":[],"circlet_count":0,"master_deck":["AscendersBane","Strike_G","Strike_G","Strike_G","Strike_G","Strike_G","Defend_G","Defend_G","Defend_G","Defend_G","Survivor","Neutralize","Master of Strategy","Well Laid Plans","Calculated Gamble","Quick Slash"],"potion_use_per_floor":[[],[],[],[],[],[],[],["EssenceOfSteel"]],"relics":["Ring of the Snake","Smiling Mask"],"potions_floor_usage":[8],"damage_taken":[{"damage":0,"enemies":"Jaw Worm","floor":1,"turns":5},{"damage":2,"enemies":"Cultist","floor":4,"turns":5},{"damage":0,"enemies":"Small Slimes","floor":5,"turns":4},{"damage":48,"enemies":"Gremlin Nob","floor":8,"turns":4}],"seed_played":"-1406799365586098249","neow_bonus_log":{"cardsObtained":[],"cardsUpgraded":[],"cardsRemoved":[],"cardsTransformed":[],"relicsObtained":[],"maxHpGained":0,"goldGained":0,"damageTaken":0,"goldLost":0,"maxHpLost":6},"potions_obtained":[{"floor":4,"key":"EssenceOfSteel"}],"is_trial":false,"path_per_floor":["M","?","?","M","M","R","?","E"],"character_chosen":"THE_SILENT","basemod:card_modifiers":[null,null,null,null,null,null,null,null,null,null,null,null,null,null,null,null],"items_purchased":[],"campfire_rested":1,"item_purchase_floors":[],"current_hp_per_floor":[59,52,26,24,24,42,31,0],"gold":219,"neow_bonus":"RANDOM_COLORLESS_2","is_prod":false,"is_daily":false,"rewards_skipped":[],"chose_seed":false,"campfire_upgraded":0,"win_rate":0,"floor_exit_playtime":[62,67,77,128,171,175,184],"timestamp":1708718139,"path_taken":["M","?","?","M","M","R","?","E"],"build_version":"2022-12-18","purchased_purges":0,"victory":false,"max_hp_per_floor":[60,60,60,60,60,60,60,60],"relic_stats":{"counters":[4,18],"Smiling Mask":0,"obtain_stats":[{"Smiling Mask":3,"Ring of the Snake":0},{"Smiling Mask":1,"Ring of the Snake":0},{"Smiling Mask":5,"Ring of the Snake":0}],"Ring of the Snake":[8]},"card_choices":[{"not_picked":["Metamorphosis","Sadistic Nature"],"picked":"Master of Strategy","floor":0},{"not_picked":["Escape Plan","Eviscerate"],"picked":"Well Laid Plans","floor":1},{"not_picked":["Outmaneuver","Escape Plan"],"picked":"Calculated Gamble","floor":4},{"not_picked":["Dodge and Roll","Prepared"],"picked":"Quick Slash","floor":5}],"player_experience":6268470,"relics_obtained":[],"event_choices":[{"cards_removed":["Defend_G"],"damage_healed":0,"gold_gain":0,"player_choice":"Card Removal","damage_taken":7,"max_hp_gain":0,"max_hp_loss":0,"event_name":"Golden Wing","floor":2,"gold_loss":0},{"damage_healed":0,"gold_gain":0,"player_choice":"Success","damage_taken":26,"relics_obtained":["Smiling Mask"],"max_hp_gain":0,"max_hp_loss":0,"event_name":"Scrap Ooze","floor":3,"gold_loss":0},{"damage_healed":0,"gold_gain":75,"player_choice":"Gather Gold","damage_taken":11,"max_hp_gain":0,"max_hp_loss":0,"event_name":"World of Goop","floor":7,"gold_loss":0}],"is_beta":false,"boss_relics":[],"items_purged_floors":[],"is_endless":false,"potions_floor_spawned":[4],"killed_by":"Gremlin Nob","ascension_level":20,"potion_discard_per_floor":[[],[],[],[],[],[],[],[]]}