{"neow_bonuses_skipped_log":["ONE_RANDOM_RARE_CARD","RANDOM_COMMON_RELIC","BOSS_RELIC"],"neow_costs_skipped_log":["NONE","NONE","NONE"],"potions_obtained_entropic_brew":[[],[],[],[],[],[],[],[],[],[],[],[],[],[],[],[],[],[],[],[],[],[],[],[],[],[],[],[],[],[],[],[],[],[],[],[],[],[],[],[],[],[],[],[],[],[],[],[],[],[],[],[],[],[],[],[]],"gold_per_floor":[360,4,61,61,61,113,113,158,209,244,298,369,369,423,423,522,522,540,556,117,170,182,182,228,228,228,228,228,273,198,224,224,295,295,306,37,88,124,136,163,163,196,196,210,210,264,292,303,303,303,323,323,323,22,47,47],"floor_reached":56,"playtime":5049,"items_purged":["Strike_G","Strike_G"],"score":2284,"play_id":"07dc2abe-32d1-4acd-8f60-9f323f6c950f","local_time":"20240224214904","falling_options_log":["Dodge and Roll+1","Well Laid Plans"],"score_breakdown":["Floors Climbed (56): 280","Enemies Slain (16): 32","Exordium Elites Killed (3): 30","City Elites Killed (3): 60","Beyond Elites Killed (3): 90","Bosses Slain (4): 500","Money Money (1488): 25","Librarian: 25","Champion (2): 50","Perfect (1): 50","Overkill: 25","Ascension (20): 1117"],"is_ascension_mode":true,"potions_obtained_alchemize":[[],[],[],[],[],[],[],[],[],[],[],[],[],[],[],[],[],[],[],[],[],[],[],[],[],[],[],[],[],[],[],[],[],[],[],[],[],[],[],[],[],[],[],[],[],[],[],[],[],[],[],[],[],[],[],[]],"campfire_choices":[{"data":"Envenom","floor":7,"key":"SMITH"},{"data":"Well Laid Plans","floor":13,"key":"SMITH"},{"data":"Blade Dance","floor":15,"key":"SMITH"},{"data":"Wraith Form v2","floor":23,"key":"SMITH"},{"data":"Blade Dance","floor":25,"key":"SMITH"},{"data":"Finisher","floor":27,"key":"SMITH"},{"data":"RitualDagger","floor":32,"key":"SMITH"},{"data":"Footwork","floor":41,"key":"SMITH"},{"floor":49,"key":"RECALL"},{"data":"Neutralize","floor":53,"key":"SMITH"}],"lesson_learned_per_floor":[[],[],[],[],[],[],[],[],[],[],[],[],[],[],[],[],[],[],[],[],[],[],[],[],[],[],[],[],[],[],[],[],[],[],[],[],[],[],[],[],[],[],[],[],[],[],[],[],[],[],[],[],[],[],[],[]],"neow_cost":"TEN_PERCENT_HP_LOSS","improvable_cards":{"RitualDagger+1":[91]},"seed_source_timestamp":23452184966336,"shop_contents":[{"floor":2,"relics":["Singing Bowl","Chemical X"],"cards":["Eviscerate","Bane","Bouncing Flask","Outmaneuver","Well Laid Plans","Swift Strike"],"potions":["FearPotion","LiquidMemories","DuplicationPotion"]},{"floor":20,"relics":["Girya","TheAbacus"],"cards":["Dash","Choke","Deflect","Well Laid Plans","Mind Blast","Sadistic Nature"],"potions":["Weak Potion","Strength Potion","Block Potion"]},{"floor":36,"relics":["Pear","CeramicFish"],"cards":["Sucker Punch","Slice","Deadly Poison+1","Impatience+1","Metamorphosis+1"],"potions":["BlessingOfTheForge","DistilledChaos","AttackPotion"]},{"floor":54,"relics":[],"cards":["Dagger Spray","Flying Knee","Reflex+1","Outmaneuver+1","Accuracy","Finesse+1","Magnetism"],"potions":["Block Potion","SteroidPotion","Explosive Potion"]}],"circlet_count":0,"master_deck":["AscendersBane","Strike_G+1","Defend_G+1","Defend_G","Defend_G","Defend_G","Defend_G","Survivor","Neutralize+1","Well Laid Plans+1","HandOfGreed","Flying Knee+1","Envenom+1","Blade Dance+1","Backflip","Finisher+1","Calculated Gamble","Wraith Form v2+1","PiercingWail+1","Dash+1","Terror","Noxious Fumes+1","Blade Dance+1","RitualDagger+1","Well Laid Plans","CurseOfTheBell","Crippling Poison+1","Footwork+1","Cloak And Dagger+1","Catalyst+1","Cloak And Dagger+1","Dodge and Roll+1","Phantasmal Killer+1","Acrobatics+1","Deflect+1","Calculated Gamble+1","Tactician+1"],"potion_use_per_floor":[[],[],[],[],[],[],[],[],[],[],[],[],[],[],[],[],[],[],[],[],[],[],[],["DistilledChaos"],[],[],[],[],["DistilledChaos"],[],[],[],[],[],[],[],[],[],[],[],[],[],[],[],[],[],["FearPotion"],[],[],["FearPotion"],[],[],[],[],["LiquidMemories"],[]],"relics":["Ring of the Snake","Centennial Puzzle","FossilizedHelix","Meat on the Bone","Whetstone","Cursed Key","InkBottle","Orichalcum","Akabeko","Pantograph","Calling Bell","Toxic Egg 2","Turnip","War Paint","Membership Card","Sundial","Strawberry","Smiling Mask","Toy Ornithopter","Lee\u0027s Waffle","Bottled Tornado","Boot"],"potions_floor_usage":[24,29,47,50,55],"damage_taken":[{"damage":1,"enemies":"2 Louse","floor":1,"turns":3},{"damage":0,"enemies":"Small Slimes","floor":3,"turns":6},{"damage":19,"enemies":"3 Sentries","floor":6,"turns":8},{"damage":6,"enemies":"Lagavulin","floor":8,"turns":9},{"damage":0,"enemies":"Cultist","floor":10,"turns":4},{"damage":7,"enemies":"3 Louse","floor":11,"turns":5},{"damage":20,"enemies":"3 Sentries","floor":12,"turns":10},{"damage":3,"enemies":"Exordium Thugs","floor":14,"turns":5},{"damage":14,"enemies":"The Guardian","floor":16,"turns":13},{"damage":7,"enemies":"Chosen","floor":18,"turns":5},{"damage":3,"enemies":"2 Thieves","floor":19,"turns":4},{"damage":0,"enemies":"Cultist and Chosen","floor":21,"turns":6},{"damage":5,"enemies":"Snake Plant","floor":22,"turns":4},{"damage":0,"enemies":"Gremlin Leader","floor":24,"turns":7},{"damage":6,"enemies":"Slavers","floor":29,"turns":7},{"damage":0,"enemies":"Gremlin Leader","floor":31,"turns":5},{"damage":0,"enemies":"Collector","floor":33,"turns":7},{"damage":0,"enemies":"3 Darklings","floor":35,"turns":6},{"damage":0,"enemies":"3 Shapes","floor":37,"turns":7},{"damage":0,"enemies":"Sphere and 2 Shapes","floor":38,"turns":8},{"damage":45,"enemies":"Spire Growth","floor":39,"turns":5},{"damage":12,"enemies":"Nemesis","floor":40,"turns":9},{"damage":9,"enemies":"Giant Head","floor":42,"turns":8},{"damage":14,"enemies":"Writhing Mass","floor":44,"turns":6},{"damage":12,"enemies":"Jaw Worm Horde","floor":46,"turns":6},{"damage":24,"enemies":"Reptomancer","floor":47,"turns":6},{"damage":0,"enemies":"Maw","floor":48,"turns":8},{"damage":15,"enemies":"Awakened One","floor":50,"turns":17},{"damage":28,"enemies":"Donu and Deca","floor":51,"turns":12},{"damage":17,"enemies":"Shield and Spear","floor":55,"turns":8},{"damage":109,"enemies":"The Heart","floor":56,"turns":8}],"green_key_taken_log":29,"seed_played":"9080400846694343593","neow_bonus_log":{"cardsObtained":[],"cardsUpgraded":[],"cardsRemoved":[],"cardsTransformed":[],"relicsObtained":[],"maxHpGained":0,"goldGained":250,"damageTaken":0,"goldLost":0,"maxHpLost":6},"potions_obtained":[{"floor":1,"key":"Poison Potion"},{"floor":8,"key":"LiquidBronze"},{"floor":12,"key":"DistilledChaos"},{"floor":21,"key":"DistilledChaos"},{"floor":29,"key":"Strength Potion"},{"floor":39,"key":"FearPotion"},{"floor":46,"key":"LiquidMemories"},{"floor":47,"key":"FearPotion"}],"is_trial":false,"path_per_floor":["M","$","M","?","?","E","R","E","T","M","M","E","R","M","R","B",null,"M","M","$","M","M","R","E","R","T","R","?","E","?","E","R","B",null,"M","$","M","M","M","E","R","E","T","M","?","M","E","M","R","B","B",null,"R","$","E","B"],"character_chosen":"THE_SILENT","basemod:card_modifiers":[null,null,null,null,null,null,null,null,null,null,null,null,null,null,null,null,null,null,null,null,null,null,null,null,null,null,null,null,null,null,null,null,null,null,null,null,null],"items_purchased":["HandOfGreed","Centennial Puzzle","Terror","InkBottle","Membership Card","Footwork","Cloak And Dagger+1","Toy Ornithopter","Lee\u0027s Waffle","Bottled Tornado"],"campfire_rested":0,"item_purchase_floors":[2,2,20,20,36,36,36,54,54,54],"current_hp_per_floor":[58,58,58,58,63,44,44,38,38,38,43,35,35,44,44,42,59,52,49,49,49,44,44,44,44,44,44,38,44,44,44,44,65,65,65,65,65,65,32,32,32,42,42,40,40,40,28,40,40,50,44,65,65,79,62,0],"gold":47,"neow_bonus":"TWO_FIFTY_GOLD","is_prod":false,"is_daily":false,"rewards_skipped":[{"floor":16,"relics":[],"potions":["Regen Potion"]},{"floor":18,"relics":[],"potions":["Energy Potion"]},{"floor":42,"relics":[],"potions":["Strength Potion"]},{"floor":44,"relics":[],"potions":["FearPotion"]}],"chose_seed":false,"campfire_upgraded":9,"win_rate":0,"floor_exit_playtime":[43,58,126,143,157,293,298,415,424,468,573,714,739,797,804,973,990,1056,1127,1162,1247,1315,1324,1467,1474,1477,1483,1499,1616,1630,1717,1733,1875,1955,2071,2114,2233,2425,2507,2629,2634,2804,2807,2950,2973,3088,3294,3425,3429,3907,4195,4205,4212,4300,4591],"timestamp":1708829344,"blue_key_relic_skipped_log":{"floor":9,"relicID":"Tiny Chest"},"path_taken":["M","$","M","?","?","E","R","E","T","M","?","E","R","M","R","BOSS","M","M","$","M","M","R","E","R","T","R","?","E","?","E","R","BOSS","M","$","M","M","M","E","R","E","T","?","?","M","E","M","R","BOSS","BOSS","R","$","E","BOSS"],"build_version":"2022-12-18","purchased_purges":2,"victory":false,"max_hp_per_floor":[60,60,60,60,65,65,65,65,65,65,65,65,65,65,65,65,65,65,65,65,65,65,65,65,65,65,65,65,65,65,65,65,65,65,65,65,65,65,65,65,65,72,72,72,72,72,72,72,72,72,72,72,72,79,79,79],"relic_stats":{"Lee\u0027s Waffle":14,"counters":[31,222],"Whetstone":["Strike_G","Flying Knee"],"Orichalcum":[228],"War Paint":["PiercingWail","Defend_G"],"Bottled Tornado":"Well Laid Plans","Cursed Key":0,"Smiling Mask":0,"Boot":[0],"Centennial Puzzle":[60],"Sundial":[12],"Pantograph":85,"Turnip":[12],"Membership Card":405,"obtain_stats":[{"Lee\u0027s Waffle":54,"Whetstone":12,"Orichalcum":24,"War Paint":34,"Bottled Tornado":54,"Cursed Key":17,"Smiling Mask":47,"Boot":55,"Akabeko":29,"Calling Bell":34,"Centennial Puzzle":2,"Sundial":40,"Pantograph":31,"Strawberry":42,"Turnip":34,"Membership Card":36,"Toxic Egg 2":34,"FossilizedHelix":6,"InkBottle":20,"Toy Ornithopter":54,"Ring of the Snake":0,"Meat on the Bone":8},{"Lee\u0027s Waffle":29,"Whetstone":7,"Orichalcum":14,"War Paint":17,"Bottled Tornado":29,"Cursed Key":9,"Smiling Mask":26,"Boot":30,"Akabeko":15,"Calling Bell":17,"Centennial Puzzle":1,"Sundial":22,"Pantograph":16,"Strawberry":23,"Turnip":17,"Membership Card":18,"Toxic Egg 2":17,"FossilizedHelix":3,"InkBottle":11,"Toy Ornithopter":29,"Ring of the Snake":0,"Meat on the Bone":4},{"Lee\u0027s Waffle":206,"Whetstone":45,"Orichalcum":89,"War Paint":108,"Bottled Tornado":206,"Cursed Key":63,"Smiling Mask":169,"Boot":214,"Akabeko":96,"Calling Bell":108,"Centennial Puzzle":3,"Sundial":143,"Pantograph":101,"Strawberry":151,"Turnip":108,"Membership Card":114,"Toxic Egg 2":108,"FossilizedHelix":17,"InkBottle":72,"Toy Ornithopter":206,"Ring of the Snake":0,"Meat on the Bone":26}],"FossilizedHelix":[270],"InkBottle":[82],"Toy Ornithopter":0,"Ring of the Snake":[62],"Meat on the Bone":144},"card_choices":[{"not_picked":["PiercingWail","Blur"],"picked":"Well Laid Plans","floor":1},{"not_picked":["Underhanded Strike","Backflip"],"picked":"Flying Knee","floor":3},{"not_picked":["Bane","Storm of Steel"],"picked":"Envenom","floor":6},{"not_picked":["Outmaneuver","PiercingWail"],"picked":"Blade Dance","floor":8},{"not_picked":["Riddle With Holes","Underhanded Strike"],"picked":"Backflip","floor":10},{"not_picked":["Backflip","Prepared"],"picked":"Finisher","floor":11},{"not_picked":["Bouncing Flask","Escape Plan"],"picked":"Calculated Gamble","floor":12},{"not_picked":["Poisoned Stab","Predator","Deflect"],"picked":"SKIP","floor":14},{"not_picked":["Corpse Explosion","Die Die Die"],"picked":"Wraith Form v2","floor":16},{"not_picked":["All Out Attack","Distraction"],"picked":"PiercingWail","floor":18},{"not_picked":["Well Laid Plans","Cloak And Dagger"],"picked":"Dash+1","floor":19},{"not_picked":["Heel Hook","Expertise","Blur"],"picked":"SKIP","floor":21},{"not_picked":["Underhanded Strike","Well Laid Plans"],"picked":"Noxious Fumes+1","floor":22},{"not_picked":["Deadly Poison","Underhanded Strike"],"picked":"Blade Dance","floor":24},{"not_picked":["A Thousand Cuts","Outmaneuver","Dodge and Roll"],"picked":"SKIP","floor":29},{"not_picked":["A Thousand Cuts","Outmaneuver","Dodge and Roll"],"picked":"SKIP","floor":29},{"not_picked":["Poisoned Stab","Escape Plan"],"picked":"Well Laid Plans","floor":31},{"not_picked":["Envenom","Glass Knife","Grand Finale"],"picked":"SKIP","floor":33},{"not_picked":["Flying Knee+1","Quick Slash"],"picked":"Crippling Poison+1","floor":35},{"not_picked":["Finisher","Flying Knee"],"picked":"Catalyst+1","floor":37},{"not_picked":["Slice","Bane","Riddle With Holes+1"],"picked":"SKIP","floor":38},{"not_picked":["Prepared+1","Finisher"],"picked":"Cloak And Dagger+1","floor":39},{"not_picked":["Bane","Caltrops"],"picked":"Dodge and Roll+1","floor":40},{"not_picked":["Dagger Spray","Blade Dance+1"],"picked":"Phantasmal Killer+1","floor":42},{"not_picked":["Dodge and Roll+1","Expertise+1"],"picked":"Acrobatics+1","floor":44},{"not_picked":["Underhanded Strike+1","Eviscerate"],"picked":"Deflect+1","floor":46},{"not_picked":["Deadly Poison+1","Predator","Caltrops"],"picked":"SKIP","floor":47},{"not_picked":["Slice+1","Eviscerate"],"picked":"Calculated Gamble+1","floor":48},{"not_picked":["Dagger Throw","Bane"],"picked":"Tactician+1","floor":55}],"player_experience":6297465,"relics_obtained":[{"floor":6,"key":"FossilizedHelix"},{"floor":8,"key":"Meat on the Bone"},{"floor":12,"key":"Whetstone"},{"floor":24,"key":"Orichalcum"},{"floor":29,"key":"Akabeko"},{"floor":31,"key":"Pantograph"},{"floor":34,"key":"Toxic Egg 2"},{"floor":34,"key":"Turnip"},{"floor":34,"key":"War Paint"},{"floor":40,"key":"Sundial"},{"floor":42,"key":"Strawberry"},{"floor":47,"key":"Smiling Mask"},{"floor":55,"key":"Boot"}],"event_choices":[{"damage_healed":0,"gold_gain":0,"player_choice":"Ignored","damage_taken":0,"max_hp_gain":0,"max_hp_loss":0,"event_name":"Shining Light","floor":4,"gold_loss":0},{"damage_healed":0,"gold_gain":0,"player_choice":"Donut","damage_taken":0,"max_hp_gain":5,"max_hp_loss":0,"event_name":"Big Fish","floor":5,"gold_loss":0},{"damage_healed":0,"gold_gain":0,"player_choice":"Joined the Cult","damage_taken":6,"max_hp_gain":0,"max_hp_loss":0,"event_name":"Nest","floor":28,"gold_loss":0,"cards_obtained":["RitualDagger"]},{"cards_removed":["Strike_G"],"damage_healed":0,"gold_gain":0,"player_choice":"Gave Gold","damage_taken":0,"max_hp_gain":0,"max_hp_loss":0,"event_name":"Beggar","floor":30,"gold_loss":75},{"cards_removed":["Strike_G"],"damage_healed":0,"gold_gain":0,"player_choice":"Removed Attack","damage_taken":0,"max_hp_gain":0,"max_hp_loss":0,"event_name":"Falling","floor":45,"gold_loss":0}],"is_beta":false,"boss_relics":[{"not_picked":["Busted Crown","Fusion Hammer"],"picked":"Cursed Key"},{"not_picked":["Astrolabe","Snecko Eye"],"picked":"Calling Bell"}],"items_purged_floors":[20,36],"is_endless":false,"potions_floor_spawned":[1,8,12,16,18,21,29,39,42,44,46,47],"killed_by":"The Heart","ascension_level":20,"potion_discard_per_floor":[[],[],[],[],[],[],[],[],[],[],[],["LiquidBronze"],[],[],[],[],[],[],[],[],["Poison Potion"],[],[],[],[],[],[],[],[],[],[],[],[],[],[],[],[],[],[],[],[],[],[],[],[],["Strength Potion"],[],[],[],[],[],[],[],[],[],[]]}