{"neow_bonuses_skipped_log":["ONE_RANDOM_RARE_CARD","HUNDRED_GOLD","BOSS_RELIC"],"neow_costs_skipped_log":["NONE","NONE","NONE"],"potions_obtained_entropic_brew":[[],[],[],[],[],[],[],[],[],[],[],[],[],[],[],[],[],[],[],[],[],[],[],[],[],[],[],[],[],[],[],[],[],[],[],[],[],[],[],[],[],[],[],[],[],[],[],[],[],[],[],[],[],[],[],[],[]],"gold_per_floor":[116,132,132,152,166,166,183,208,208,208,221,255,6,20,20,93,93,111,111,129,4,4,39,39,72,72,82,115,115,127,25,25,99,99,111,128,1127,533,553,553,583,598,623,323,339,365,365,176,176,176,176,176,176,40,68,68],"floor_reached":57,"playtime":3466,"items_purged":["Normality","Normality","Decay"],"score":3489,"play_id":"3cf0fbab-eb1a-4b18-a11e-96bf4c53ce99","local_time":"20240219183938","score_breakdown":["Floors Climbed (57): 285","Enemies Slain (16): 32","Exordium Elites Killed (2): 20","City Elites Killed (3): 60","Beyond Elites Killed (2): 60","Bosses Slain (5): 750","Speedster: 25","I Like Shiny: 50","Money Money (1664): 25","Collector (2): 50","Librarian: 25","Champion (3): 75","Beyond Perfect: 200","Overkill: 25","C-c-c-combo: 25","Ascension (20): 1532","Heartbreaker: 250"],"is_ascension_mode":true,"potions_obtained_alchemize":[[],[],[],[],[],[],[],[],[],[],[],[],[],[],[],[],[],[],[],[],[],[],[],[],[],[],[],[],[],[],[],[],[],[],[],[],[],[],[],[],[],[],[],[],[],[],[],[],[],[],[],[],[],[],[],[],[]],"campfire_choices":[{"data":"Prepared","floor":6,"key":"SMITH"},{"floor":10,"key":"REST"},{"data":"Well Laid Plans","floor":15,"key":"SMITH"},{"floor":24,"key":"REST"},{"data":"After Image","floor":32,"key":"SMITH"},{"floor":40,"key":"RECALL"},{"floor":47,"key":"REST"},{"floor":49,"key":"REST"},{"floor":53,"key":"REST"}],"lesson_learned_per_floor":[[],[],[],[],[],[],[],[],[],[],[],[],[],[],[],[],[],[],[],[],[],[],[],[],[],[],[],[],[],[],[],[],[],[],[],[],[],[],[],[],[],[],[],[],[],[],[],[],[],[],[],[],[],[],[],[],[]],"neow_cost":"TEN_PERCENT_HP_LOSS","improvable_cards":{"RitualDagger+1":[84]},"seed_source_timestamp":16392586189909,"shop_contents":[{"floor":13,"relics":["Ninja Scroll"],"cards":["Dagger Spray","Grand Finale","Deflect","Reflex","Well Laid Plans","Trip","Sadistic Nature"],"potions":["Explosive Potion","FearPotion","BlessingOfTheForge"]},{"floor":21,"relics":["HornCleat","Darkstone Periapt"],"cards":["Dagger Throw","Masterful Stab","Doppelganger","Well Laid Plans","Trip","Thinking Ahead"],"potions":["Weak Potion","Poison Potion"]},{"floor":31,"relics":["Tough Bandages","Frozen Egg 2","Pen Nib"],"cards":["Slice","Endless Agony","Deflect","Tactician","Well Laid Plans","Bandage Up","Secret Technique"],"potions":["EssenceOfSteel","PowerPotion","Poison Potion"]},{"floor":38,"relics":["Omamori","Ginger","Letter Opener"],"cards":["Sucker Punch","Unload","Reflex","Dodge and Roll","A Thousand Cuts","Good Instincts","Sadistic Nature"],"potions":["Explosive Potion","CunningPotion","Strength Potion"]},{"floor":44,"relics":["Shovel","Question Card","Bronze Scales"],"cards":["Sucker Punch","Slice","Outmaneuver","Deadly Poison","Caltrops","Blind","Secret Weapon"],"potions":["Poison Potion","Strength Potion","Weak Potion"]},{"floor":48,"relics":["Blue Candle","Boot","PrismaticShard"],"cards":["Sucker Punch","Eviscerate","Blur","Escape Plan","Accuracy","Dramatic Entrance","The Bomb"],"potions":["Weak Potion","Poison Potion","AttackPotion"]},{"floor":54,"relics":["Oddly Smooth Stone","Lantern","Art of War"],"cards":["Dash","Slice","Leg Sweep","Phantasmal Killer","Infinite Blades","Good Instincts","Secret Weapon"],"potions":["ColorlessPotion","FearPotion","Regen Potion"]}],"circlet_count":0,"master_deck":["AscendersBane","Strike_G+1","Strike_G","Strike_G","Strike_G","Strike_G","Defend_G+1","Defend_G","Defend_G","Defend_G","Defend_G+1","Survivor","Neutralize","Flying Knee","Prepared+1","Dagger Throw","Leg Sweep","Blade Dance","Corpse Explosion","Acrobatics","Well Laid Plans+1","Cloak And Dagger","Storm of Steel","Deflect","Leg Sweep","RitualDagger+1","Tactician+1","Concentrate","PiercingWail","Phantasmal Killer","Accuracy+1","Blade Dance+1","After Image","After Image+1","After Image","PiercingWail","Blade Dance","Backflip","Acrobatics+1","Storm of Steel","Apotheosis","PanicButton","Blade Dance","After Image","Backflip"],"potion_use_per_floor":[[],[],[],[],[],[],[],["ColorlessPotion"],[],[],[],["EssenceOfSteel"],[],[],[],[],[],[],[],[],[],[],["BlessingOfTheForge"],[],["Explosive Potion"],[],[],[],[],[],[],[],[],[],[],[],[],[],[],[],[],["CunningPotion"],[],[],[],[],[],[],[],[],[],[],[],[],[],["Energy Potion","LiquidMemories","LiquidMemories"],[]],"relics":["Ring of the Snake","Bird Faced Urn","War Paint","Shuriken","Dead Branch","Membership Card","Potion Belt","Black Star","Sling","The Courier","Prayer Wheel","Ancient Tea Set","Anchor","Calipers","TungstenRod","Whetstone","DollysMirror","Fusion Hammer","ClockworkSouvenir","Ice Cream","Ornamental Fan","PreservedInsect","Gremlin Horn","Torii","Bag of Marbles","Chemical X","Strawberry","StrikeDummy","Snake Skull","Centennial Puzzle","Nunchaku","Medical Kit","Happy Flower","White Beast Statue","Akabeko"],"potions_floor_usage":[8,12,23,25,42,56,56,56],"damage_taken":[{"damage":3,"enemies":"Small Slimes","floor":1,"turns":7},{"damage":6,"enemies":"Cultist","floor":2,"turns":5},{"damage":7,"enemies":"Jaw Worm","floor":4,"turns":5},{"damage":7,"enemies":"3 Louse","floor":5,"turns":4},{"damage":3,"enemies":"Red Slaver","floor":7,"turns":5},{"damage":16,"enemies":"Gremlin Nob","floor":8,"turns":4},{"damage":0,"enemies":"Exordium Wildlife","floor":11,"turns":3},{"damage":2,"enemies":"3 Sentries","floor":12,"turns":4},{"damage":0,"enemies":"2 Fungi Beasts","floor":14,"turns":5},{"damage":37,"enemies":"Slime Boss","floor":16,"turns":6},{"damage":4,"enemies":"Chosen","floor":18,"turns":5},{"damage":0,"enemies":"Spheric Guardian","floor":20,"turns":3},{"damage":26,"enemies":"Slavers","floor":23,"turns":6},{"damage":1,"enemies":"Gremlin Leader","floor":25,"turns":4},{"damage":26,"enemies":"Chosen and Byrds","floor":27,"turns":11},{"damage":34,"enemies":"Book of Stabbing","floor":28,"turns":7},{"damage":5,"enemies":"Shelled Parasite and Fungi","floor":30,"turns":6},{"damage":0,"enemies":"Champ","floor":33,"turns":12},{"damage":2,"enemies":"3 Shapes","floor":35,"turns":7},{"damage":0,"enemies":"3 Darklings","floor":36,"turns":4},{"damage":0,"enemies":"Spire Growth","floor":39,"turns":5},{"damage":0,"enemies":"Reptomancer","floor":41,"turns":3},{"damage":0,"enemies":"Writhing Mass","floor":42,"turns":9},{"damage":0,"enemies":"Jaw Worm Horde","floor":45,"turns":5},{"damage":0,"enemies":"Nemesis","floor":46,"turns":5},{"damage":0,"enemies":"Donu and Deca","floor":50,"turns":13},{"damage":0,"enemies":"Awakened One","floor":51,"turns":5},{"damage":0,"enemies":"Shield and Spear","floor":55,"turns":3},{"damage":0,"enemies":"The Heart","floor":56,"turns":5}],"green_key_taken_log":41,"seed_played":"6402806594134232531","neow_bonus_log":{"cardsObtained":[],"cardsUpgraded":[],"cardsRemoved":[],"cardsTransformed":[],"relicsObtained":["Bird Faced Urn"],"maxHpGained":0,"goldGained":0,"damageTaken":0,"goldLost":0,"maxHpLost":6},"potions_obtained":[{"floor":4,"key":"ColorlessPotion"},{"floor":5,"key":"EssenceOfSteel"},{"floor":12,"key":"BlessingOfTheForge"},{"floor":20,"key":"SkillPotion"},{"floor":28,"key":"LiquidMemories"},{"floor":30,"key":"EssenceOfSteel"},{"floor":36,"key":"CunningPotion"},{"floor":42,"key":"Energy Potion"}],"is_trial":false,"path_per_floor":["M","M","?","M","M","R","M","E","T","R","M","E","$","M","R","B",null,"M","?","M","$","?","E","R","E","T","M","E","?","M","$","R","B",null,"M","M","?","$","M","R","E","M","T","$","M","E","R","$","R","B","B",null,"R","$","E","B",null],"character_chosen":"THE_SILENT","basemod:card_modifiers":[null,null,null,null,null,null,null,null,null,null,null,null,null,null,null,null,null,null,null,null,null,null,null,null,null,null,null,null,null,null,null,null,null,null,null,null,null,null,null,null,null,null,null,null,null],"items_purchased":["Membership Card","Potion Belt","Sling","Explosive Potion","Leg Sweep","After Image","DollysMirror","GhostInAJar","LiquidMemories","ClockworkSouvenir","Ice Cream","Backflip","Ornamental Fan","PreservedInsect","Gremlin Horn","Apotheosis","Chemical X","Strawberry","PanicButton","Centennial Puzzle","Nunchaku","Medical Kit","Happy Flower"],"campfire_rested":5,"item_purchase_floors":[13,13,21,21,21,31,31,38,38,38,38,38,38,38,38,44,44,44,44,48,48,54,54],"current_hp_per_floor":[56,50,50,43,36,36,33,17,17,35,35,33,33,37,37,6,47,49,49,51,51,45,21,39,42,42,34,4,4,7,7,7,19,50,60,60,60,60,60,60,60,60,60,67,67,67,67,67,67,67,67,67,67,67,67,67],"gold":68,"neow_bonus":"ONE_RARE_RELIC","is_prod":false,"is_daily":false,"rewards_skipped":[{"floor":39,"relics":[],"potions":["BlessingOfTheForge"]},{"floor":55,"relics":[],"potions":["CunningPotion"]}],"chose_seed":false,"campfire_upgraded":3,"win_rate":0,"floor_exit_playtime":[65,108,118,152,203,214,267,338,345,349,380,437,449,515,521,672,687,786,790,845,872,876,980,988,1084,1087,1302,1431,1435,1564,1587,1609,1873,1886,1976,2065,2093,2130,2230,2234,2305,2497,2500,2539,2659,2755,2759,2787,2791,3030,3177,3189,3200,3213,3288,3466],"timestamp":1708385978,"blue_key_relic_skipped_log":{"floor":43,"relicID":"Vajra"},"path_taken":["M","M","?","M","M","R","M","E","T","R","M","E","$","M","R","BOSS","M","?","M","$","?","E","R","E","T","M","E","?","M","$","R","BOSS","M","M","?","$","?","R","E","M","T","$","M","E","R","$","R","BOSS","BOSS","R","$","E","BOSS"],"build_version":"2022-12-18","purchased_purges":3,"victory":true,"max_hp_per_floor":[60,60,60,60,60,60,60,60,60,60,60,60,60,60,60,60,60,60,60,60,60,60,60,60,60,60,60,60,60,60,60,60,60,60,60,60,60,60,60,60,60,60,60,67,67,67,67,67,67,67,67,67,67,67,67,67],"relic_stats":{"Ice Cream":[32],"Calipers":[1613],"Gremlin Horn":[10,10],"Torii":0,"Snake Skull":[17],"Whetstone":["RitualDagger","Strike_G"],"Ancient Tea Set":[8],"Centennial Puzzle":[0],"Nunchaku":[14],"Prayer Wheel":7,"Chemical X":[9],"Ring of the Snake":[58],"Happy Flower":[2],"counters":[29,166],"Dead Branch":[377],"The Courier":2103,"PreservedInsect":188,"War Paint":["Defend_G","Defend_G"],"Medical Kit":[4],"White Beast Statue":[0.0,0.0,0.0,1.0,0.0,0.0,0.0,0.0,0.0,0.0,0.0,0.0],"Shuriken":[108],"Ornamental Fan":[236],"Bird Faced Urn":[78],"Black Star":6,"Membership Card":2103,"obtain_stats":[{"Ice Cream":38,"Calipers":26,"Gremlin Horn":38,"Torii":41,"Snake Skull":46,"Whetstone":28,"Sling":21,"Ancient Tea Set":25,"ClockworkSouvenir":38,"Centennial Puzzle":48,"Nunchaku":48,"DollysMirror":31,"Strawberry":44,"Prayer Wheel":23,"Fusion Hammer":34,"Chemical X":44,"Ring of the Snake":0,"Potion Belt":13,"Happy Flower":54,"Dead Branch":12,"The Courier":23,"PreservedInsect":38,"War Paint":8,"Medical Kit":54,"White Beast Statue":55,"Akabeko":55,"Anchor":25,"Shuriken":9,"Ornamental Fan":38,"Bird Faced Urn":0,"Black Star":17,"Bag of Marbles":41,"Membership Card":13,"StrikeDummy":46,"TungstenRod":28},{"Ice Cream":20,"Calipers":14,"Gremlin Horn":20,"Torii":22,"Snake Skull":25,"Whetstone":16,"Sling":12,"Ancient Tea Set":14,"ClockworkSouvenir":20,"Centennial Puzzle":25,"Nunchaku":25,"DollysMirror":17,"Strawberry":23,"Prayer Wheel":13,"Fusion Hammer":18,"Chemical X":23,"Ring of the Snake":0,"Potion Belt":8,"Happy Flower":27,"Dead Branch":8,"The Courier":13,"PreservedInsect":20,"War Paint":6,"Medical Kit":27,"White Beast Statue":28,"Akabeko":28,"Anchor":14,"Shuriken":6,"Ornamental Fan":20,"Bird Faced Urn":0,"Black Star":10,"Bag of Marbles":22,"Membership Card":8,"StrikeDummy":25,"TungstenRod":16},{"Ice Cream":113,"Calipers":66,"Gremlin Horn":113,"Torii":121,"Snake Skull":140,"Whetstone":84,"Sling":56,"Ancient Tea Set":66,"ClockworkSouvenir":113,"Centennial Puzzle":140,"Nunchaku":140,"DollysMirror":90,"Strawberry":130,"Prayer Wheel":62,"Fusion Hammer":102,"Chemical X":130,"Ring of the Snake":0,"Potion Belt":37,"Happy Flower":158,"Dead Branch":37,"The Courier":62,"PreservedInsect":113,"War Paint":30,"Medical Kit":158,"White Beast Statue":161,"Akabeko":161,"Anchor":66,"Shuriken":30,"Ornamental Fan":113,"Bird Faced Urn":0,"Black Star":48,"Bag of Marbles":121,"Membership Card":37,"StrikeDummy":140,"TungstenRod":84}],"TungstenRod":5},"card_choices":[{"not_picked":["Deflect","Dodge and Roll"],"picked":"Flying Knee","floor":1},{"not_picked":["Bouncing Flask","Heel Hook"],"picked":"Prepared","floor":2},{"not_picked":["Deflect","Underhanded Strike"],"picked":"Dagger Throw","floor":4},{"not_picked":["Flying Knee","Acrobatics"],"picked":"Leg Sweep","floor":5},{"not_picked":["Grand Finale","Bane"],"picked":"Blade Dance","floor":7},{"not_picked":["Riddle With Holes","Escape Plan"],"picked":"Corpse Explosion","floor":8},{"not_picked":["Bane","Finisher"],"picked":"Acrobatics","floor":11},{"not_picked":["Poisoned Stab","Dagger Spray"],"picked":"Well Laid Plans","floor":12},{"not_picked":["Caltrops","Quick Slash"],"picked":"Cloak And Dagger","floor":14},{"not_picked":["Grand Finale","Envenom"],"picked":"Storm of Steel","floor":16},{"not_picked":["Dagger Throw","Crippling Poison"],"picked":"Deflect","floor":18},{"not_picked":["Deadly Poison","Caltrops","Skewer"],"picked":"SKIP","floor":20},{"not_picked":["Outmaneuver","Flechettes"],"picked":"Tactician+1","floor":23},{"not_picked":["Deflect","Catalyst"],"picked":"Concentrate","floor":25},{"not_picked":["Backflip","Sucker Punch"],"picked":"PiercingWail","floor":27},{"not_picked":["Distraction","Outmaneuver"],"picked":"Phantasmal Killer","floor":27},{"not_picked":["Bullet Time","Dagger Throw"],"picked":"Accuracy+1","floor":28},{"not_picked":["Deflect","Crippling Poison"],"picked":"Blade Dance+1","floor":30},{"not_picked":["Underhanded Strike+1","Setup","Deflect"],"picked":"SKIP","floor":30},{"not_picked":["Burst","A Thousand Cuts"],"picked":"After Image","floor":33},{"not_picked":["Accuracy","Prepared"],"picked":"PiercingWail","floor":35},{"not_picked":["PiercingWail","Expertise"],"picked":"Blade Dance","floor":35},{"not_picked":["Predator","Bouncing Flask","Underhanded Strike"],"picked":"SKIP","floor":36},{"not_picked":["Bouncing Flask","Setup","Dagger Spray"],"picked":"SKIP","floor":36},{"not_picked":["Predator","Bouncing Flask","Underhanded Strike"],"picked":"SKIP","floor":36},{"not_picked":["Bouncing Flask","Setup","Dagger Spray"],"picked":"SKIP","floor":36},{"not_picked":["Finisher","Eviscerate"],"picked":"Acrobatics+1","floor":39},{"not_picked":["Cloak And Dagger","Dagger Throw","A Thousand Cuts"],"picked":"SKIP","floor":39},{"not_picked":["Poisoned Stab","Dagger Spray"],"picked":"Storm of Steel","floor":41},{"not_picked":["Cloak And Dagger","Dagger Spray+1","Dash+1"],"picked":"SKIP","floor":42},{"not_picked":["Slice","Deflect","Dagger Throw"],"picked":"SKIP","floor":42},{"not_picked":["Dagger Throw","Caltrops"],"picked":"Blade Dance","floor":45},{"not_picked":["Sucker Punch","All Out Attack","Dagger Spray+1"],"picked":"SKIP","floor":45},{"not_picked":["Endless Agony","Cloak And Dagger"],"picked":"After Image","floor":46},{"not_picked":["Dagger Throw","Poisoned Stab"],"picked":"Backflip","floor":55}],"player_experience":6200412,"relics_obtained":[{"floor":8,"key":"War Paint"},{"floor":9,"key":"Shuriken"},{"floor":12,"key":"Dead Branch"},{"floor":23,"key":"The Courier"},{"floor":23,"key":"Prayer Wheel"},{"floor":25,"key":"Ancient Tea Set"},{"floor":25,"key":"Anchor"},{"floor":26,"key":"Calipers"},{"floor":28,"key":"TungstenRod"},{"floor":28,"key":"Whetstone"},{"floor":41,"key":"Torii"},{"floor":41,"key":"Bag of Marbles"},{"floor":46,"key":"StrikeDummy"},{"floor":46,"key":"Snake Skull"},{"floor":55,"key":"White Beast Statue"},{"floor":55,"key":"Akabeko"}],"event_choices":[{"damage_healed":0,"gold_gain":0,"player_choice":"Ignored","damage_taken":0,"max_hp_gain":0,"max_hp_loss":0,"event_name":"Liars Game","floor":3,"gold_loss":0},{"damage_healed":0,"gold_gain":0,"player_choice":"Ignored","damage_taken":0,"max_hp_gain":0,"max_hp_loss":0,"event_name":"Beggar","floor":19,"gold_loss":0},{"damage_healed":0,"gold_gain":0,"player_choice":"Joined the Cult","damage_taken":6,"max_hp_gain":0,"max_hp_loss":0,"event_name":"Nest","floor":22,"gold_loss":0,"cards_obtained":["RitualDagger"]},{"damage_healed":0,"gold_gain":0,"player_choice":"Smashed Altar","damage_taken":0,"max_hp_gain":0,"max_hp_loss":0,"event_name":"Forgotten Altar","floor":29,"gold_loss":0,"cards_obtained":["Decay"]},{"damage_healed":0,"gold_gain":999,"player_choice":"Gold","damage_taken":0,"max_hp_gain":0,"max_hp_loss":0,"event_name":"MindBloom","floor":37,"gold_loss":0,"cards_obtained":["Normality","Normality"]}],"is_beta":false,"boss_relics":[{"not_picked":["Runic Pyramid","Busted Crown"],"picked":"Black Star"},{"not_picked":["Sozu","Empty Cage"],"picked":"Fusion Hammer"}],"items_purged_floors":[38,44,48],"is_endless":false,"potions_floor_spawned":[4,5,12,20,28,30,36,39,42,55],"ascension_level":20,"potion_discard_per_floor":[[],[],[],[],[],[],[],[],[],[],[],[],[],[],[],[],[],[],[],[],[],[],[],[],[],[],[],[],[],[],[],[],[],[],[],[],[],["EssenceOfSteel","SkillPotion"],[],[],[],[],[],[],[],[],[],[],[],[],[],[],[],[],[],[],[]]}