{"neow_bonuses_skipped_log":["ONE_RANDOM_RARE_CARD","THREE_RARE_CARDS","BOSS_RELIC"],"neow_costs_skipped_log":["NONE","PERCENT_DAMAGE","NONE"],"potions_obtained_entropic_brew":[[],[],[],[],[],[],[],[],[],[],[],[],[],[],[],[]],"gold_per_floor":[211,211,211,13,27,55,65,65,65,92,92,107,137,149,149,149],"floor_reached":16,"playtime":716,"items_purged":[],"score":240,"play_id":"cb86b418-1e16-4c5c-95aa-967cbe204377","local_time":"20240223223723","score_breakdown":["Floors Climbed (16): 80","Enemies Slain (5): 10","Exordium Elites Killed (3): 30","Bosses Slain (0): 0","Ascension (20): 120"],"is_ascension_mode":true,"potions_obtained_alchemize":[[],[],[],[],[],[],[],[],[],[],[],[],[],[],[],[]],"campfire_choices":[{"data":"Prepared","floor":11,"key":"SMITH"},{"data":"Footwork","floor":15,"key":"SMITH"}],"lesson_learned_per_floor":[[],[],[],[],[],[],[],[],[],[],[],[],[],[],[],[]],"neow_cost":"NONE","improvable_cards":{},"seed_source_timestamp":27924874412993,"shop_contents":[{"floor":4,"relics":["Eternal Feather","PrismaticShard"],"cards":["Quick Slash","Acrobatics","Escape Plan","Accuracy","Madness","Magnetism"],"potions":["DistilledChaos","Weak Potion","Ancient Potion"]}],"circlet_count":0,"master_deck":["AscendersBane","Strike_G","Strike_G","Strike_G","Strike_G","Strike_G","Defend_G","Defend_G","Defend_G","Defend_G","Survivor","Neutralize","Prepared+1","Slice","Backflip","Crippling Poison","Underhanded Strike","PiercingWail","Footwork+1","Acrobatics"],"potion_use_per_floor":[[],[],[],[],[],["FearPotion"],[],[],[],["AttackPotion"],[],[],[],[],[],["Poison Potion","Regen Potion"]],"relics":["Ring of the Snake","WarpedTongs","PreservedInsect","Oddly Smooth Stone","Darkstone Periapt","Ancient Tea Set"],"potions_floor_usage":[6,10,16,16],"damage_taken":[{"damage":7,"enemies":"Small Slimes","floor":1,"turns":8},{"damage":1,"enemies":"Jaw Worm","floor":5,"turns":5},{"damage":2,"enemies":"Lagavulin","floor":6,"turns":7},{"damage":0,"enemies":"Cultist","floor":7,"turns":3},{"damage":16,"enemies":"Gremlin Nob","floor":10,"turns":4},{"damage":0,"enemies":"Red Slaver","floor":12,"turns":3},{"damage":12,"enemies":"Lagavulin","floor":13,"turns":7},{"damage":0,"enemies":"3 Louse","floor":14,"turns":4},{"damage":30,"enemies":"Hexaghost","floor":16,"turns":15}],"green_key_taken_log":13,"seed_played":"-4789013324590303118","neow_bonus_log":{"cardsObtained":[],"cardsUpgraded":[],"cardsRemoved":[],"cardsTransformed":[],"relicsObtained":[],"maxHpGained":0,"goldGained":100,"damageTaken":0,"goldLost":0,"maxHpLost":0},"potions_obtained":[{"floor":5,"key":"FearPotion"},{"floor":6,"key":"AttackPotion"},{"floor":12,"key":"Regen Potion"},{"floor":13,"key":"Poison Potion"}],"is_trial":false,"path_per_floor":["M","?","?","$","M","E","M","?","T","E","R","M","E","M","R","B"],"character_chosen":"THE_SILENT","basemod:card_modifiers":[null,null,null,null,null,null,null,null,null,null,null,null,null,null,null,null,null,null,null,null],"items_purchased":["PreservedInsect","Slice"],"campfire_rested":0,"item_purchase_floors":[4,4],"current_hp_per_floor":[52,52,52,52,51,49,49,42,42,26,26,26,14,14,14,0],"gold":149,"neow_bonus":"HUNDRED_GOLD","is_prod":false,"is_daily":false,"rewards_skipped":[],"chose_seed":false,"campfire_upgraded":2,"win_rate":0,"floor_exit_playtime":[114,117,132,144,179,251,276,281,286,350,357,384,475,514,522],"timestamp":1708745843,"blue_key_relic_skipped_log":{"floor":9,"relicID":"Bottled Flame"},"path_taken":["M","?","?","$","M","E","M","?","T","E","R","?","E","M","R","BOSS"],"build_version":"2022-12-18","purchased_purges":0,"victory":false,"max_hp_per_floor":[66,66,66,66,66,66,66,66,66,66,66,66,66,66,66,66],"relic_stats":{"Darkstone Periapt":0,"counters":[9,56],"PreservedInsect":80,"Ancient Tea Set":[2],"obtain_stats":[{"Darkstone Periapt":10,"Oddly Smooth Stone":6,"PreservedInsect":4,"Ancient Tea Set":13,"Ring of the Snake":0,"WarpedTongs":2},{"Darkstone Periapt":5,"Oddly Smooth Stone":3,"PreservedInsect":1,"Ancient Tea Set":7,"Ring of the Snake":0,"WarpedTongs":1},{"Darkstone Periapt":27,"Oddly Smooth Stone":20,"PreservedInsect":8,"Ancient Tea Set":37,"Ring of the Snake":0,"WarpedTongs":8}],"Ring of the Snake":[18],"WarpedTongs":[48]},"card_choices":[{"not_picked":["Bane","Outmaneuver"],"picked":"Prepared","floor":1},{"not_picked":["Sucker Punch","Distraction"],"picked":"Backflip","floor":5},{"not_picked":["Acrobatics","Bouncing Flask"],"picked":"Crippling Poison","floor":6},{"not_picked":["Escape Plan","Riddle With Holes"],"picked":"Underhanded Strike","floor":10},{"not_picked":["Finisher","Heel Hook"],"picked":"PiercingWail","floor":12},{"not_picked":["Cloak And Dagger","Blur"],"picked":"Footwork","floor":13},{"not_picked":["Quick Slash","Deflect"],"picked":"Acrobatics","floor":14}],"player_experience":6285755,"relics_obtained":[{"floor":6,"key":"Oddly Smooth Stone"},{"floor":10,"key":"Darkstone Periapt"},{"floor":13,"key":"Ancient Tea Set"}],"event_choices":[{"damage_healed":0,"gold_gain":0,"player_choice":"Rummage","damage_taken":0,"relics_obtained":["WarpedTongs"],"max_hp_gain":0,"max_hp_loss":0,"event_name":"Accursed Blacksmith","floor":2,"gold_loss":0,"cards_obtained":["Pain"]},{"cards_removed":["Pain"],"damage_healed":0,"gold_gain":0,"player_choice":"Forget","damage_taken":0,"max_hp_gain":0,"max_hp_loss":0,"event_name":"Living Wall","floor":3,"gold_loss":0},{"cards_removed":["Defend_G"],"damage_healed":0,"gold_gain":0,"player_choice":"Card Removal","damage_taken":7,"max_hp_gain":0,"max_hp_loss":0,"event_name":"Golden Wing","floor":8,"gold_loss":0}],"is_beta":false,"boss_relics":[],"items_purged_floors":[],"is_endless":false,"potions_floor_spawned":[5,6,12,13],"killed_by":"Hexaghost","ascension_level":20,"potion_discard_per_floor":[[],[],[],[],[],[],[],[],[],[],[],[],[],[],[],[]]}