{"neow_bonuses_skipped_log":["ONE_RANDOM_RARE_CARD","HUNDRED_GOLD","BOSS_RELIC"],"neow_costs_skipped_log":["NONE","NONE","NONE"],"potions_obtained_entropic_brew":[[],[],[],[],[],[],[],[],[],[],[],[],[],[],[],[],[],[],[],[],[],[],[],[],[],[],[],[],[],[],[],[],[],[],[],[],[],[],[],[],[],[],[],[],[],[],[],[],[],[],[],[],[],[],[],[],[]],"gold_per_floor":[19,19,19,35,48,48,13,41,41,73,73,93,168,182,182,261,261,277,277,2,12,24,24,52,68,68,99,117,196,227,237,237,312,312,331,331,343,358,378,412,412,437,463,493,258,258,276,301,301,301,301,301,301,89,124,124],"floor_reached":57,"playtime":3928,"items_purged":["Strike_G","Strike_G","Strike_G"],"score":3384,"play_id":"5f193a55-218f-4d62-b012-6a35649ad86c","local_time":"20240221195752","score_breakdown":["Floors Climbed (57): 285","Enemies Slain (16): 32","Exordium Elites Killed (2): 20","City Elites Killed (3): 60","Beyond Elites Killed (4): 120","Bosses Slain (5): 750","Librarian: 25","Well Fed: 25","Champion (2): 50","Beyond Perfect: 200","Overkill: 25","Ascension (20): 1542","Heartbreaker: 250"],"is_ascension_mode":true,"potions_obtained_alchemize":[[],[],[],[],[],[],[],[],[],[],[],[],[],[],[],[],[],[],[],[],[],[],[],[],[],[],[],[],[],[],[],[],[],[],[],[],[],[],[],[],[],[],[],[],[],[],[],[],[],[],[],[],[],[],[],[],[]],"campfire_choices":[{"data":"Deadly Poison","floor":6,"key":"SMITH"},{"data":"Malaise","floor":11,"key":"SMITH"},{"data":"Catalyst","floor":15,"key":"SMITH"},{"floor":23,"key":"REST"},{"data":"RitualDagger","floor":32,"key":"SMITH"},{"data":"Catalyst","floor":41,"key":"SMITH"},{"floor":49,"key":"RECALL"},{"data":"Apotheosis","floor":53,"key":"SMITH"}],"lesson_learned_per_floor":[[],[],[],[],[],[],[],[],[],[],[],[],[],[],[],[],[],[],[],[],[],[],[],[],[],[],[],[],[],[],[],[],[],[],[],[],[],[],[],[],[],[],[],[],[],[],[],[],[],[],[],[],[],[],[],[],[]],"neow_cost":"NO_GOLD","improvable_cards":{"RitualDagger+1":[91]},"seed_source_timestamp":4120158613266,"shop_contents":[{"floor":20,"relics":["Blood Vial","Bottled Flame","Toolbox"],"cards":["Dagger Spray","Deadly Poison","Reflex","Jack Of All Trades","Master of Strategy"],"potions":["Ancient Potion","FearPotion","Swift Potion"]},{"floor":45,"relics":["InkBottle","Ninja Scroll","Medical Kit"],"cards":["Riddle With Holes","Unload","Dodge and Roll","Blade Dance","Accuracy+1","Flash of Steel"],"potions":["Dexterity Potion","Weak Potion","CunningPotion"]},{"floor":54,"relics":["Orichalcum","Sling"],"cards":["Choke","Masterful Stab","Prepared","Deadly Poison","A Thousand Cuts+1","Mind Blast","Panache+1"],"potions":["Weak Potion","SpeedPotion","Swift Potion"]}],"circlet_count":0,"master_deck":["AscendersBane","Strike_G","Defend_G","Defend_G","Defend_G","Defend_G","Survivor","Neutralize","Masterful Stab+1","Catalyst+1","PiercingWail","Deadly Poison+1","Flying Knee","Malaise+1","Acrobatics","Acrobatics","Corpse Explosion","Blade Dance","RitualDagger+1","After Image+1","Dagger Throw","PiercingWail","Footwork+1","Dodge and Roll+1","Catalyst+1","Adrenaline","Deflect+1","Wraith Form v2+1","Escape Plan","Flying Knee+1","Backflip","Blur","Flechettes+1","Bouncing Flask","Apotheosis+1","Concentrate","Backflip","Footwork+1"],"potion_use_per_floor":[[],[],[],[],[],[],[],[],[],[],[],[],[],[],[],["Poison Potion"],[],[],[],[],[],[],[],["PowerPotion"],[],[],["DistilledChaos"],["Regen Potion"],[],[],[],[],[],[],[],[],[],[],[],[],[],[],[],[],[],[],[],[],[],[],[],[],[],[],[],["GamblersBrew","GamblersBrew"],[]],"relics":["Ring of the Snake","Bird Faced Urn","Darkstone Periapt","Frozen Egg 2","Nunchaku","Runic Pyramid","Strawberry","White Beast Statue","Smiling Mask","Mango","SlaversCollar","Happy Flower","FossilizedHelix","Bag of Marbles","Blue Candle","Tingsha","Lantern","Boot"],"potions_floor_usage":[16,24,27,28,56,56],"damage_taken":[{"damage":2,"enemies":"Small Slimes","floor":1,"turns":5},{"damage":0,"enemies":"Cultist","floor":4,"turns":3},{"damage":0,"enemies":"Jaw Worm","floor":5,"turns":3},{"damage":22,"enemies":"3 Sentries","floor":8,"turns":8},{"damage":6,"enemies":"Gremlin Nob","floor":10,"turns":3},{"damage":5,"enemies":"3 Louse","floor":12,"turns":3},{"damage":3,"enemies":"Exordium Wildlife","floor":14,"turns":5},{"damage":0,"enemies":"The Guardian","floor":16,"turns":7},{"damage":17,"enemies":"2 Thieves","floor":18,"turns":5},{"damage":0,"enemies":"Chosen","floor":21,"turns":7},{"damage":0,"enemies":"Snake Plant","floor":22,"turns":4},{"damage":48,"enemies":"Slavers","floor":24,"turns":5},{"damage":9,"enemies":"Snecko","floor":25,"turns":6},{"damage":1,"enemies":"Gremlin Leader","floor":27,"turns":6},{"damage":18,"enemies":"Shelled Parasite and Fungi","floor":28,"turns":6},{"damage":4,"enemies":"Book of Stabbing","floor":30,"turns":7},{"damage":0,"enemies":"Chosen and Byrds","floor":31,"turns":6},{"damage":28,"enemies":"Collector","floor":33,"turns":11},{"damage":0,"enemies":"Orb Walker","floor":35,"turns":5},{"damage":0,"enemies":"3 Shapes","floor":37,"turns":6},{"damage":23,"enemies":"Transient","floor":38,"turns":6},{"damage":6,"enemies":"Maw","floor":39,"turns":9},{"damage":3,"enemies":"Giant Head","floor":40,"turns":9},{"damage":1,"enemies":"Reptomancer","floor":42,"turns":7},{"damage":0,"enemies":"Giant Head","floor":44,"turns":5},{"damage":0,"enemies":"4 Shapes","floor":47,"turns":8},{"damage":0,"enemies":"Reptomancer","floor":48,"turns":5},{"damage":0,"enemies":"Awakened One","floor":50,"turns":16},{"damage":0,"enemies":"Time Eater","floor":51,"turns":9},{"damage":13,"enemies":"Shield and Spear","floor":55,"turns":5},{"damage":12,"enemies":"The Heart","floor":56,"turns":9}],"green_key_taken_log":44,"seed_played":"-1822224869189601976","neow_bonus_log":{"cardsObtained":[],"cardsUpgraded":[],"cardsRemoved":[],"cardsTransformed":[],"relicsObtained":["Bird Faced Urn"],"maxHpGained":0,"goldGained":0,"damageTaken":0,"goldLost":99,"maxHpLost":0},"potions_obtained":[{"floor":8,"key":"PowerPotion"},{"floor":10,"key":"Poison Potion"},{"floor":16,"key":"FairyPotion"},{"floor":25,"key":"DistilledChaos"},{"floor":27,"key":"Regen Potion"},{"floor":28,"key":"GamblersBrew"},{"floor":55,"key":"GamblersBrew"}],"is_trial":false,"path_per_floor":["M","?","?","M","M","R","?","E","T","E","R","M","?","M","R","B",null,"M","?","$","M","M","R","E","M","T","E","M","T","E","M","R","B",null,"M","?","M","M","M","E","R","E","T","E","$","?","M","E","R","B","B",null,"R","$","E","B",null],"character_chosen":"THE_SILENT","basemod:card_modifiers":[null,null,null,null,null,null,null,null,null,null,null,null,null,null,null,null,null,null,null,null,null,null,null,null,null,null,null,null,null,null,null,null,null,null,null,null,null,null],"items_purchased":["After Image+1","Dagger Throw","Apotheosis","Lantern"],"campfire_rested":1,"item_purchase_floors":[20,20,45,54],"current_hp_per_floor":[57,57,57,57,57,57,66,44,44,38,38,33,22,19,19,19,54,37,31,31,33,35,54,19,12,12,15,16,16,30,34,34,10,68,74,74,78,61,59,62,62,67,67,73,73,73,79,85,85,87,87,87,87,87,78,74],"gold":124,"neow_bonus":"ONE_RARE_RELIC","is_prod":false,"is_daily":false,"rewards_skipped":[{"floor":12,"relics":[],"potions":["CultistPotion"]},{"floor":14,"relics":[],"potions":["Poison Potion"]},{"floor":18,"relics":[],"potions":["CunningPotion"]},{"floor":30,"relics":[],"potions":["FairyPotion"]},{"floor":31,"relics":[],"potions":["Poison Potion"]},{"floor":33,"relics":[],"potions":["Ancient Potion"]},{"floor":35,"relics":[],"potions":["EssenceOfSteel"]},{"floor":37,"relics":[],"potions":["Dexterity Potion"]},{"floor":38,"relics":[],"potions":["Strength Potion"]},{"floor":39,"relics":[],"potions":["SteroidPotion"]},{"floor":40,"relics":[],"potions":["BlessingOfTheForge"]},{"floor":42,"relics":[],"potions":["SkillPotion"]},{"floor":44,"relics":[],"potions":["EntropicBrew"]},{"floor":47,"relics":[],"potions":["FairyPotion"]},{"floor":48,"relics":[],"potions":["Poison Potion"]}],"chose_seed":false,"campfire_upgraded":6,"win_rate":0,"floor_exit_playtime":[65,70,75,94,127,133,137,236,240,262,271,327,330,394,400,493,514,625,629,662,736,813,818,1004,1124,1129,1311,1413,1417,1553,1642,1689,1882,1915,1988,1997,2093,2187,2293,2441,2448,2686,2689,2794,2815,2821,2966,3070,3074,3330,3471,3481,3487,3539,3749,3928],"timestamp":1708563472,"blue_key_relic_skipped_log":{"floor":29,"relicID":"Matryoshka"},"path_taken":["M","?","?","M","M","R","?","E","T","E","R","M","?","M","R","BOSS","M","?","$","M","?","R","E","M","T","E","M","?","E","M","R","BOSS","M","?","M","M","?","E","R","E","T","E","$","?","M","E","R","BOSS","BOSS","R","$","E","BOSS"],"build_version":"2022-12-18","purchased_purges":3,"victory":true,"max_hp_per_floor":[66,66,66,66,66,66,66,66,66,66,66,66,66,66,66,66,66,66,66,66,66,66,66,73,73,73,73,73,73,87,87,87,87,87,87,87,87,87,87,87,87,87,87,87,87,87,87,87,87,87,87,87,87,87,87,87],"relic_stats":{"Darkstone Periapt":0,"Happy Flower":[21],"counters":[31,199],"Blue Candle":[0],"Tingsha":[105],"Smiling Mask":125,"Boot":[7],"White Beast Statue":[0.0,0.0,0.0,0.4,0.0,0.6000000000000001,0.0,0.0,0.0,0.0,0.0,6.967108864000001],"Nunchaku":[29],"Bird Faced Urn":[96],"obtain_stats":[{"Darkstone Periapt":8,"Lantern":54,"Happy Flower":40,"Blue Candle":44,"Mango":30,"Tingsha":48,"Frozen Egg 2":9,"Smiling Mask":27,"Boot":55,"White Beast Statue":26,"SlaversCollar":34,"Nunchaku":10,"Bird Faced Urn":0,"Strawberry":24,"Bag of Marbles":43,"FossilizedHelix":42,"Ring of the Snake":0,"Runic Pyramid":17},{"Darkstone Periapt":4,"Lantern":29,"Happy Flower":23,"Blue Candle":25,"Mango":16,"Tingsha":27,"Frozen Egg 2":4,"Smiling Mask":14,"Boot":30,"White Beast Statue":13,"SlaversCollar":18,"Nunchaku":5,"Bird Faced Urn":0,"Strawberry":12,"Bag of Marbles":24,"FossilizedHelix":24,"Ring of the Snake":0,"Runic Pyramid":8},{"Darkstone Periapt":19,"Lantern":185,"Happy Flower":135,"Blue Candle":147,"Mango":83,"Tingsha":160,"Frozen Egg 2":19,"Smiling Mask":70,"Boot":190,"White Beast Statue":64,"SlaversCollar":100,"Nunchaku":22,"Bird Faced Urn":0,"Strawberry":58,"Bag of Marbles":142,"FossilizedHelix":142,"Ring of the Snake":0,"Runic Pyramid":37}],"FossilizedHelix":[137],"Ring of the Snake":[62]},"card_choices":[{"not_picked":["Poisoned Stab","Catalyst"],"picked":"Masterful Stab","floor":1},{"not_picked":["Distraction","Outmaneuver"],"picked":"PiercingWail","floor":4},{"not_picked":["Backflip","Catalyst"],"picked":"Deadly Poison","floor":5},{"not_picked":["Outmaneuver","PiercingWail"],"picked":"Flying Knee","floor":8},{"not_picked":["Prepared","Flechettes"],"picked":"Malaise","floor":10},{"not_picked":["Finisher","Skewer"],"picked":"Acrobatics","floor":12},{"not_picked":["PiercingWail","Predator"],"picked":"Acrobatics","floor":14},{"not_picked":["Unload","Glass Knife"],"picked":"Corpse Explosion","floor":16},{"not_picked":["All Out Attack","Catalyst"],"picked":"Blade Dance","floor":18},{"not_picked":["Outmaneuver","Choke"],"picked":"PiercingWail","floor":21},{"not_picked":["Bane","Prepared"],"picked":"Footwork+1","floor":22},{"not_picked":["Underhanded Strike","Endless Agony"],"picked":"Dodge and Roll+1","floor":24},{"not_picked":["Acrobatics","Finisher+1"],"picked":"Catalyst","floor":25},{"not_picked":["Venomology","Well Laid Plans+1"],"picked":"Adrenaline","floor":27},{"not_picked":["Dagger Throw","Well Laid Plans+1"],"picked":"Deflect+1","floor":28},{"not_picked":["Dodge and Roll","Flying Knee","Storm of Steel"],"picked":"SKIP","floor":30},{"not_picked":["All Out Attack","Dagger Throw","Skewer"],"picked":"SKIP","floor":31},{"not_picked":["Adrenaline","Bullet Time"],"picked":"Wraith Form v2+1","floor":33},{"not_picked":["Blade Dance","Choke"],"picked":"Escape Plan","floor":35},{"not_picked":["Cloak And Dagger","Underhanded Strike"],"picked":"Flying Knee+1","floor":37},{"not_picked":["Terror","Outmaneuver"],"picked":"Backflip","floor":38},{"not_picked":["Corpse Explosion","Skewer"],"picked":"Blur","floor":39},{"not_picked":["Bane","Quick Slash"],"picked":"Flechettes+1","floor":40},{"not_picked":["Deadly Poison","Dodge and Roll","Riddle With Holes"],"picked":"SKIP","floor":42},{"not_picked":["Deadly Poison","Dodge and Roll","Riddle With Holes"],"picked":"SKIP","floor":42},{"not_picked":["Flying Knee","Dagger Spray+1"],"picked":"Bouncing Flask","floor":44},{"not_picked":["Dodge and Roll","Flechettes"],"picked":"Backflip","floor":47},{"not_picked":["Dodge and Roll","Eviscerate+1","Poisoned Stab"],"picked":"SKIP","floor":48},{"not_picked":["Masterful Stab","Accuracy+1"],"picked":"Footwork+1","floor":55}],"player_experience":6241073,"relics_obtained":[{"floor":8,"key":"Darkstone Periapt"},{"floor":9,"key":"Frozen Egg 2"},{"floor":10,"key":"Nunchaku"},{"floor":24,"key":"Strawberry"},{"floor":26,"key":"White Beast Statue"},{"floor":27,"key":"Smiling Mask"},{"floor":30,"key":"Mango"},{"floor":40,"key":"Happy Flower"},{"floor":42,"key":"FossilizedHelix"},{"floor":43,"key":"Bag of Marbles"},{"floor":44,"key":"Blue Candle"},{"floor":48,"key":"Tingsha"},{"floor":55,"key":"Boot"}],"event_choices":[{"damage_healed":0,"gold_gain":0,"cards_transformed":["Defend_G"],"player_choice":"Change","damage_taken":0,"max_hp_gain":0,"max_hp_loss":0,"event_name":"Living Wall","floor":2,"gold_loss":0,"cards_obtained":["Catalyst"]},{"damage_healed":0,"gold_gain":0,"player_choice":"Upgraded","damage_taken":0,"max_hp_gain":0,"max_hp_loss":0,"event_name":"Upgrade Shrine","floor":3,"gold_loss":0,"cards_upgraded":["Masterful Stab"]},{"damage_healed":16,"gold_gain":0,"player_choice":"Healed","damage_taken":0,"max_hp_gain":0,"max_hp_loss":0,"event_name":"The Cleric","floor":7,"gold_loss":35},{"damage_healed":0,"gold_gain":75,"player_choice":"Gather Gold","damage_taken":11,"max_hp_gain":0,"max_hp_loss":0,"event_name":"World of Goop","floor":13,"gold_loss":0},{"damage_healed":0,"gold_gain":0,"player_choice":"Joined the Cult","damage_taken":6,"max_hp_gain":0,"max_hp_loss":0,"event_name":"Nest","floor":19,"gold_loss":0,"cards_obtained":["RitualDagger"]},{"damage_healed":0,"gold_gain":0,"player_choice":"Ignored","damage_taken":0,"max_hp_gain":0,"max_hp_loss":0,"event_name":"Tomb of Lord Red Mask","floor":36,"gold_loss":0},{"damage_healed":0,"gold_gain":0,"cards_transformed":["Strike_G"],"player_choice":"Transformed","damage_taken":0,"max_hp_gain":0,"max_hp_loss":0,"event_name":"Transmorgrifier","floor":46,"gold_loss":0,"cards_obtained":["Concentrate"]}],"is_beta":false,"boss_relics":[{"not_picked":["Velvet Choker","Coffee Dripper"],"picked":"Runic Pyramid"},{"not_picked":["Astrolabe","Sozu"],"picked":"SlaversCollar"}],"items_purged_floors":[20,45,54],"is_endless":false,"potions_floor_spawned":[8,10,12,14,16,18,25,27,28,30,31,33,35,37,38,39,40,42,44,47,48,55],"ascension_level":20,"potion_discard_per_floor":[[],[],[],[],[],[],[],[],[],[],[],[],[],[],[],[],[],[],[],[],[],[],[],[],[],[],[],[],[],[],[],[],[],[],[],[],[],[],[],[],[],[],[],[],[],[],[],[],[],[],[],[],[],[],["FairyPotion"],[],[]]}