{"neow_bonuses_skipped_log":["THREE_SMALL_POTIONS","REMOVE_TWO","BOSS_RELIC"],"potions_obtained_entropic_brew":[[],[],[],[],[],[],[],[],[],[],[],[],[],[],[],[],[],[],[],[],[],[],[],[],[],[],[],[],[],[],[],[],[],[],[],[],[],[],[],[],[],[],[],[],[],[],[],["Dexterity Potion"],[],[],[],[],[],[],[],[],[]],"neow_costs_skipped_log":["NONE","PERCENT_DAMAGE","NONE"],"gold_per_floor":[119,133,149,159,169,169,196,211,211,245,259,8,8,43,43,120,120,139,139,157,171,171,204,204,214,238,238,270,288,318,329,329,408,408,418,435,435,98,123,172,205,222,222,249,262,297,307,321,321,321,321,321,321,24,55,55],"floor_reached":57,"playtime":3618,"items_purged":["Strike_G","Strike_G"],"score":3081,"play_id":"74bdc952-6b24-4dc0-96d4-32513094059d","local_time":"20240218172946","score_breakdown":["Floors Climbed (57): 285","Enemies Slain (19): 38","Exordium Elites Killed (3): 30","City Elites Killed (3): 60","Beyond Elites Killed (3): 90","Bosses Slain (5): 750","Librarian: 25","Champion (3): 75","Perfect (1): 50","Overkill: 25","Ascension (20): 1403","Heartbreaker: 250"],"is_ascension_mode":true,"potions_obtained_alchemize":[[],[],[],[],[],[],[],[],[],[],[],[],[],[],[],[],[],[],[],[],[],[],[],[],[],[],[],[],[],[],["Weak Potion"],[],["SteroidPotion"],[],["EssenceOfSteel"],["GhostInAJar"],[],[],[],["Fire Potion"],["AttackPotion"],["SteroidPotion"],[],["FairyPotion"],[],["Block Potion"],["EntropicBrew"],[],[],[],[],[],[],[],[],["Ancient Potion"],[]],"campfire_choices":[{"data":"Quick Slash","floor":6.0,"key":"SMITH"},{"data":"Footwork","floor":13.0,"key":"SMITH"},{"data":"Doppelganger","floor":15.0,"key":"SMITH"},{"floor":24.0,"key":"REST"},{"floor":27.0,"key":"RECALL"},{"floor":32.0,"key":"REST"},{"floor":49,"key":"REST"},{"floor":53,"key":"REST"}],"lesson_learned_per_floor":[[],[],[],[],[],[],[],[],[],[],[],[],[],[],[],[],[],[],[],[],[],[],[],[],[],[],[],[],[],[],[],[],[],[],[],[],[],[],[],[],[],[],[],[],[],[],[],[],[],[],[],[],[],[],[],[],[]],"neow_cost":"NONE","improvable_cards":{},"seed_source_timestamp":11970376680952,"shop_contents":[{"floor":12,"relics":["Darkstone Periapt","PrismaticShard"],"cards":["Dash","Dagger Spray","Crippling Poison","Dodge and Roll","Trip","Magnetism"],"potions":["Explosive Potion","Weak Potion","LiquidMemories"]},{"floor":38,"relics":["Strawberry","Gambling Chip"],"cards":["Dagger Spray","Endless Agony","Deflect","Swift Strike","Metamorphosis"],"potions":["Dexterity Potion","DuplicationPotion","Poison Potion"]},{"floor":54,"relics":["Bottled Flame","Pantograph"],"cards":["Flying Knee","Underhanded Strike","Crippling Poison","Accuracy","Madness","Violence"],"potions":["Swift Potion","LiquidMemories","BlessingOfTheForge"]}],"circlet_count":0,"master_deck":["AscendersBane","Strike_G","Strike_G","Defend_G","Defend_G","Defend_G","Defend_G","Defend_G","Survivor","Neutralize","Dramatic Entrance","Infinite Blades","Backstab","Quick Slash+1","Doppelganger+1","Dagger Throw","Poisoned Stab","Footwork+1","PiercingWail","Malaise","Poisoned Stab+1","Footwork","Acrobatics","Catalyst+1","Bouncing Flask+1","Deflect","Venomology","Footwork","Adrenaline","Dagger Throw+1","Backflip","Bandage Up","Dark Shackles","Flash of Steel","Backflip","Noxious Fumes","Leg Sweep","Prepared+1","Leg Sweep","Leg Sweep+1","Prepared+1","Corpse Explosion","Acrobatics"],"special_seed":0,"potion_use_per_floor":[[],[],[],[],[],[],["Swift Potion"],[],[],["ColorlessPotion"],[],[],[],[],[],[],[],[],[],[],[],[],[],[],[],[],[],[],[],[],["LiquidMemories","Weak Potion"],[],["GamblersBrew"],[],["LiquidBronze"],["EssenceOfSteel"],[],[],[],["GhostInAJar"],["Fire Potion"],["AttackPotion","SteroidPotion"],[],[],[],[],["Block Potion"],["EntropicBrew"],[],[],[],[],[],[],[],["GhostInAJar"],[]],"relics":["Ring of the Snake","Snake Skull","Toy Ornithopter","Lantern","Akabeko","Mercury Hourglass","Fusion Hammer","Calipers","Happy Flower","Ancient Tea Set","Paper Crane","Runic Pyramid","Frozen Eye","Unceasing Top","Du-Vu Doll","HornCleat","Question Card","Letter Opener","Medical Kit","Bronze Scales"],"potions_floor_usage":[42,42,47,48,56],"damage_taken":[{"damage":0.0,"enemies":"2 Louse","floor":1.0,"turns":3.0},{"damage":2.0,"enemies":"Small Slimes","floor":2.0,"turns":4.0},{"damage":0.0,"enemies":"Jaw Worm","floor":3.0,"turns":4.0},{"damage":4.0,"enemies":"Exordium Wildlife","floor":4.0,"turns":5.0},{"damage":0.0,"enemies":"Lots of Slimes","floor":5.0,"turns":2.0},{"damage":12.0,"enemies":"3 Sentries","floor":7.0,"turns":7.0},{"damage":6.0,"enemies":"Large Slime","floor":8.0,"turns":5.0},{"damage":7.0,"enemies":"Lagavulin","floor":10.0,"turns":6.0},{"damage":0.0,"enemies":"3 Louse","floor":11.0,"turns":2.0},{"damage":0.0,"enemies":"Gremlin Nob","floor":14.0,"turns":3.0},{"damage":13.0,"enemies":"The Guardian","floor":16.0,"turns":12.0},{"damage":3.0,"enemies":"2 Thieves","floor":18.0,"turns":3.0},{"damage":1.0,"enemies":"3 Byrds","floor":20.0,"turns":5.0},{"damage":4.0,"enemies":"Snecko","floor":21.0,"turns":5.0},{"damage":5.0,"enemies":"Gremlin Leader","floor":23.0,"turns":7.0},{"damage":1.0,"enemies":"Chosen and Byrds","floor":25.0,"turns":4.0},{"damage":21.0,"enemies":"Book of Stabbing","floor":28.0,"turns":4.0},{"damage":0.0,"enemies":"Centurion and Healer","floor":29.0,"turns":5.0},{"damage":10.0,"enemies":"Slavers","floor":30.0,"turns":5.0},{"damage":8.0,"enemies":"Shelled Parasite and Fungi","floor":31.0,"turns":6.0},{"damage":42.0,"enemies":"Automaton","floor":33.0,"turns":10.0},{"damage":18.0,"enemies":"3 Shapes","floor":35.0,"turns":5.0},{"damage":0.0,"enemies":"Orb Walker","floor":36.0,"turns":3.0},{"damage":0.0,"enemies":"Mind Bloom Boss Battle","floor":39.0,"turns":3.0},{"damage":5.0,"enemies":"2 Orb Walkers","floor":40.0,"turns":6.0},{"damage":6.0,"enemies":"Reptomancer","floor":41.0,"turns":9.0},{"damage":0,"enemies":"Sphere and 2 Shapes","floor":42,"turns":4},{"damage":0,"enemies":"Giant Head","floor":44,"turns":7},{"damage":2,"enemies":"Spire Growth","floor":45,"turns":5},{"damage":0,"enemies":"Nemesis","floor":46,"turns":7},{"damage":0,"enemies":"Transient","floor":47,"turns":6},{"damage":7,"enemies":"Sphere and 2 Shapes","floor":48,"turns":4},{"damage":0,"enemies":"Awakened One","floor":50,"turns":18},{"damage":6,"enemies":"Time Eater","floor":51,"turns":13},{"damage":11,"enemies":"Shield and Spear","floor":55,"turns":9},{"damage":25,"enemies":"The Heart","floor":56,"turns":11}],"green_key_taken_log":28,"seed_played":"1591456098229635738","neow_bonus_log":{"cardsObtained":[],"cardsUpgraded":[],"cardsRemoved":[],"cardsTransformed":[],"relicsObtained":[],"maxHpGained":0,"goldGained":0,"damageTaken":0,"goldLost":0,"maxHpLost":0},"potions_obtained":[{"floor":3.0,"key":"Swift Potion"},{"floor":5.0,"key":"Swift Potion"},{"floor":8.0,"key":"ColorlessPotion"},{"floor":11.0,"key":"LiquidMemories"},{"floor":25.0,"key":"AttackPotion"},{"floor":29.0,"key":"GamblersBrew"},{"floor":33.0,"key":"LiquidBronze"},{"floor":36.0,"key":"GhostInAJar"},{"floor":48,"key":"GhostInAJar"}],"is_trial":false,"path_per_floor":["M","M","M","M","M","R","E","M","T","E","M","$","R","E","R","B",null,"M","?","M","M","?","E","R","M","T","R","E","M","E","M","R","B",null,"M","M","?","$","?","?","E","M","T","E","M","E","M","M","R","B","B",null,"R","$","E","B",null],"character_chosen":"THE_SILENT","basemod:card_modifiers":[null,null,null,null,null,null,null,null,null,null,null,null,null,null,null,null,null,null,null,null,null,null,null,null,null,null,null,null,null,null,null,null,null,null,null,null,null,null,null,null,null,null,null],"items_purchased":["Footwork","Akabeko","Frozen Eye","Backflip","Noxious Fumes","Medical Kit","Acrobatics"],"campfire_rested":4,"item_purchase_floors":[12,12,38,38,38,54,54],"current_hp_per_floor":[59,57,57,53,53,53,41,35,35,33,33,33,33,33,33,20,55,52,52,51,47,47,42,61,60,60,60,39,39,29,31,50,13,53,40,45,35,35,39,43,46,60,60,64,66,66,66,66,66,66,64,66,66,66,59,43],"gold":55,"neow_bonus":"RANDOM_COLORLESS","is_prod":false,"is_daily":false,"rewards_skipped":[{"floor":28,"relics":[],"potions":["FairyPotion"]},{"floor":39,"relics":[],"potions":["ColorlessPotion"]},{"floor":47,"relics":[],"potions":["Energy Potion"]}],"chose_seed":false,"campfire_upgraded":3,"win_rate":0,"floor_exit_playtime":[68,114,157,193,221,227,325,377,379,436,459,468,477,519,535,649,703,738,765,825,874,909,994,999,1053,1056,1060,1137,1195,1262,1355,1358,1525,1559,1643,1695,1715,1735,1809,1926,2100,2177,2179,2286,2377,2491,2591,2679,2682,2908,3125,3136,3140,3159,3400,3618],"timestamp":1708295386,"blue_key_relic_skipped_log":{"floor":43,"relicID":"Oddly Smooth Stone"},"path_taken":["M","M","M","M","M","R","E","?","T","E","M","$","R","E","R","BOSS","M","?","M","?","?","E","R","M","T","R","E","M","E","M","R","BOSS","M","M","?","$","?","?","E","M","T","E","M","E","M","M","R","BOSS","BOSS","R","$","E","BOSS"],"build_version":"2022-12-18","purchased_purges":2,"victory":true,"max_hp_per_floor":[66,66,66,66,66,66,66,66,66,66,66,66,66,66,66,66,66,66,66,66,66,66,66,66,66,66,66,66,66,66,66,66,66,66,66,66,66,66,66,66,66,66,66,66,66,66,66,66,66,66,66,66,66,66,66,66],"relic_stats":{"Calipers":[301],"Happy Flower":[46],"counters":[36,217],"Snake Skull":[225],"Letter Opener":[200],"Ancient Tea Set":[6],"Question Card":5,"Medical Kit":[9],"Mercury Hourglass":[634],"Frozen Eye":87.90456,"Bronze Scales":[144],"obtain_stats":[{"Lantern":10,"Calipers":23,"Happy Flower":26,"Snake Skull":7,"Letter Opener":46,"Paper Crane":30,"Ancient Tea Set":28,"Question Card":44,"Medical Kit":54,"Akabeko":12,"Mercury Hourglass":14,"Du-Vu Doll":40,"Frozen Eye":38,"HornCleat":41,"Bronze Scales":55,"Fusion Hammer":17,"Toy Ornithopter":9,"Unceasing Top":39,"Ring of the Snake":0,"Runic Pyramid":34},{"Lantern":8,"Calipers":15,"Happy Flower":16,"Snake Skull":6,"Letter Opener":30,"Paper Crane":19,"Ancient Tea Set":17,"Question Card":28,"Medical Kit":34,"Akabeko":9,"Mercury Hourglass":10,"Du-Vu Doll":25,"Frozen Eye":23,"HornCleat":26,"Bronze Scales":35,"Fusion Hammer":11,"Toy Ornithopter":7,"Unceasing Top":24,"Ring of the Snake":0,"Runic Pyramid":21},{"Lantern":36,"Calipers":73,"Happy Flower":77,"Snake Skull":25,"Letter Opener":156,"Paper Crane":91,"Ancient Tea Set":81,"Question Card":144,"Medical Kit":197,"Akabeko":38,"Mercury Hourglass":41,"Du-Vu Doll":124,"Frozen Eye":115,"HornCleat":133,"Bronze Scales":206,"Fusion Hammer":53,"Toy Ornithopter":30,"Unceasing Top":118,"Ring of the Snake":0,"Runic Pyramid":107}],"Toy Ornithopter":58,"Unceasing Top":[3],"Ring of the Snake":[72]},"card_choices":[{"not_picked":["PanicButton","Purity"],"picked":"Dramatic Entrance","floor":0.0},{"not_picked":["Choke","Eviscerate","Outmaneuver"],"picked":"SKIP","floor":1.0},{"not_picked":["Flechettes","Prepared"],"picked":"Infinite Blades","floor":2.0},{"not_picked":["Cloak And Dagger","Underhanded Strike"],"picked":"Backstab","floor":3.0},{"not_picked":["Dagger Spray","All Out Attack","Quick Slash"],"picked":"SKIP","floor":4.0},{"not_picked":["Outmaneuver","Prepared"],"picked":"Quick Slash","floor":5.0},{"not_picked":["Blur","Deflect"],"picked":"Doppelganger","floor":7.0},{"not_picked":["Cloak And Dagger","Skewer"],"picked":"Dagger Throw","floor":8.0},{"not_picked":["Deadly Poison","Dodge and Roll"],"picked":"Poisoned Stab","floor":10.0},{"not_picked":["Dagger Spray","Riddle With Holes","Flechettes"],"picked":"SKIP","floor":11.0},{"not_picked":["Crippling Poison","Blade Dance"],"picked":"PiercingWail","floor":14.0},{"not_picked":["Glass Knife","Night Terror"],"picked":"Malaise","floor":16.0},{"not_picked":["Prepared","Dagger Throw"],"picked":"Poisoned Stab+1","floor":18.0},{"not_picked":["Deflect","Blade Dance","Dash","Accuracy","Quick Slash","Concentrate","Finisher","Flying Knee","Dodge and Roll","Choke","Dagger Spray","Slice","Underhanded Strike","Sucker Punch","Bane","Flechettes","Reflex","Backflip","Prepared"],"picked":"Footwork","floor":19.0},{"not_picked":["Cloak And Dagger","Quick Slash"],"picked":"Acrobatics","floor":21.0},{"not_picked":["Deflect","Bullet Time"],"picked":"Catalyst+1","floor":23.0},{"not_picked":["Cloak And Dagger","Bane"],"picked":"Bouncing Flask+1","floor":25.0},{"not_picked":["Deadly Poison","Outmaneuver"],"picked":"Deflect","floor":28.0},{"not_picked":["Outmaneuver","Deadly Poison","Bane"],"picked":"SKIP","floor":29.0},{"not_picked":["Backflip","Dagger Throw"],"picked":"Venomology","floor":30.0},{"not_picked":["Slice","Infinite Blades"],"picked":"Footwork","floor":31.0},{"not_picked":["Phantasmal Killer","Venomology"],"picked":"Adrenaline","floor":33.0},{"not_picked":["Dash","Setup"],"picked":"Dagger Throw+1","floor":35.0},{"not_picked":["Noxious Fumes","Slice"],"picked":"Backflip","floor":36.0},{"not_picked":["Enlightenment","Mind Blast"],"picked":"Bandage Up","floor":37.0},{"not_picked":["Trip","Impatience"],"picked":"Dark Shackles","floor":37.0},{"not_picked":["Magnetism","Madness"],"picked":"Flash of Steel","floor":37.0},{"not_picked":["Poisoned Stab","Finisher+1"],"picked":"Leg Sweep","floor":39.0},{"not_picked":["Underhanded Strike","Deflect"],"picked":"Prepared+1","floor":40.0},{"not_picked":["Quick Slash","Riddle With Holes"],"picked":"Leg Sweep","floor":41},{"not_picked":["Backstab+1","Expertise","Riddle With Holes"],"picked":"SKIP","floor":42},{"not_picked":["Dagger Throw","Sucker Punch"],"picked":"Leg Sweep+1","floor":44},{"not_picked":["Poisoned Stab","Noxious Fumes","Bane+1"],"picked":"Prepared+1","floor":45},{"not_picked":["Predator","Dagger Spray","Poisoned Stab","Distraction"],"picked":"SKIP","floor":46},{"not_picked":["Slice","Blur","Endless Agony"],"picked":"Corpse Explosion","floor":47},{"not_picked":["Blade Dance","Quick Slash+1","Cloak And Dagger","Skewer+1"],"picked":"SKIP","floor":48},{"not_picked":["Masterful Stab+1","Distraction","Reflex","Footwork"],"picked":"SKIP","floor":55}],"player_experience":6176477,"relics_obtained":[{"floor":7.0,"key":"Snake Skull"},{"floor":9.0,"key":"Toy Ornithopter"},{"floor":10.0,"key":"Lantern"},{"floor":14.0,"key":"Mercury Hourglass"},{"floor":23.0,"key":"Calipers"},{"floor":26.0,"key":"Happy Flower"},{"floor":28.0,"key":"Ancient Tea Set"},{"floor":30.0,"key":"Paper Crane"},{"floor":39.0,"key":"Unceasing Top"},{"floor":40.0,"key":"Du-Vu Doll"},{"floor":41,"key":"HornCleat"},{"floor":44,"key":"Question Card"},{"floor":46,"key":"Letter Opener"},{"floor":55,"key":"Bronze Scales"}],"event_choices":[{"damage_healed":0.0,"max_hp_gain":0.0,"max_hp_loss":0.0,"gold_gain":0.0,"event_name":"The Library","player_choice":"Read","floor":19.0,"gold_loss":0.0,"damage_taken":0.0,"cards_obtained":["Footwork"]},{"cards_removed":["Strike_G"],"damage_healed":0.0,"max_hp_gain":0.0,"max_hp_loss":0.0,"gold_gain":0.0,"event_name":"Bonfire Elementals","player_choice":"Offered Basic","floor":22.0,"gold_loss":0.0,"damage_taken":0.0},{"damage_healed":0.0,"max_hp_gain":0.0,"max_hp_loss":0.0,"gold_gain":0.0,"event_name":"SensoryStone","player_choice":"Memory 3","floor":37.0,"gold_loss":0.0,"damage_taken":10.0},{"damage_healed":0.0,"max_hp_gain":0.0,"max_hp_loss":0.0,"gold_gain":0.0,"event_name":"MindBloom","player_choice":"Fight","floor":39.0,"gold_loss":0.0,"damage_taken":0.0},{"damage_healed":0.0,"max_hp_gain":0.0,"max_hp_loss":0.0,"gold_gain":0.0,"event_name":"Mysterious Sphere","player_choice":"Fight","floor":40.0,"gold_loss":0.0,"damage_taken":0.0}],"is_beta":false,"boss_relics":[{"not_picked":["Sozu","SlaversCollar"],"picked":"Fusion Hammer"},{"not_picked":["Calling Bell","Black Star"],"picked":"Runic Pyramid"}],"items_purged_floors":[38,54],"is_endless":false,"potions_floor_spawned":[3,5,8,11,25,28,29,33,36,39,47,48],"ascension_level":20,"potion_discard_per_floor":[[],[],[],[],[],[],[],[],[],[],[],[],[],[],[],[],[],[],[],[],[],[],[],[],["Swift Potion"],[],[],[],["AttackPotion"],[],[],[],[],[],[],["SteroidPotion"],[],[],[],[],[],[],[],[],[],["FairyPotion"],[],["Dexterity Potion"],[],[],[],[],[],[],[],[],[]]}