{"neow_bonuses_skipped_log":["TRANSFORM_CARD","TWENTY_PERCENT_HP_BONUS","BOSS_RELIC"],"potions_obtained_entropic_brew":[[],[],[],[],[],[],[],[],[],[],[],[],[],[],[],[],[],[],[],[],[],[],[],[],[],[],[],[],[],[],[],[],[],[],[],[],[],[],[],[],[],[],[],[],[],[],[],[],[],[],[],[],[],[],[],[],[]],"neow_costs_skipped_log":["NONE","PERCENT_DAMAGE","NONE"],"gold_per_floor":[218,228,29,39,52,87,101,101,128,139,174,174,187,216,216,295,295,311,311,311,47,64,98,110,122,134,146,191,219,260,296,308,398,410,433,456,484,496,520,557,569,581,618,630,667,711,736,781,793,805,817,829,841,74,108,108],"floor_reached":57,"playtime":3779,"items_purged":["Pain","Bite"],"score":3115,"play_id":"b9b1ce54-94e5-4fff-8e1a-ae7613dcd107","local_time":"20240216185315","falling_options_log":["Terror+1","After Image"],"score_breakdown":["Floors Climbed (57): 285","Enemies Slain (15): 30","Exordium Elites Killed (3): 30","City Elites Killed (3): 60","Beyond Elites Killed (3): 90","Bosses Slain (5): 750","Money Money (1251): 25","Collector (1): 25","Librarian: 25","Champion (1): 25","Perfect (2): 100","Overkill: 25","Ascension (20): 1395","Heartbreaker: 250"],"is_ascension_mode":true,"potions_obtained_alchemize":[[],[],[],[],[],[],[],[],[],[],[],[],[],[],[],[],[],[],[],[],[],[],[],[],[],[],[],[],[],[],[],[],[],[],[],[],[],[],[],[],[],[],[],[],[],[],[],[],[],[],[],[],[],[],[],[],[]],"campfire_choices":[{"floor":8,"key":"REST"},{"data":"Blade Dance","floor":12,"key":"SMITH"},{"data":"Terror","floor":15,"key":"SMITH"},{"data":"Burst","floor":24,"key":"SMITH"},{"data":"Apotheosis","floor":32,"key":"SMITH"},{"floor":41,"key":"RECALL"},{"data":"Wraith Form v2","floor":44,"key":"SMITH"},{"data":"Footwork","floor":49,"key":"SMITH"},{"data":"After Image","floor":53,"key":"SMITH"}],"lesson_learned_per_floor":[[],[],[],[],[],[],[],[],[],[],[],[],[],[],[],[],[],[],[],[],[],[],[],[],[],[],[],[],[],[],[],[],[],[],[],[],[],[],[],[],[],[],[],[],[],[],[],[],[],[],[],[],[],[],[],[],[]],"neow_cost":"NONE","improvable_cards":{},"seed_source_timestamp":11751117834922,"shop_contents":[{"floor":3,"relics":["Gremlin Horn","Singing Bowl"],"cards":["Quick Slash","Riddle With Holes","Dodge and Roll","Night Terror","Dramatic Entrance","Sadistic Nature"],"potions":["EssenceOfSteel","Explosive Potion","LiquidMemories"]},{"floor":21,"relics":["Matryoshka","Blood Vial"],"cards":["Dash","Finisher","Tactician","Footwork","Panacea","Panache"],"potions":["EntropicBrew","Swift Potion","GhostInAJar"]},{"floor":54,"relics":["Eternal Feather"],"cards":["Bane","Sucker Punch","Enlightenment","Apotheosis"],"potions":["Regen Potion","Weak Potion","SpeedPotion"]}],"circlet_count":0,"master_deck":["AscendersBane","Defend_G","Defend_G","Defend_G+1","Defend_G","Survivor+1","Neutralize","Blade Dance+1","Dagger Throw","Leg Sweep","Terror+1","Footwork+1","Backstab","Burst+1","Accuracy","Backflip","Footwork","Backflip","PiercingWail","Dodge and Roll","Corpse Explosion","After Image+1","Backstab","Bite","Bite","Blade Dance","Backflip+1","Terror","Apotheosis+1","Backflip","Deflect+1","Wraith Form v2+1","Leg Sweep+1","Backflip","Escape Plan","Catalyst","PiercingWail","After Image","Crippling Poison+1","Calculated Gamble","Noxious Fumes","Outmaneuver","Footwork+1"],"potion_use_per_floor":[[],[],[],[],[],["SteroidPotion"],[],[],[],[],[],[],[],[],[],["CultistPotion"],[],[],[],[],[],[],[],[],[],[],[],["Strength Potion"],["ColorlessPotion"],["DuplicationPotion"],[],[],["Fruit Juice"],[],[],[],["DistilledChaos"],[],[],[],[],[],[],[],[],[],[],[],[],[],[],[],[],[],[],["SpeedPotion","SpeedPotion","Poison Potion"],[]],"relics":["Ring of the Snake","Orrery","Calipers","Potion Belt","War Paint","Bottled Flame","Coffee Dripper","WarpedTongs","OrangePellets","MawBank","Pantograph","White Beast Statue","Lantern","Regal Pillow","SacredBark","Vajra","Art of War","Mango","Oddly Smooth Stone","Ninja Scroll","Toolbox","Unceasing Top","Letter Opener"],"potions_floor_usage":[6,16,28,29,30,33,37,56,56,56],"damage_taken":[{"damage":1,"enemies":"Jaw Worm","floor":1,"turns":6},{"damage":1,"enemies":"Small Slimes","floor":2,"turns":3},{"damage":0,"enemies":"2 Louse","floor":4,"turns":2},{"damage":1,"enemies":"2 Fungi Beasts","floor":5,"turns":3},{"damage":22,"enemies":"3 Sentries","floor":6,"turns":11},{"damage":0,"enemies":"Blue Slaver","floor":7,"turns":5},{"damage":7,"enemies":"Exordium Wildlife","floor":10,"turns":5},{"damage":7,"enemies":"Lagavulin","floor":11,"turns":7},{"damage":0,"enemies":"2 Fungi Beasts","floor":13,"turns":5},{"damage":17,"enemies":"3 Sentries","floor":14,"turns":13},{"damage":0,"enemies":"Hexaghost","floor":16,"turns":8},{"damage":0,"enemies":"Shell Parasite","floor":18,"turns":6},{"damage":0,"enemies":"Spheric Guardian","floor":22,"turns":4},{"damage":6,"enemies":"Book of Stabbing","floor":23,"turns":7},{"damage":2,"enemies":"Slavers","floor":28,"turns":6},{"damage":0,"enemies":"Centurion and Healer","floor":29,"turns":6},{"damage":2,"enemies":"Gremlin Leader","floor":30,"turns":8},{"damage":0,"enemies":"Champ","floor":33,"turns":16},{"damage":0,"enemies":"3 Shapes","floor":35,"turns":6},{"damage":1,"enemies":"Orb Walker","floor":36,"turns":2},{"damage":0,"enemies":"Transient","floor":37,"turns":6},{"damage":3,"enemies":"Maw","floor":39,"turns":11},{"damage":9,"enemies":"Reptomancer","floor":40,"turns":6},{"damage":0,"enemies":"Mind Bloom Boss Battle","floor":45,"turns":7},{"damage":0,"enemies":"Nemesis","floor":46,"turns":15},{"damage":15,"enemies":"Jaw Worm Horde","floor":47,"turns":9},{"damage":13,"enemies":"Reptomancer","floor":48,"turns":11},{"damage":4,"enemies":"Donu and Deca","floor":50,"turns":11},{"damage":8,"enemies":"Awakened One","floor":51,"turns":24},{"damage":35,"enemies":"Shield and Spear","floor":55,"turns":19},{"damage":11,"enemies":"The Heart","floor":56,"turns":11}],"green_key_taken_log":46,"seed_played":"9077521474451591211","neow_bonus_log":{"cardsObtained":[],"cardsUpgraded":[],"cardsRemoved":[],"cardsTransformed":[],"relicsObtained":[],"maxHpGained":0,"goldGained":100,"damageTaken":0,"goldLost":0,"maxHpLost":0},"potions_obtained":[{"floor":5,"key":"SteroidPotion"},{"floor":10,"key":"CultistPotion"},{"floor":11,"key":"Strength Potion"},{"floor":13,"key":"DuplicationPotion"},{"floor":16,"key":"Ancient Potion"},{"floor":18,"key":"SpeedPotion"},{"floor":23,"key":"GamblersBrew"},{"floor":28,"key":"ColorlessPotion"},{"floor":29,"key":"SpeedPotion"},{"floor":30,"key":"Fruit Juice"},{"floor":33,"key":"DistilledChaos"},{"floor":37,"key":"BlessingOfTheForge"},{"floor":40,"key":"Poison Potion"}],"is_trial":false,"path_per_floor":["M","M","$","M","M","E","M","R","T","M","E","R","M","E","R","B",null,"M","?","?","$","M","E","R","T","T","?","E","M","E","T","R","B",null,"M","M","M","?","M","E","R","?","T","R","?","E","M","E","R","B","B",null,"R","$","E","B",null],"character_chosen":"THE_SILENT","basemod:card_modifiers":[null,null,null,null,null,null,null,null,null,null,null,null,null,null,null,null,null,null,null,null,null,null,null,null,null,null,null,null,null,null,null,null,null,null,null,null,null,null,null,null,null,null,null],"items_purchased":["Orrery","Accuracy","Blade Dance","OrangePellets","Toolbox","Calculated Gamble","Noxious Fumes","Unceasing Top","Outmaneuver"],"campfire_rested":1,"item_purchase_floors":[3,3,21,21,54,54,54,54,54],"current_hp_per_floor":[58,57,57,57,56,34,34,53,53,46,39,39,39,22,22,22,55,55,46,46,46,46,41,41,41,41,41,44,46,46,46,46,51,51,51,51,51,51,51,48,48,48,48,48,65,65,59,60,60,65,65,65,65,65,60,63],"gold":108,"neow_bonus":"HUNDRED_GOLD","is_prod":false,"is_daily":false,"rewards_skipped":[{"floor":35,"relics":[],"potions":["SmokeBomb"]},{"floor":36,"relics":[],"potions":["SkillPotion"]},{"floor":39,"relics":[],"potions":["FearPotion"]},{"floor":45,"relics":[],"potions":["DistilledChaos"]},{"floor":46,"relics":[],"potions":["AttackPotion"]},{"floor":47,"relics":[],"potions":["SteroidPotion"]},{"floor":48,"relics":[],"potions":["SpeedPotion"]},{"floor":55,"relics":[],"potions":["CultistPotion"]}],"chose_seed":false,"campfire_upgraded":7,"win_rate":0,"floor_exit_playtime":[57,80,139,164,202,325,383,396,399,451,518,526,579,703,713,782,798,886,894,900,932,984,1061,1073,1092,1095,1149,1230,1314,1423,1426,1433,1596,1629,1702,1734,1841,1856,1984,2113,2118,2129,2133,2139,2227,2394,2525,2740,2761,2934,3204,3217,3223,3290,3623,3779],"timestamp":1708127595,"blue_key_relic_skipped_log":{"floor":25,"relicID":"Sundial"},"path_taken":["M","M","$","M","M","E","M","R","T","M","E","R","M","E","R","BOSS","M","?","?","$","?","E","R","?","T","?","E","M","E","?","R","BOSS","M","?","M","?","M","E","R","?","T","R","?","E","?","E","R","BOSS","BOSS","R","$","E","BOSS"],"build_version":"2022-12-18","purchased_purges":2,"victory":true,"max_hp_per_floor":[66,66,66,66,66,66,66,66,66,66,66,66,66,66,66,66,66,66,46,46,46,46,46,46,46,46,46,46,46,46,46,46,51,51,51,51,51,51,51,51,51,51,51,51,65,65,65,65,65,65,65,65,65,65,65,65],"relic_stats":{"Regal Pillow":0,"Calipers":[9028],"counters":[31,259],"Letter Opener":[25],"War Paint":["Defend_G","Survivor"],"MawBank":372,"White Beast Statue":[0.0,0.0,0.0,0.4,0.0,0.6000000000000001,0.0,0.0,0.0,0.0,0.0,5.2351088640000025],"WarpedTongs":[61],"OrangePellets":[25],"Bottled Flame":"Backstab","Pantograph":13,"Art of War":[39],"obtain_stats":[{"Potion Belt":9,"Lantern":30,"Regal Pillow":31,"Calipers":6,"SacredBark":34,"Vajra":40,"Oddly Smooth Stone":46,"Mango":45,"Letter Opener":55,"War Paint":11,"MawBank":23,"White Beast Statue":28,"WarpedTongs":20,"OrangePellets":21,"Bottled Flame":14,"Ninja Scroll":48,"Pantograph":26,"Orrery":3,"Toolbox":54,"Coffee Dripper":17,"Art of War":43,"Unceasing Top":54,"Ring of the Snake":0},{"Potion Belt":6,"Lantern":17,"Regal Pillow":17,"Calipers":5,"SacredBark":18,"Vajra":23,"Oddly Smooth Stone":25,"Mango":24,"Letter Opener":30,"War Paint":8,"MawBank":14,"White Beast Statue":15,"WarpedTongs":12,"OrangePellets":12,"Bottled Flame":10,"Ninja Scroll":27,"Pantograph":14,"Orrery":2,"Toolbox":29,"Coffee Dripper":11,"Art of War":23,"Unceasing Top":29,"Ring of the Snake":0},{"Potion Belt":30,"Lantern":105,"Regal Pillow":105,"Calipers":25,"SacredBark":121,"Vajra":152,"Oddly Smooth Stone":174,"Mango":159,"Letter Opener":248,"War Paint":42,"MawBank":85,"White Beast Statue":91,"WarpedTongs":74,"OrangePellets":74,"Bottled Flame":60,"Ninja Scroll":194,"Pantograph":85,"Orrery":9,"Toolbox":229,"Coffee Dripper":68,"Art of War":152,"Unceasing Top":229,"Ring of the Snake":0}],"Unceasing Top":[4],"Ring of the Snake":[60]},"card_choices":[{"not_picked":["Backflip","PiercingWail"],"picked":"Blade Dance","floor":1},{"not_picked":["Underhanded Strike","Skewer"],"picked":"Dagger Throw","floor":2},{"not_picked":["Quick Slash","Deflect"],"picked":"Leg Sweep","floor":3},{"not_picked":["Dagger Spray","Underhanded Strike"],"picked":"Terror","floor":3},{"not_picked":["PiercingWail","Dash"],"picked":"Footwork","floor":3},{"not_picked":["Bouncing Flask","Poisoned Stab"],"picked":"Backstab","floor":3},{"not_picked":["Distraction","Deadly Poison"],"picked":"Burst","floor":3},{"not_picked":["Dagger Spray","Catalyst","Quick Slash"],"picked":"SKIP","floor":4},{"not_picked":["Flying Knee","Underhanded Strike"],"picked":"Backflip","floor":5},{"not_picked":["Crippling Poison","Prepared"],"picked":"Footwork","floor":6},{"not_picked":["Noxious Fumes","Expertise"],"picked":"Backflip","floor":7},{"not_picked":["All Out Attack","Masterful Stab"],"picked":"PiercingWail","floor":10},{"not_picked":["Catalyst","All Out Attack"],"picked":"Dodge and Roll","floor":11},{"not_picked":["Quick Slash","Infinite Blades","Skewer"],"picked":"SKIP","floor":13},{"not_picked":["Prepared","Backstab"],"picked":"Corpse Explosion","floor":14},{"not_picked":["Malaise","A Thousand Cuts"],"picked":"After Image","floor":16},{"not_picked":["Masterful Stab","Dagger Spray"],"picked":"Backstab","floor":18},{"not_picked":["Deflect","Footwork"],"picked":"Backflip+1","floor":23},{"not_picked":["Dagger Spray","Heel Hook"],"picked":"Backflip","floor":28},{"not_picked":["Bane","Flechettes","Slice"],"picked":"SKIP","floor":29},{"not_picked":["Blur","Riddle With Holes"],"picked":"Deflect+1","floor":30},{"not_picked":["Envenom","Bullet Time"],"picked":"Wraith Form v2","floor":33},{"not_picked":["Setup","Dash","Dagger Throw+1"],"picked":"SKIP","floor":35},{"not_picked":["Backflip","Acrobatics"],"picked":"Leg Sweep+1","floor":36},{"not_picked":["Flying Knee+1","Outmaneuver"],"picked":"Backflip","floor":37},{"not_picked":["Quick Slash","Prepared"],"picked":"Escape Plan","floor":39},{"not_picked":["Dodge and Roll","Distraction"],"picked":"Catalyst","floor":40},{"not_picked":["Poisoned Stab","Prepared"],"picked":"PiercingWail","floor":45},{"not_picked":["PiercingWail","Terror"],"picked":"After Image","floor":46},{"not_picked":["Backflip","Backstab"],"picked":"Crippling Poison+1","floor":47},{"not_picked":["Terror","Underhanded Strike","Choke+1"],"picked":"SKIP","floor":48},{"not_picked":["Backflip","Predator"],"picked":"Footwork+1","floor":55}],"player_experience":6116321,"relics_obtained":[{"floor":6,"key":"Calipers"},{"floor":9,"key":"Potion Belt"},{"floor":11,"key":"War Paint"},{"floor":14,"key":"Bottled Flame"},{"floor":23,"key":"MawBank"},{"floor":26,"key":"Pantograph"},{"floor":28,"key":"White Beast Statue"},{"floor":30,"key":"Lantern"},{"floor":31,"key":"Regal Pillow"},{"floor":40,"key":"Vajra"},{"floor":43,"key":"Art of War"},{"floor":45,"key":"Mango"},{"floor":46,"key":"Oddly Smooth Stone"},{"floor":48,"key":"Ninja Scroll"},{"floor":55,"key":"Letter Opener"}],"event_choices":[{"damage_healed":0,"gold_gain":0,"player_choice":"Became a vampire","damage_taken":0,"max_hp_gain":0,"max_hp_loss":20,"event_name":"Vampires","floor":19,"gold_loss":0,"cards_obtained":["Bite","Bite","Bite","Bite","Bite"]},{"damage_healed":0,"gold_gain":0,"player_choice":"Rummage","damage_taken":0,"relics_obtained":["WarpedTongs"],"max_hp_gain":0,"max_hp_loss":0,"event_name":"Accursed Blacksmith","floor":20,"gold_loss":0,"cards_obtained":["Pain"]},{"damage_healed":0,"gold_gain":0,"cards_transformed":["Defend_G","Bite"],"player_choice":"Became Test Subject","damage_taken":0,"max_hp_gain":0,"max_hp_loss":0,"event_name":"Drug Dealer","floor":27,"gold_loss":0,"cards_obtained":["Terror","Apotheosis"]},{"damage_healed":0,"gold_gain":0,"player_choice":"Ignored","damage_taken":0,"max_hp_gain":0,"max_hp_loss":0,"event_name":"SecretPortal","floor":38,"gold_loss":0},{"cards_removed":["Bite"],"damage_healed":0,"gold_gain":0,"player_choice":"Removed Attack","damage_taken":0,"max_hp_gain":0,"max_hp_loss":0,"event_name":"Falling","floor":42,"gold_loss":0},{"damage_healed":0,"gold_gain":0,"player_choice":"Fight","damage_taken":0,"max_hp_gain":0,"max_hp_loss":0,"event_name":"MindBloom","floor":45,"gold_loss":0}],"is_beta":false,"boss_relics":[{"not_picked":["Busted Crown","HoveringKite"],"picked":"Coffee Dripper"},{"not_picked":["Sozu","WristBlade"],"picked":"SacredBark"}],"items_purged_floors":[21,54],"is_endless":false,"potions_floor_spawned":[5,10,11,13,16,18,23,28,29,30,33,35,36,37,39,40,45,46,47,48,55],"ascension_level":20,"potion_discard_per_floor":[[],[],[],[],[],[],[],[],[],[],[],[],[],[],[],[],[],[],[],[],[],[],["Ancient Potion"],[],[],[],[],[],[],[],[],[],[],[],[],[],[],[],[],["BlessingOfTheForge"],[],[],[],[],[],[],[],[],[],[],[],[],[],[],[],[],[]]}