{"neow_bonuses_skipped_log":["ONE_RANDOM_RARE_CARD","THREE_ENEMY_KILL","TWENTY_PERCENT_HP_BONUS"],"potions_obtained_entropic_brew":[[],[],[],[],[],[],[],[],[],[],[],[],[],[],[],[],[],[],[],[],[],[],[],[],[],[],[],[],[],[],[],[],[],[],[],[],[],[],[],[],[],[],[],[],[],[],[],[],[],[],[],[],[],[],[],[],[]],"neow_costs_skipped_log":["NONE","NONE","CURSE"],"gold_per_floor":[116,130,52,12,112,112,143,158,158,170,203,203,246,266,266,351,351,376,394,20,20,40,78,78,106,106,106,53,80,80,115,115,203,203,217,243,269,290,304,346,365,401,401,401,435,469,551,579,579,579,579,579,579,32,72,72],"floor_reached":57,"playtime":4355,"items_purged":[],"score":3169,"play_id":"8b5a7214-8002-4ae8-b22f-62de7c9e0ccb","local_time":"20240227141331","score_breakdown":["Floors Climbed (57): 285","Enemies Slain (16): 32","Exordium Elites Killed (3): 30","City Elites Killed (3): 60","Beyond Elites Killed (3): 90","Bosses Slain (5): 750","I Like Shiny: 50","Money Money (1212): 25","Collector (1): 25","Librarian: 25","Champion (3): 75","Perfect (1): 50","Overkill: 25","Ascension (20): 1397","Heartbreaker: 250"],"is_ascension_mode":true,"potions_obtained_alchemize":[[],[],[],[],[],[],[],[],[],[],[],[],[],[],[],[],[],[],[],[],[],[],[],[],[],[],[],[],[],[],[],[],[],[],["DuplicationPotion"],["BlessingOfTheForge"],["FearPotion"],["Explosive Potion"],["SteroidPotion"],["BlessingOfTheForge"],["Dexterity Potion"],[],[],[],[],["Dexterity Potion"],[],[],[],["Weak Potion"],["SteroidPotion"],[],[],[],["FearPotion"],["ColorlessPotion"],[]],"campfire_choices":[{"data":"Blade Dance","floor":6,"key":"SMITH"},{"data":"Phantasmal Killer","floor":12,"key":"SMITH"},{"data":"Neutralize","floor":15,"key":"SMITH"},{"data":"Wraith Form v2","floor":24,"key":"SMITH"},{"data":"Blade Dance","floor":27,"key":"SMITH"},{"data":"Dash","floor":30,"key":"SMITH"},{"data":"Acrobatics","floor":32,"key":"SMITH"},{"floor":44,"key":"RECALL"}],"lesson_learned_per_floor":[[],[],[],[],[],[],[],[],[],[],[],[],[],[],[],[],[],[],[],[],[],[],[],[],[],[],[],[],[],[],[],[],[],[],[],[],[],[],[],[],[],[],[],[],[],[],[],[],[],[],[],[],[],[],[],[],[]],"neow_cost":"NONE","improvable_cards":{},"seed_source_timestamp":11717667909483,"shop_contents":[{"floor":3,"relics":["InkBottle","Du-Vu Doll","DollysMirror"],"cards":["Quick Slash","Cloak And Dagger","Accuracy","Jack Of All Trades","Secret Weapon"],"potions":["GamblersBrew","FairyPotion","EssenceOfSteel"]},{"floor":20,"relics":["Juzu Bracelet","Regal Pillow"],"cards":["Riddle With Holes","Skewer","Catalyst","Dodge and Roll","Swift Strike","HandOfGreed"],"potions":["LiquidMemories","Fruit Juice"]},{"floor":28,"relics":["Centennial Puzzle","Orichalcum","TwistedFunnel"],"cards":["Dagger Spray","Poisoned Stab","Backflip","Bullet Time","Caltrops","Purity","Chrysalis"],"potions":["FairyPotion","BlessingOfTheForge"]},{"floor":54,"relics":["CaptainsWheel","Gambling Chip","Cauldron"],"cards":["Flying Knee","Underhanded Strike","Deadly Poison+1","Prepared+1","Infinite Blades","Trip+1","Metamorphosis+1"],"potions":["FearPotion","Fruit Juice","SmokeBomb"]}],"circlet_count":0,"master_deck":["AscendersBane","Strike_G+1","Strike_G+1","Strike_G+1","Strike_G+1","Strike_G+1","Defend_G+1","Defend_G+1","Defend_G+1","Defend_G+1","Defend_G+1","Survivor","Neutralize+1","Dagger Throw","Backflip","Blade Dance+1","Sucker Punch","Phantasmal Killer+1","Acrobatics","PiercingWail","After Image","Dash+1","Wraith Form v2+1","Blade Dance+1","Acrobatics+1","Prepared+1","Venomology+1","Acrobatics+1","Well Laid Plans+1","Underhanded Strike+1","Accuracy","PiercingWail+1","Corpse Explosion+1","Acrobatics+1","Adrenaline+1","Terror+1","Well Laid Plans","After Image","Leg Sweep+1"],"potion_use_per_floor":[[],[],[],[],[],[],["Regen Potion"],[],[],[],["ColorlessPotion"],[],[],[],[],["PowerPotion","SteroidPotion"],[],[],[],[],[],[],["SkillPotion","SpeedPotion","DuplicationPotion"],[],[],[],[],[],[],[],[],[],["SteroidPotion","Weak Potion"],[],[],[],[],["FearPotion"],["Explosive Potion"],["SteroidPotion"],["BlessingOfTheForge"],[],[],[],[],["SpeedPotion"],[],["Dexterity Potion"],[],["DistilledChaos"],["PowerPotion"],[],[],[],["SteroidPotion"],["Weak Potion","DuplicationPotion","ColorlessPotion","Poison Potion"],[]],"relics":["Coffee Dripper","Potion Belt","Lizard Tail","CeramicFish","Black Star","ClockworkSouvenir","Ancient Tea Set","Art of War","Oddly Smooth Stone","Pen Nib","MealTicket","Ornamental Fan","Toxic Egg 2","Fusion Hammer","Dream Catcher","Question Card","Calipers","Happy Flower","Unceasing Top","Toy Ornithopter","Vajra","The Courier","Paper Crane","Anchor","White Beast Statue","Mummified Hand"],"potions_floor_usage":[7,11,16,16,23,23,23,33,33,38,39,40,41,46,48,50,51,55,56,56,56,56],"damage_taken":[{"damage":3,"enemies":"Small Slimes","floor":1,"turns":6},{"damage":0,"enemies":"Cultist","floor":2,"turns":4},{"damage":9,"enemies":"3 Sentries","floor":7,"turns":10},{"damage":0,"enemies":"2 Louse","floor":8,"turns":4},{"damage":0,"enemies":"Gremlin Gang","floor":10,"turns":6},{"damage":31,"enemies":"Gremlin Nob","floor":11,"turns":4},{"damage":5,"enemies":"3 Sentries","floor":13,"turns":6},{"damage":3,"enemies":"Looter","floor":14,"turns":3},{"damage":7,"enemies":"Hexaghost","floor":16,"turns":6},{"damage":7,"enemies":"3 Byrds","floor":18,"turns":7},{"damage":10,"enemies":"2 Thieves","floor":19,"turns":4},{"damage":0,"enemies":"Shelled Parasite and Fungi","floor":22,"turns":7},{"damage":7,"enemies":"Gremlin Leader","floor":23,"turns":9},{"damage":4,"enemies":"Book of Stabbing","floor":25,"turns":6},{"damage":0,"enemies":"Cultist and Chosen","floor":29,"turns":6},{"damage":22,"enemies":"Slavers","floor":31,"turns":8},{"damage":9,"enemies":"Collector","floor":33,"turns":10},{"damage":0,"enemies":"3 Darklings","floor":35,"turns":9},{"damage":0,"enemies":"Orb Walker","floor":36,"turns":3},{"damage":0,"enemies":"Transient","floor":37,"turns":6},{"damage":2,"enemies":"4 Shapes","floor":38,"turns":7},{"damage":0,"enemies":"Spire Growth","floor":39,"turns":3},{"damage":0,"enemies":"Reptomancer","floor":40,"turns":2},{"damage":0,"enemies":"Writhing Mass","floor":41,"turns":4},{"damage":0,"enemies":"Nemesis","floor":42,"turns":5},{"damage":0,"enemies":"Mind Bloom Boss Battle","floor":45,"turns":11},{"damage":0,"enemies":"Giant Head","floor":46,"turns":8},{"damage":0,"enemies":"4 Shapes","floor":48,"turns":4},{"damage":0,"enemies":"Awakened One","floor":50,"turns":9},{"damage":7,"enemies":"Time Eater","floor":51,"turns":12},{"damage":5,"enemies":"Shield and Spear","floor":55,"turns":6},{"damage":32,"enemies":"The Heart","floor":56,"turns":11}],"green_key_taken_log":46,"seed_played":"-9057472406083825848","neow_bonus_log":{"cardsObtained":[],"cardsUpgraded":[],"cardsRemoved":[],"cardsTransformed":[],"relicsObtained":["Coffee Dripper"],"maxHpGained":0,"goldGained":0,"damageTaken":0,"goldLost":0,"maxHpLost":0},"potions_obtained":[{"floor":4,"key":"Regen Potion"},{"floor":4,"key":"PowerPotion"},{"floor":7,"key":"DuplicationPotion"},{"floor":10,"key":"ColorlessPotion"},{"floor":11,"key":"FairyPotion"},{"floor":13,"key":"AttackPotion"},{"floor":14,"key":"SteroidPotion"},{"floor":16,"key":"Energy Potion"},{"floor":22,"key":"SkillPotion"},{"floor":31,"key":"Weak Potion"},{"floor":37,"key":"PowerPotion"},{"floor":45,"key":"SpeedPotion"},{"floor":48,"key":"DistilledChaos"},{"floor":55,"key":"Poison Potion"}],"is_trial":false,"path_per_floor":["M","M","$","?","?","R","E","M","T","M","E","R","E","M","R","B",null,"M","M","$","?","M","E","R","E","T","R","$","M","R","E","R","B",null,"M","M","M","M","M","E","M","E","T","R","?","E","T","M","R","B","B",null,"R","$","E","B",null],"character_chosen":"THE_SILENT","basemod:card_modifiers":[null,null,null,null,null,null,null,null,null,null,null,null,null,null,null,null,null,null,null,null,null,null,null,null,null,null,null,null,null,null,null,null,null,null,null,null,null,null,null],"items_purchased":["Blade Dance","Sucker Punch","Wraith Form v2","ClockworkSouvenir","SpeedPotion","SteroidPotion","Paper Crane","Anchor","Well Laid Plans","After Image"],"campfire_rested":0,"item_purchase_floors":[3,3,20,20,20,28,54,54,54,54],"current_hp_per_floor":[56,56,56,56,56,56,62,62,62,62,31,31,26,23,23,16,54,47,37,37,37,37,30,30,26,26,26,41,41,41,19,19,10,52,52,52,52,50,50,50,50,50,50,50,50,50,50,55,55,60,58,64,64,66,66,49],"gold":72,"neow_bonus":"BOSS_RELIC","is_prod":false,"is_daily":false,"rewards_skipped":[{"floor":4,"relics":[],"potions":["Energy Potion"]},{"floor":11,"relics":["Bottled Flame"],"potions":[]},{"floor":38,"relics":[],"potions":["LiquidBronze"]}],"chose_seed":false,"campfire_upgraded":7,"win_rate":0,"floor_exit_playtime":[73,101,145,152,166,175,261,309,312,376,446,462,542,600,609,673,692,791,833,866,871,995,1221,1235,1332,1336,1341,1353,1412,1423,1534,1545,1833,1909,2109,2146,2247,2376,2442,2574,2697,2782,2785,2789,2953,3145,3151,3237,3239,3444,3745,3756,3759,3859,4077,4355],"timestamp":1709061211,"blue_key_relic_skipped_log":{"floor":43,"relicID":"Letter Opener"},"path_taken":["M","M","$","?","?","R","E","?","T","M","E","R","E","M","R","BOSS","M","M","$","?","M","E","R","E","T","R","?","M","R","E","R","BOSS","M","M","M","M","M","E","M","E","T","R","?","E","?","M","R","BOSS","BOSS","R","$","E","BOSS"],"build_version":"2022-12-18","purchased_purges":0,"victory":true,"max_hp_per_floor":[66,66,66,66,66,66,66,66,66,66,66,66,66,66,66,66,66,66,66,66,66,66,66,66,66,66,66,66,66,66,66,66,66,66,66,66,66,66,66,66,66,66,66,66,66,66,66,66,66,66,66,66,66,66,66,66],"relic_stats":{"Calipers":[56],"Happy Flower":[20],"counters":[32,206],"CeramicFish":180,"Pen Nib":[40],"The Courier":142,"Ancient Tea Set":[14],"Question Card":6,"White Beast Statue":[0.0,0.0,0.0,1.0,0.0,0.0,0.0,0.0,0.0,0.0,0.0,0.0],"Lizard Tail":0,"Dream Catcher":0,"Ornamental Fan":[332],"Mummified Hand":[4],"MealTicket":17,"Black Star":7,"Art of War":[24],"obtain_stats":[{"Calipers":42,"CeramicFish":13,"Vajra":46,"Ancient Tea Set":23,"ClockworkSouvenir":20,"Lizard Tail":9,"Dream Catcher":40,"Mummified Hand":55,"MealTicket":26,"Fusion Hammer":34,"Toxic Egg 2":31,"Ring of the Snake":0,"Potion Belt":7,"Happy Flower":42,"Oddly Smooth Stone":25,"Pen Nib":25,"The Courier":47,"Paper Crane":54,"Question Card":40,"White Beast Statue":55,"Anchor":54,"Ornamental Fan":31,"Coffee Dripper":0,"Black Star":17,"Art of War":23,"Unceasing Top":45,"Toy Ornithopter":46},{"Calipers":25,"CeramicFish":7,"Vajra":27,"Ancient Tea Set":13,"ClockworkSouvenir":11,"Lizard Tail":4,"Dream Catcher":23,"Mummified Hand":31,"MealTicket":14,"Fusion Hammer":17,"Toxic Egg 2":16,"Ring of the Snake":0,"Potion Belt":3,"Happy Flower":25,"Oddly Smooth Stone":14,"Pen Nib":14,"The Courier":27,"Paper Crane":30,"Question Card":23,"White Beast Statue":31,"Anchor":30,"Ornamental Fan":16,"Coffee Dripper":0,"Black Star":9,"Art of War":13,"Unceasing Top":26,"Toy Ornithopter":27},{"Calipers":145,"CeramicFish":40,"Vajra":164,"Ancient Tea Set":76,"ClockworkSouvenir":60,"Lizard Tail":24,"Dream Catcher":136,"Mummified Hand":195,"MealTicket":82,"Fusion Hammer":106,"Toxic Egg 2":96,"Ring of the Snake":0,"Potion Belt":20,"Happy Flower":145,"Oddly Smooth Stone":82,"Pen Nib":82,"The Courier":164,"Paper Crane":189,"Question Card":136,"White Beast Statue":195,"Anchor":189,"Ornamental Fan":96,"Coffee Dripper":0,"Black Star":49,"Art of War":76,"Unceasing Top":156,"Toy Ornithopter":164}],"Unceasing Top":[0],"Toy Ornithopter":35},"card_choices":[{"not_picked":["Poisoned Stab","Prepared"],"picked":"Dagger Throw","floor":1},{"not_picked":["Poisoned Stab","Sucker Punch"],"picked":"Backflip","floor":2},{"not_picked":["Masterful Stab","Dodge and Roll"],"picked":"Phantasmal Killer","floor":7},{"not_picked":["Dagger Spray","Dagger Throw"],"picked":"Acrobatics","floor":8},{"not_picked":["Deadly Poison","Distraction"],"picked":"PiercingWail","floor":13},{"not_picked":["Sucker Punch","Poisoned Stab","Prepared"],"picked":"SKIP","floor":14},{"not_picked":["Malaise","Die Die Die"],"picked":"After Image","floor":16},{"not_picked":["Slice","All Out Attack"],"picked":"Dash","floor":18},{"not_picked":["Sucker Punch","Dodge and Roll","Distraction"],"picked":"SKIP","floor":19},{"not_picked":["Deflect","Endless Agony","Setup"],"picked":"SKIP","floor":22},{"not_picked":["Sucker Punch","Footwork"],"picked":"Blade Dance","floor":23},{"not_picked":["Catalyst+1","Flying Knee"],"picked":"Acrobatics","floor":29},{"not_picked":["Backstab","Underhanded Strike"],"picked":"Prepared+1","floor":31},{"not_picked":["A Thousand Cuts","Wraith Form v2"],"picked":"Venomology+1","floor":33},{"not_picked":["Flying Knee","Eviscerate","Sucker Punch"],"picked":"SKIP","floor":35},{"not_picked":["Deadly Poison+1","Dagger Spray+1"],"picked":"Acrobatics+1","floor":36},{"not_picked":["Slice","Calculated Gamble+1"],"picked":"Well Laid Plans+1","floor":37},{"not_picked":["Backstab+1","Deflect+1"],"picked":"Underhanded Strike+1","floor":38},{"not_picked":["Concentrate+1","Caltrops+1","Outmaneuver+1"],"picked":"SKIP","floor":39},{"not_picked":["Deadly Poison+1","Flechettes+1"],"picked":"Accuracy","floor":40},{"not_picked":["Noxious Fumes","Infinite Blades+1","Accuracy"],"picked":"PiercingWail+1","floor":41},{"not_picked":["Prepared+1","Caltrops","Backstab"],"picked":"Corpse Explosion+1","floor":42},{"not_picked":["Dash+1","Flying Knee+1","Setup+1"],"picked":"Acrobatics+1","floor":45},{"not_picked":["Eviscerate","Well Laid Plans","PiercingWail+1"],"picked":"Adrenaline+1","floor":46},{"not_picked":["Backflip+1","Sucker Punch+1","PiercingWail+1"],"picked":"Terror+1","floor":48},{"not_picked":["PiercingWail+1","Endless Agony+1","Bane"],"picked":"Leg Sweep+1","floor":55}],"player_experience":6368036,"relics_obtained":[{"floor":7,"key":"Potion Belt"},{"floor":9,"key":"Lizard Tail"},{"floor":13,"key":"CeramicFish"},{"floor":23,"key":"Ancient Tea Set"},{"floor":23,"key":"Art of War"},{"floor":25,"key":"Oddly Smooth Stone"},{"floor":25,"key":"Pen Nib"},{"floor":26,"key":"MealTicket"},{"floor":31,"key":"Ornamental Fan"},{"floor":31,"key":"Toxic Egg 2"},{"floor":40,"key":"Dream Catcher"},{"floor":40,"key":"Question Card"},{"floor":42,"key":"Calipers"},{"floor":42,"key":"Happy Flower"},{"floor":45,"key":"Unceasing Top"},{"floor":46,"key":"Toy Ornithopter"},{"floor":46,"key":"Vajra"},{"floor":47,"key":"The Courier"},{"floor":55,"key":"White Beast Statue"},{"floor":55,"key":"Mummified Hand"}],"event_choices":[{"damage_healed":0,"gold_gain":0,"player_choice":"Bought 3 Potions","damage_taken":0,"max_hp_gain":0,"max_hp_loss":0,"event_name":"The Woman in Blue","floor":4,"gold_loss":0},{"damage_healed":0,"gold_gain":100,"player_choice":"Gold","damage_taken":0,"max_hp_gain":0,"max_hp_loss":0,"event_name":"Wheel of Change","floor":5,"gold_loss":0},{"damage_healed":0,"gold_gain":0,"player_choice":"Simplicity","damage_taken":0,"max_hp_gain":0,"max_hp_loss":0,"event_name":"Back to Basics","floor":21,"gold_loss":0,"cards_upgraded":["Strike_G","Strike_G","Strike_G","Strike_G","Strike_G","Defend_G","Defend_G","Defend_G","Defend_G","Defend_G"]},{"damage_healed":0,"gold_gain":0,"player_choice":"Fight","damage_taken":0,"max_hp_gain":0,"max_hp_loss":0,"event_name":"MindBloom","floor":45,"gold_loss":0}],"is_beta":false,"boss_relics":[{"not_picked":["Busted Crown","Tiny House"],"picked":"Black Star"},{"not_picked":["WristBlade","SlaversCollar"],"picked":"Fusion Hammer"}],"items_purged_floors":[],"is_endless":false,"potions_floor_spawned":[7,10,11,13,14,16,22,31,37,38,45,48,55],"ascension_level":20,"potion_discard_per_floor":[[],[],[],[],[],[],[],[],[],[],[],[],[],["AttackPotion"],[],[],[],[],[],[],[],["Energy Potion"],[],[],[],[],[],[],[],[],[],[],[],[],[],[],["BlessingOfTheForge"],[],[],[],[],[],[],[],["Dexterity Potion"],[],[],[],[],[],[],[],[],[],["FearPotion"],[],[]]}